,Quarter end,Assets,Current Assets,Liabilities,Current Liabilities,Shareholders equity,Revenue,Earnings,Earnings available for common stockholders,EPS basic,EPS diluted,Cash from operating activities,Cash from investing activities,Cash from financing activities,Cash change during period,Cash at end of period,Price,ROE,ROA,Book value of equity per share,P/B ratio,P/E ratio,Cumulative dividends per share,Equity to assets ratio,Net margin,Asset turnover,Current ratio
0,2000-03-31,0.026076087040146637,0.01660832650629329,0.052640975580615416,0.07733955525771674,-0.01177161063134069,0.19057495863522167,4.247074122236671,4.247074122236671,3.727272727272728,3.727272727272728,2.124111073484592,1.9384187953497156,1.0268050151318633,-1.2800446286260758,-0.17389152810768016,0.06034482758620685,-0.0576131687242798,-1.0012866085493488,-0.015444015444015413,0.03684210526315801,-0.4144977168949772,inf,-0.037008281573498995,-0.036568147293711266,0.024999999999999908,-0.056277056277056266
1,2000-06-30,0.026076087040146637,0.01660832650629329,0.052640975580615416,0.07733955525771674,-0.01177161063134069,0.19057495863522167,4.247074122236671,4.247074122236671,3.727272727272728,3.727272727272728,2.124111073484592,1.9384187953497156,1.0268050151318633,-1.2800446286260758,-0.17389152810768016,0.06034482758620685,-0.0576131687242798,-1.0012866085493488,-0.015444015444015413,0.03684210526315801,-0.4144977168949772,inf,-0.037008281573498995,-0.036568147293711266,0.024999999999999908,-0.056277056277056266
2,2000-09-30,0.033603168408104615,0.3589652014652014,0.064902359481942,0.10511164295494456,-0.01893569816571361,0.014127056401322504,-1.000060435475305,-1.0604354753053638,-1.0576923076923077,-1.0576923076923077,-0.33859050096652393,-0.4324557538371153,0.7731926776295377,-38.70062606715993,7.935785312088175,0.023373983739837456,-0.0576131687242798,-1.0012866085493488,-0.02156862745098032,0.03684210526315801,-0.4144977168949772,inf,-0.050792797635044296,-0.036568147293711266,0.024999999999999908,0.2295992274263641
3,2000-12-31,0.015244535669342254,-0.20259570482280875,0.02442473310050341,0.07786426693574411,-0.0006648123985890653,0.036711396032530035,19681.758055067367,19681.758055067367,1.666666666666667,1.666666666666667,0.30895086176285824,0.93759906835312,-0.9567038495188102,-2.032412439613527,-0.9168755949428185,-0.013902681231380387,-0.0576131687242798,-1.0012866085493488,-0.010020040080160329,0.01015228426395942,-0.4144977168949772,inf,-0.015571913929784853,-0.036568147293711266,0.024999999999999908,-0.260161005301394
4,2001-03-31,0.029693549988417226,0.1694779184342623,0.0302895054353578,-0.013523195129484522,0.0015976929184451374,0.06924108218847924,-0.999904787325422,-0.999904787325422,-0.25,-0.25,-0.5012937690413588,-0.2883700352271399,15.89669108360697,-1.0541477181335634,0.5972580645161291,0.10775427995971798,-0.0576131687242798,-1.0012866085493488,0.0,0.12060301507537695,-0.4144977168949772,inf,-0.02732240437158473,-0.036568147293711266,0.024999999999999908,0.18550955414012726
5,2001-06-30,0.031180539171250743,0.15918895287920276,0.051713087838461964,0.10088571557684478,-0.0037346034008867157,0.033149949634054376,-4.0465770553297915,-4.0465770553297915,-4.0,-4.0,0.6280597514540358,-0.35840889629203865,-0.3889885490477472,6.273561976775588,2.7197818842774915,0.06545454545454543,-0.0576131687242798,-1.0012866085493488,-0.010121457489878694,0.06278026905829592,-0.4144977168949772,inf,-0.034003548196333555,-0.036568147293711266,0.024999999999999908,0.052943810163420764
6,2001-09-30,0.010787949967203005,0.10687948435035756,0.035413467177675566,0.02535030390458015,-0.035715795624172715,-0.005662487130711047,1.340344756823312,1.340344756823312,1.2777777777777777,1.2777777777777777,0.16605412629468752,0.04408081177438517,-0.1913243461453772,-0.1348852751169526,0.6325433667236746,0.07081911262798646,-0.0576131687242798,-1.0012866085493488,-0.03885480572597122,0.0843881856540083,-0.4144977168949772,inf,-0.045913682277318735,-0.03203192724774706,0.0,0.07951525459764007
7,2001-12-31,0.002109053371769809,-0.1290010109002644,0.005673151246623265,0.026599410363532968,-0.004014479556619821,0.036047217260425146,-0.3554737165154106,-0.3554737165154106,-0.5853658536585366,-0.5853658536585366,0.16224377341855845,0.4199208489475712,-1.1790760294073157,-2.664263336337497,-0.6448335495028101,-0.01195219123505975,-0.0576131687242798,-1.0012866085493488,-0.00638297872340432,0.02723735408560324,-0.4144977168949772,inf,-0.006095604748155181,0.0,0.024390243902439046,-0.15155096011816838
8,2002-03-31,0.005887955757986507,0.008635154226893427,0.012679092177000141,0.029664994470890663,0.0072949199680798485,0.03637482750747045,-1.4164342561730494,-1.4164342561730494,-1.4117647058823528,-1.4117647058823528,-0.027725626291934532,-0.17625730705670528,-1.8944078391620205,-0.7436757007658785,-0.4653775925839224,0.11129032258064496,-0.0576131687242798,-0.07692307692307687,0.0021413276231263545,0.11742424242424244,-0.4144977168949772,inf,0.0012911555842478606,0.0,0.0,-0.020427112349117867
9,2002-06-30,0.01897596067777996,0.04872302780876181,0.014529291917547925,-0.03041181196724552,0.02551035272550428,0.03291408427768139,2.265109441359033,2.265109441359033,2.4285714285714284,2.2857142857142856,-0.08562679201856871,-0.2537054226427523,2.3502077823951644,-2.4724346076458747,1.2817234433838338,0.004354136429608246,-0.7227074235807859,-0.7222222222222222,0.02564102564102577,0.0033898305084745233,-0.4144977168949772,inf,0.006447453255963964,0.0,0.023809523809523725,0.0816350710900473
10,2002-09-30,0.03442391757472873,-0.018420545922998688,0.040337858890928224,0.030380813410078256,0.01886279103309918,0.015778068361325115,-0.2147180949522237,-0.2147180949522237,-0.2083333333333333,-0.21739130434782614,0.5849314191855628,-0.019920558497833363,-2.343482183130356,-0.8946433451762776,0.059182498560736985,-0.1329479768786127,-3.3543307086614176,-3.325,0.01666666666666661,-0.15540540540540534,-0.4144977168949772,inf,-0.015054452274183115,-0.9992767900291648,0.0,-0.047431263007996494
11,2002-12-31,0.06543442113129494,0.14285002584365514,0.09001062235635926,0.15882763886858053,0.013309010339417338,0.07501422741341067,0.05013696884755059,0.05013696884755059,0.0,0.11111111111111116,0.11036339165545096,0.683758059564016,-2.1707235185496057,17.608949416342412,1.039786933362322,0.005833333333333357,1.117056856187291,1.0752688172043017,0.010245901639344137,-0.0119999999999999,-0.4144977168949772,inf,-0.048780487804878085,1.0654205607476641,0.023255813953488413,-0.013799448022079108
12,2003-03-31,0.01182887061602056,-0.07571109415867483,0.000519413472011454,-0.07248540758291623,0.03339221324618125,-0.004045408221039493,0.2911914583838875,0.2911914583838875,0.3157894736842106,0.25,-0.5572848484848485,-0.2207269632871384,-1.5506882707198164,-2.4884474647151067,-0.7587401406949478,0.28417564208782103,0.23222748815165886,0.2227979274611398,0.032454361054766734,0.2712550607287449,-0.4144977168949772,inf,0.0211965811965813,0.22398190045248856,0.0,-0.003381529850746245
13,2003-06-30,0.06343017617708879,0.43471647835968064,0.08152670534250682,0.06571505588991823,0.0257514246035484,0.021201724789730925,-0.05407818079308402,-0.05407818079308402,-0.040000000000000036,-0.07999999999999996,1.5772916438506188,0.02549022666645873,-9.833680510350217,-4.846362763690851,12.096458287313158,0.10774193548387112,-0.02051282051282055,-0.0423728813559322,0.025540275049115824,0.0732484076433122,-0.12419574965880288,inf,-0.035487110813525284,-0.02402957486136792,-0.02272727272727271,0.34620334620334625
14,2003-09-30,0.07575078066230079,-0.1861631421180986,0.09924615545098314,0.1184324367769356,0.02076169480288681,0.06259359256269659,-0.2651865097104257,-0.2651865097104257,-0.29166666666666663,-0.26086956521739124,-0.4373705289324679,5.090573041057548,0.4199759769496621,-1.9393542810533104,-0.8676284556090924,-0.04834012813046018,-0.035340314136125595,-0.061946902654867235,0.01915708812260553,-0.07121661721068251,-0.04830810329474622,inf,-0.05102395001735527,-0.04734848484848486,-0.023255813953488413,-0.27237962802016336
15,2003-12-31,0.04079591586240139,0.19051141326574395,0.03977119135880658,0.2359181275178281,0.042807257788428636,0.07002341797683354,0.9214546437745031,0.9214546437745031,0.9411764705882352,0.9411764705882352,0.9839507571466336,-0.8590874577896777,-0.9895274916318536,-1.3313849882386486,2.17206082229018,0.018971848225214142,0.1302578018995928,0.10849056603773576,0.03759398496240585,0.0,0.030877192982456062,inf,0.001828822238478356,0.12127236580516908,0.0,-0.03666985188724325
16,2004-03-31,0.030006944838761877,-0.0887881878693676,0.05332448549196411,-0.25514882555643914,0.03229391978718965,0.062258562021102026,-0.1909871244635193,-0.1909871244635193,-0.18181818181818174,-0.21212121212121213,-0.6040124103013115,2.7820199227197,61.78989098116948,-1.8546314945540583,-0.5852068074394441,0.13273273273273278,-0.010804321728691502,-0.029787234042553123,0.030797101449275614,0.09265175718849837,-0.017472203312911327,inf,0.0021905805038335835,-0.03368794326241131,0.0,0.2233106013639181
17,2004-06-30,0.01446734993161436,0.07371216070298248,0.009260393951643351,0.03437967801482267,0.02791803682364069,0.026474804227487825,-0.0060877505761620645,-0.0060877505761620645,-0.33333333333333337,-0.3461538461538461,1.1180782541818879,-0.6528161819153224,-1.033706889748244,-1.2065667543759295,0.2914326296081089,0.07317073170731693,0.0012135922330096527,-0.0043859649122807145,0.02636203866432329,0.040935672514619936,0.06235565819861444,inf,0.013479052823315074,-0.020183486238532056,0.023809523809523725,0.03800932495438869
18,2004-09-30,0.034262323983921934,0.03953514078203324,0.0361534217675743,0.04407109974651635,0.02991775600476632,0.03125210480231688,-0.192807455046594,-0.192807455046594,-0.2222222222222221,-0.17647058823529405,-0.1008408128992726,0.7841252699784018,-14.136501990166238,-0.5101905183872397,0.11053341998700206,0.056324110671936774,0.007272727272727098,0.008810572687224516,0.027397260273972712,0.0280898876404494,0.03021739130434775,inf,-0.004313443565780117,-0.0056179775280899005,0.0,-0.004296455424274925
19,2004-12-31,0.05614507820308368,0.04488061581058656,0.05987825891766629,0.09585077501663553,0.04587967004058835,0.04266431541593185,0.6198915989159892,0.6198915989159892,0.6428571428571428,0.7142857142857142,0.2163372958784482,0.5654394407118213,0.7471215199800378,-3.823609226594301,-0.2810389844242369,-0.003741814780168329,-0.0180505415162453,-0.017467248908296984,0.04166666666666674,-0.030054644808743206,-0.041358936484490405,inf,-0.00974729241877248,-0.024482109227871973,0.0,-0.04658232813572627
20,2005-03-31,0.01475400499776369,0.022288558008117357,0.011466082633034835,0.03418286084549238,0.030281445106058905,0.046936171900936914,-0.23214106467694984,-0.23214106467694984,-0.21739130434782614,-0.29166666666666663,-0.3420760491777767,-0.54339998356702,-0.7199257324736799,-0.7464360083293289,-0.09911714983407427,-0.0821596244131455,-0.03308823529411775,-0.026666666666666616,0.02719999999999989,-0.11830985915492953,-0.10763812458727716,inf,0.015311702515494074,-0.036679536679536606,0.023255813953488413,-0.01141740382637313
21,2005-06-30,0.007215063233013907,-0.0020026389550362733,-0.0010136750678734208,0.02418947893667589,0.028198249577050083,0.020973023856914352,0.10723778813891682,0.10723778813891682,0.05555555555555558,0.11764705882352945,1.0175513293594474,-0.17404282795778606,-2.774459095213812,-1.2340492735312698,0.025750625521267837,-0.003069053708440017,-0.005069708491761693,0.0,0.024922118380062308,-0.028753993610223568,0.0014800197335964604,inf,0.02082585278276472,-0.008016032064128155,0.0,-0.025595671626261533
22,2005-09-30,0.0026506154118914878,0.06758094105590096,-0.0077668598158553434,-0.03321928722402734,0.0283157870273536,0.028422298709569024,0.4316017316017315,0.4316017316017315,0.4736842105263159,0.42105263157894735,-0.3160441140838355,-0.183803457688808,-0.8048074554561129,18.531713900134953,0.4903276078192229,0.1621344279117496,0.14649681528662414,0.15981735159817356,0.025835866261398218,0.13157894736842102,0.13078817733990133,inf,0.025677101653183376,0.14747474747474754,0.02272727272727271,0.10421783235451154
23,2005-12-31,0.046930361186954934,0.015234898837047428,0.05313443295779341,0.12154228261919785,0.03217288850116984,0.02257100092692488,-0.27528383319130223,-0.27528383319130223,-0.2857142857142857,-0.22222222222222232,0.12352295842570805,2.1401698933848348,-12.801451256704176,-0.3489255855731361,0.21420777449420325,0.16688741721854305,-0.05888888888888887,-0.047244094488189,0.026666666666666616,0.13953488372093026,-0.007405793944674333,inf,-0.014060356652949356,-0.05809859154929585,0.0,-0.0947683976404603
24,2006-03-31,0.006549744657101897,0.016105224408482718,0.00014512657869403256,-0.07003256778762024,0.023297076406674225,0.04699872760539048,0.034518074574213964,0.034518074574213964,0.049999999999999815,-0.04761904761904756,-0.369394293851396,-0.4806438386303178,-0.7220638032436286,-2.152605327390428,-0.20334001085877973,0.06318577374195987,0.010625737898465104,0.02066115702479343,0.023088023088023046,0.033163265306122465,0.10116304586350666,inf,0.016695652173913222,0.007476635514018781,0.022222222222222143,0.09261831000961428
25,2006-06-30,0.033258938202847865,0.04706682555101915,0.02878221077107668,0.10658139234965124,0.043902887844861294,0.031776417218272845,0.3875261247387527,0.3875261247387527,0.3809523809523809,0.4000000000000001,0.8022678150908094,0.262196119963414,-0.4531580634818853,-0.8526839149249609,-0.03760105282947923,-0.10782918149466192,0.07359813084112155,0.08502024291497977,0.04090267983074747,-0.12592592592592589,-0.1387006775607812,inf,0.010263427984946949,0.07421150278293133,0.0,-0.05377395385217043
26,2006-09-30,0.02058438802222029,0.05143013181907618,0.017801312185621088,0.011444254399931795,0.027317517113588874,0.024145069880048498,-0.29673378785476456,-0.29673378785476456,-0.31034482758620685,-0.2857142857142857,-0.05599756571234238,-0.14039878564127595,-0.35535881801125707,-3.773125,0.10834635671029492,0.03948942959712798,-0.10446137105549512,-0.10074626865671643,0.0257452574525745,-0.0028248587570621764,-0.05784359093012492,inf,0.006434134778191769,-0.10535405872193436,0.021739130434782483,0.03957429220913422
27,2006-12-31,0.029763901460126082,0.09646744171415933,0.028345887597206017,0.036451655831193815,0.03304635255073718,0.02333238192777154,0.3953706835005448,0.3953706835005448,-0.10000000000000007,-0.05000000000000005,-0.09872013651877133,0.056499130373052216,1.1366984993178721,-1.0045075501464953,-0.0004406353962413956,0.08902532617037617,0.05710814094775207,0.06639004149377592,0.03038309114927329,0.06232294617563738,0.17460707269155207,inf,0.003364737550471064,0.05791505791505803,0.0,0.057847132491799964
28,2007-03-31,0.011557684478093131,-0.01784408602941501,0.0070559562722989355,0.04235203484867234,0.022041199454313487,0.03774361902324341,-0.06538306180153497,-0.06538306180153497,-0.05555555555555547,-0.10526315789473684,0.07255935287744443,-0.19738113036393726,-0.6238879666283574,-806.6,0.3551323590998259,-0.03030303030303028,0.02643678160919549,0.035019455252918164,0.019230769230769384,-0.05866666666666676,-0.10558227054150104,inf,0.010395707578806146,0.02737226277372273,0.0,-0.057784459269003226
29,2007-06-30,0.08426710964942985,0.06796067058922217,0.10302283095335807,-0.050363905392109,0.0408810280760612,0.05719575280785194,0.1251908836834068,0.1251908836834068,0.17647058823529416,0.11764705882352945,0.027784043544353487,2.5136512521060292,28.703259393390674,1.0781405163853028,0.5446072770449406,-0.018168604651162767,-0.021276595744680882,-0.02631578947368418,0.03899371069182389,-0.03682719546742208,-0.07106124357176248,inf,-0.04015930965814807,-0.02486678507992901,0.0,0.1246509772636617
30,2007-09-30,0.033145565574969726,0.05390890398085735,0.030097854644489438,0.04001309778413331,0.04017651814806023,0.04956564262310281,0.31450373860493697,0.31450373860493697,0.30000000000000004,0.3157894736842106,0.15571862058436234,-0.489860347092128,-0.8295231999024606,-1.1258250455455008,-0.04436418011035759,0.04811250925240573,0.13958810068649874,0.1351351351351351,0.03874092009685226,0.008823529411764675,0.04277805737292395,inf,0.006915629322268303,0.1311475409836067,0.0,0.013388898740911648
31,2007-12-31,0.06856267203642519,0.09448933120574088,0.07799037095036421,0.16459329270240294,0.04460040633094331,0.03586038274062342,-0.4545330580122337,-0.4545330580122337,-0.4615384615384615,-0.4,0.294318716612862,0.5414659777563711,2.1506157387747806,-9.273439354379304,0.3840839219402541,0.22387005649717492,-0.08935742971887539,-0.1020408163265306,0.04195804195804187,0.17784256559766765,0.04536679536679533,inf,-0.022664835164835195,-0.0966183574879228,0.0,-0.06019774258465305
32,2008-03-31,0.002957868368991923,0.04603743208867739,-0.004710909168830435,-0.1101926791584441,0.0217694122102754,0.03078812821440402,0.19574300917824367,0.19574300917824367,0.2142857142857142,0.06666666666666665,-0.537387410374831,-0.6200583267052986,-0.9233017422393734,-1.5216605462474182,-0.14476104038787652,-0.11540680900173104,-0.04299889746416763,-0.05303030303030298,0.021252796420581758,-0.150990099009901,-0.06879039704524459,inf,0.018973998594518537,-0.049910873440285115,0.0,0.17558886509635951
33,2008-06-30,0.028772421872863774,0.1103065711758231,0.027182417770709844,0.10905981902378524,0.03586782742931338,0.0259853426280785,0.07179977301236495,0.07179977301236495,0.0588235294117645,0.125,0.6148701755353623,0.2804936400972926,8.912782093969664,-6.267172633778803,0.8915419273160561,-0.07371167645140253,-0.054147465437787916,-0.05200000000000005,0.032858707557502635,-0.09329446064139946,-0.0612295488349035,inf,0.006896551724137946,-0.05253283302063783,0.0,0.0011087352498615477
34,2008-09-30,0.01983280608301929,0.13312163861345194,0.028856224524858694,0.03437893722671004,-0.0015134117964029634,0.020135083637139232,-0.6847238477400658,-0.6847238477400658,-0.6666666666666667,-0.6666666666666667,0.3728482136757976,-0.11610381926604076,-0.3735129738656615,0.20124669792112604,0.5661845401260845,-0.0566901408450704,-0.28745432399512794,-0.28691983122362874,-0.0021208907741251393,-0.08681672025723475,-0.044098230789543,inf,-0.02089041095890409,-0.28910891089108914,0.0,0.0954829522980778
35,2008-12-31,-0.042309874483517966,-0.09785456897348244,-0.039335406721594864,-0.0665161178886493,-0.04990128940386807,-0.0405220708419074,-0.8802368746685523,-0.8802368746685523,-1.0,-1.0,0.1607319454897156,0.0329751629381716,-2.45604289224812,-1.346588785452902,-0.1252937997259964,-0.16946621873833526,-0.24615384615384614,-0.24852071005917156,-0.05207226354941552,-0.16901408450704225,0.11740331491712695,inf,-0.008044770898915643,-0.25069637883008355,0.0,-0.033578856152512986
36,2009-03-31,-0.01766439814411347,-0.0025133348081508573,-0.02724959707954644,-0.0903019063949002,0.006554321658771346,-0.03881311000524879,20.253874538745386,20.253874538745386,inf,inf,-0.3168326912050756,-0.367731318849971,-0.4260785958308615,-0.8360084265436124,-0.02349031864065809,-0.04314606741573035,-0.054421768707482936,-0.055118110236220375,0.005605381165919354,0.01271186440677985,0.3159456118665016,inf,0.02468265162200289,-0.052044609665427566,0.0,0.09646566539639843
37,2009-06-30,0.0365013474119249,0.1423858602909014,0.021327560258315392,0.01967416639420949,0.0739222394406247,0.031357054576924386,2.0430917740199317,2.0430917740199317,2.071428571428571,2.071428571428571,-0.0524974116022966,-0.1400445013822399,-0.7447692033505614,-7.763266554519039,0.16269299675165816,0.2395490840770316,0.65947242206235,0.675,0.07023411371237454,0.2301255230125523,0.3047153860604923,inf,0.036132140399173895,0.6823529411764708,0.0,0.12034891645086555
38,2009-09-30,0.03611062744080762,0.07644526892998726,0.029909312967035806,0.06608734712332542,0.05091251504180927,0.02527653117577366,-0.5072228941783244,-0.5072228941783244,-0.5116279069767442,-0.5116279069767442,0.5364282816910737,0.3442841461502273,-2.96941554360729,2.0120293951384958,0.4214664489837243,0.1049640015157256,0.222543352601156,0.2437810945273633,0.04895833333333344,0.034013605442176915,-0.3334773218142549,inf,0.014280969777482609,0.2564102564102564,-0.021276595744680767,0.009732360097323369
39,2009-12-31,0.020966937434995003,0.011487333290472137,0.009758489361706646,0.12919942841065168,0.04550501721233435,0.01889303620805749,0.418376325661094,0.418376325661094,0.4761904761904763,0.4285714285714286,-0.01389016104612628,0.17137357830271216,-4.101155864416395,-1.0195710435637766,-0.005802837090968961,-0.13717421124828533,0.3132387706855793,0.34399999999999986,0.044687189672293785,-0.17763157894736847,-0.30308922013393824,inf,0.023903077930582658,0.3599257884972171,0.0,-0.10427710843373483
40,2010-03-31,-0.015796352007365733,-0.09996656829766593,-0.024427704001286358,-0.10900144099647237,0.003135242781655778,-0.003631296385641081,-0.5826231756293467,-0.5826231756293467,-0.5806451612903225,-0.6,-0.2833226788182777,1.3257648183556403,-0.8038644029040187,45.503260452627536,-0.2714258847972489,-0.024642289348171698,-0.054005400540054094,-0.03273809523809512,0.004752851711026684,-0.06799999999999995,-0.29572225666460017,inf,0.01918771985929002,-0.03137789904502064,0.0,0.010155356782567626
41,2010-06-30,-0.013590645881781828,0.032018952182059746,-0.012143267798756407,0.00790870481010697,-0.01654767197971929,0.004230488882249528,0.6151138230462332,0.6151138230462332,0.5384615384615385,0.6666666666666667,0.04394397981199538,-0.7558318775048813,2.615972019819295,-1.1241978322912711,0.046269152054870366,0.037489812550937314,-0.2283539486203615,-0.21846153846153848,-0.008514664143803197,0.03433476394849788,0.057218309859154985,1.166666666666667,-0.002823972387825391,-0.2225352112676056,0.0,0.02390146471371524
42,2010-09-30,-0.04455750300582395,-0.11608607631834801,-0.03251681015466423,0.021206861204127625,-0.07185204086704955,0.0035689050014684476,-4.724111207982176,-4.724111207982176,-4.8,-4.8,0.292169048644938,0.08705106621773284,3.4470112200154763,-11.38095238095238,-0.4590767712546148,-0.0985860172820111,-1.1516646115906288,-1.153543307086614,-0.06488549618320605,-0.09128630705394204,0.15112406328059946,0.4615384615384615,-0.028634361233480288,0.0,0.021739130434782483,-0.1344040574809806
43,2010-12-31,0.007066852382600519,0.06089623068338335,0.01113920504705379,0.14423568524263675,-0.002394239543309307,0.007799901351182027,-1.2147149099989596,-1.2147149099989596,-1.2105263157894737,-1.2236842105263157,0.017893273349987027,0.2924114344711879,-0.905059505468413,-1.4767571302445204,0.4046195696437589,-0.0117647058823529,1.1463414634146345,1.1282051282051282,-0.003061224489796066,0.0547945205479452,0.0,0.3157894736842106,-0.009394233884029712,0.0,0.021276595744680767,-0.07286658653846156
44,2011-03-31,0.011617469529608515,-0.034663345899933466,0.002161064870975782,-0.05495979806628348,0.03253734319437385,0.013029398563165095,1.2248470531225393,1.2248470531225393,1.3125,1.176470588235294,-0.3373995025096611,0.23562673190703246,2.4559373806796487,-1.9242619431025227,-0.26624609092631035,0.2305996472663139,-0.8863636363636364,-0.891566265060241,0.02968270214943725,0.2380952380952379,0.0,0.72,0.0206017004578154,0.0,0.02083333333333326,0.021471398476746062
45,2011-06-30,-0.009181153558321055,0.05011181992574132,-0.021054380389886274,-0.011826270782613224,0.01689689885975776,-0.04514027090420725,2.439749523550232,2.439749523550232,2.3783783783783785,2.3513513513513518,0.036727921767766965,-3.924286046206221,2.6789340522146476,-2.1848394215691966,0.4299246115995934,0.19455392332497332,-35.266666666666666,-36.66666666666666,0.004970178926441139,0.1573426573426575,0.0,0.6046511627906976,0.026273630246715696,0.18840579710144945,0.0,0.06274292059966702
46,2011-09-30,-0.003003728610561862,0.17790652234477575,0.07569166097516655,-0.05473877493762458,-0.16910741398301332,0.012050245841793485,-0.8499113517278498,-0.8522344113596428,-0.848,-0.8467741935483871,0.35710475266731323,-1.1924809484658592,-1.3089067342575018,1.566630313576041,0.7716893126621079,-0.04829034193161375,0.9941634241245134,0.928348909657321,-0.09099901088031648,-0.051359516616314216,0.12513562386980115,0.3623188405797102,-0.1664064939119574,0.9359756097560974,0.0,0.24608150470219425
47,2011-12-31,-0.05478966173992317,-0.2742131985335845,0.023357423303807637,0.1250064596144902,-0.2699589644651725,-0.11825686908903454,-0.06333553065260378,-0.04860999517917408,-0.05263157894736848,-0.10526315789473684,0.21786052495220387,0.00970943484269271,-5.308474543315738,-2.437225179632857,-0.6260077899014097,-0.02237630003151592,0.10829268292682936,0.01938610662358653,-0.2078346028291621,0.07643312101910826,-0.49373191899710706,0.26595744680851063,-0.2277153558052435,0.042519685039370085,-0.020408163265306145,-0.3548367774782869
48,2012-03-31,0.007509032059216825,0.019190770408442196,0.006437640928497634,-0.08349528285219597,0.011180969873676228,0.09653660958491607,0.5758804155054471,0.5581454269065114,0.7777777777777779,0.8823529411764706,-0.633783255086072,0.19146818343405614,-0.9681930799189484,-0.9948444361766444,-0.008629653312574703,-0.023210831721469986,0.07042253521126751,-0.028526148969889142,0.01098901098901095,0.23076923076923084,-0.023492063492063453,0.2100840336134453,0.003394762366634385,-0.028700906344410918,0.0,0.11196731965462824
49,2012-06-30,9.693389863874023e-05,-0.043825154318835165,0.003958015027131667,0.003323309430179666,-0.015881824302009462,0.007591446996509044,-0.3048052876027153,-0.31246612466124657,-0.3125,-0.3125,0.833582607766679,1.4098788638262325,-2.5024829738933034,4.195231958762887,-0.04522331218836406,0.0,-0.4983552631578948,-0.5530179445350734,-0.019021739130434808,-0.00961538461538458,0.026007802340702213,0.1875,-0.01594973417109713,-0.5622083981337479,0.0,-0.04700676296234452
50,2012-09-30,0.03948654983595112,0.19618382456904196,0.03960439026084539,-0.010389048142370072,0.038397529547575804,-0.005371161912612221,0.3811701826965079,0.3877020102483249,0.4090909090909092,0.4090909090909092,-0.3551119397549998,-0.5993165737066589,5.450587846451674,-21.383604117574105,0.9654761205427952,0.0742574257425741,0.18442622950819665,0.0948905109489051,0.033240997229917024,0.09466019417475713,1.2921419518377697,0.1578947368421053,-0.0009823182711198306,0.10301953818827704,0.0,0.2087786928333626
51,2012-12-31,0.004861894169567282,-0.03929890129683,0.03329873022501961,0.17128582799971515,-0.10661671880790148,0.013823893065998405,-0.5128276683224497,-0.5172413793103448,-0.5161290322580645,-0.5483870967741935,0.4907224411894249,0.6516237678830763,-1.845209600562156,-1.5547084628817243,-0.2724824632452933,0.04761904761904767,-0.03737024221453278,-0.06333333333333335,-0.1890080428954424,0.013303769401330491,-0.07575338678462817,2.1818181818181817,-0.11061946902654862,-0.08051529790660228,0.0,-0.17974922084511125
52,2013-03-31,-0.009461433245380624,-0.022415954816559447,-0.004963152614248401,-0.06671617200009282,-0.030797298366654458,-0.015077781894268337,-0.215840525471626,-0.2395857848905625,-0.3333333333333333,-0.2857142857142857,-0.19238024530488865,-0.059820585016323265,-0.8779942842296701,-0.8528431028431028,-0.05511574882402481,-0.0011730205278591699,-0.1854780733285406,-0.2099644128113879,-0.033057851239669415,0.2319474835886213,0.029015854023332288,0.042857142857142934,-0.021558872305141086,-0.2084063047285465,0.0,0.04745073782804643
53,2013-06-30,0.005817394866453496,0.044795112751913724,0.013767037136397377,0.27036816019361143,-0.03075846414039685,0.010294084181245557,0.3363202493425539,0.3702672031362839,0.4000000000000001,0.4000000000000001,0.00648187233244224,0.15319178572849926,-3.910704145371948,-3.1516845557543234,0.12550924134452754,-0.03669994128009391,-0.052956751985878125,-0.09009009009009017,-0.03418803418803407,-0.003552397868561208,0.2386627906976744,0.04109589041095885,-0.03672316384180774,-0.08628318584070782,0.0,-0.1775771891344694
54,2013-09-30,0.007255140202111486,-0.09895390169238094,0.012846671042188174,-0.2278118228207936,-0.019951438201269545,0.001216343522970842,-0.8193513119533528,-0.8476509561812979,-0.8571428571428572,-0.8571428571428572,0.12474835967790045,0.12375652474008893,-2.8710188752865435,-4.0081061419614095,-0.3354438203549327,-0.1670222493142336,-0.36067101584342975,-0.3811881188118811,-0.019469026548672663,-0.13725490196078438,-0.0704060079793476,0.039473684210526334,-0.026979472140762573,-0.3946731234866828,0.0,0.16688891168324949
55,2013-12-31,0.042663442817875374,-0.009412421297897657,0.05397982486197428,0.1576354858177429,-0.010750717847967328,0.01706238031652685,8.655235021182166,10.679021497405486,11.5,11.5,0.4332330690000912,1.2343741602622669,-1.8911147895676652,-0.4068635918696378,-0.2993937139236533,0.02122210025612881,0.31924198250728875,0.2559999999999998,-0.01263537906137191,0.04132231404958686,0.7614238828578641,0.03797468354430378,-0.05123568414707647,0.2839999999999998,-0.02083333333333337,-0.14433895921237686
56,2014-03-31,0.008058313498937597,0.057863747808232,0.010772682371995357,-0.09514222172638752,-0.004315703240023727,0.0020740840979946995,-0.12018135851737323,-0.11843859092351637,-0.12,-0.12,-0.6783087810180153,-0.557072416459067,0.7674530854627097,-1.9587418697213863,0.4097041302291622,0.007524184879971418,0.2497237569060775,0.19745222929936326,-0.007312614259597837,0.019841269841269767,-0.209688978070804,0.03658536585365857,-0.012071156289707785,0.2211838006230531,0.0,0.16909800698582278
57,2014-06-30,0.004250578197621868,-0.02507115526174297,-0.03845355432621933,0.039013654433369904,0.2352443091699605,0.0217704635345386,5.46835593341091,5.519235846113231,5.409090909090909,5.363636363636363,1.5154112974245608,-0.17915021372660067,-1.5049032183318303,-1.49742810854597,-0.14456817298977076,0.10170697012802266,1.9062776304155613,1.952127659574468,0.2283609576427257,0.1108949416342413,-0.1082698585418933,0.03660130718954235,0.2302250803858521,2.017857142857143,0.0,-0.06168717047451655
58,2014-09-30,-0.014667139016297237,0.014039307568638693,0.1343704475232872,0.7725339023275828,-0.6461768370551224,-0.005331100074724371,-0.9968499427262314,-0.9997570286816596,-1.0,-1.0,-0.24084738496713345,-0.0872412815423873,-1.5737559824296858,-2.5733013068436272,0.26588827807324744,0.10200129115558433,0.1445086705202312,-0.021621621621621626,-0.6476761619190405,-0.10332749562171628,-0.6327028676021965,0.5157629255989913,-0.6408782017773131,-0.019442096365173245,0.0,-0.4278891178123244
59,2014-12-31,-0.009944790342988785,-0.06008586767938096,-0.07591417089920582,-0.4639731516078253,0.8789109467014209,-0.006029153043898172,14.62121212121212,192.16666666666663,inf,inf,0.6103001383516391,0.5395272264156805,-3.141804262126493,-2.5022641997671107,-0.3155368828401852,0.047451669595782064,-0.048112706007442885,-0.09208103130755074,0.7361702127659575,1.97265625,0.058693244739756574,0.060732113144758675,0.8966521106259098,-0.09827586206896556,0.0,0.7534784743820591
60,2015-03-31,-0.03027057039039982,-0.032957800808308464,-0.014987578913501887,-0.15921474059687002,-0.13253849163022347,-0.036880220263297965,2.1141535477131987,2.2234685073339087,2.333333333333333,2.166666666666667,-0.9677841679524946,-0.4876451044483005,-1.9184672428510456,-0.890999913874774,-0.0502489418976757,0.07829977628635354,0.08768500418877423,0.012170385395537496,-0.13480392156862753,-0.3791064388961893,0.20031380753138064,0.03764705882352937,-0.10514198004604758,0.004780114722753304,0.0,0.1501120238984317
61,2015-06-30,0.008023757214601357,-0.014362127073161647,0.015209390926226972,0.044151924601329114,-0.04586090152183131,0.01394394129878318,0.2939217518388077,0.29769320615145034,0.25,0.3157894736842106,30.608490566037737,-0.02294565502756629,-2.5150661458257697,-0.6038242730720607,-0.020960662179674742,-0.099585062240664,-0.6015404364569962,-0.6613226452905812,-0.048158640226628864,0.04126984126984135,-0.08322440087145966,0.035525321239606944,-0.05317324185248706,-0.6679352997145576,0.0,-0.05600649350649345
62,2015-09-30,0.0384962297843996,0.4042072555208653,0.06134586074684512,0.21092224135294854,-0.1433195021917727,-0.01738108337918276,-0.5645564463865795,-0.5666604162760173,-0.56,-0.56,-0.19439693271957115,0.0642599957007739,-4.076802898439597,-150.90067810131632,3.209286238876838,-0.15408986175115202,0.152061855670103,0.2071005917159765,-0.1428571428571429,-0.11178861788617878,1.7918250950570345,0.0350364963503651,-0.17572463768115942,0.2292263610315186,0.0,0.1595872742906277
63,2015-12-31,-0.04786259663301362,-0.3015440878353625,-0.037696413828326884,-0.07570019884120915,-0.16199333337725053,0.00790056380930948,-0.7474167623421355,-0.7531371700562527,-0.8181818181818181,-0.7272727272727273,0.5792942282892908,1.4358896673609798,-2.227538791747272,-1.9699761309842176,-0.7395389319110001,-0.006809669731018042,0.0738255033557047,-0.0490196078431373,-0.1631944444444443,0.15903890160183076,-0.18590398365679264,0.03385049365303239,-0.11978021978021967,-0.04428904428904423,0.0,-0.2443274506896041
64,2016-03-31,0.011293759143839788,-0.030324788556402082,0.013601042944153095,-0.1108749855968716,-0.024453611245949136,-0.002308529598220144,9.612962962962962,10.00333041191937,14.0,9.0,-0.6340513838449913,-0.4440217870117487,-1.0488794597653603,-0.9713704124350512,-0.08128928735560559,-0.009598902982516309,0.3005208333333333,0.17010309278350522,-0.029045643153527086,0.1836130306021717,0.04161438728565448,0.03206002728512969,-0.03495630461922605,0.1756097560975609,0.0,0.09057011088215106
65,2016-06-30,0.5167526196575094,0.549917297354477,0.27009226144329124,0.3120082619343134,3.4743834584345628,0.17724759887570096,-1.2083247410415443,-1.2225125051773027,-1.2,-1.2,0.5487561330407555,1.7523233377764935,14.247287264420333,-12.407052510540435,1.0093179024121413,0.24541363793700224,-0.6756107328794554,-0.5198237885462555,2.606837606837607,0.2827356130108425,0.046777755470788884,0.034368803701255723,1.9495472186287195,-0.4854771784232366,-0.08510638297872343,0.1813928378621561
66,2016-09-30,0.01682179361699454,0.13802942522317108,0.03464138340317513,0.04276655781041083,-0.04339430230856678,0.06684484717362871,-1.5939237036473006,-1.5068728522336765,-1.5,-1.5,0.7180495415180845,-0.6458621203500501,-0.5627932633700856,0.8576240717717818,0.933119258699771,0.06892718176764889,-0.4320987654320988,-0.27522935779816504,-0.04502369668246431,-0.7035110533159948,0.9411200613732258,0.03067092651757175,-0.059210526315789484,-0.2540322580645161,-0.046511627906976834,0.0913175932977912
67,2016-12-31,-0.04221297787886336,-0.24209369192300897,-0.03342892314326529,0.02200137301067251,-0.08855208728978725,-0.009152310828555166,5.349358974358975,5.912146892655366,5.333333333333334,5.0,-0.4380009451357938,-0.723899509405453,-3.460817146684528,-2.002283631562049,-0.4838036531275102,-0.11258450338013516,0.34565217391304337,0.5316455696202529,-0.08933002481389585,-0.07236842105263143,0.12409840924809812,0.032858028518288895,-0.048484848484848464,0.6162162162162164,-0.02439024390243893,-0.2584269662921349
68,2017-03-31,0.019535986844879227,0.0778072613516505,0.0274327083482313,0.35536717063666856,-0.017465106707970413,0.0050128827768993744,0.18136294800605746,0.18772732845641427,0.1578947368421053,0.22222222222222232,0.0044021994509615405,2.612725572373662,-1.1160322062007064,-1.266842323726336,0.25009725816545725,0.025783767946088387,-0.20840064620355406,-0.12396694214876025,-0.019073569482288773,0.12765957446808485,-0.3161641909114881,0.033013205282112816,-0.03625673689367948,-0.09364548494983282,-0.05000000000000005,-0.204780726519857
69,2017-06-30,0.014739146500658553,0.006039359706066172,0.024446010752816605,0.03957576795827045,-0.02466830466830472,0.011641579931748192,0.3865349445365511,0.352774193548387,0.3636363636363635,0.3636363636363635,0.6238088593776931,0.11853925582198023,-3.6797774262178815,-1.077928445827134,-0.015590539461756037,-0.011139674378748963,1.0122448979591834,0.9150943396226414,-0.02500000000000013,0.008385744234800763,0.2026992287917737,0.03195816385822203,-0.038637519064565466,0.8892988929889301,0.02631578947368429,-0.032189349112425984
70,2017-09-30,0.045372076334939886,0.10145985159336446,0.055090228400144436,-0.16427235478493918,0.006035172120953503,0.01669288254654111,-0.7001553216143586,-0.6903853491033957,-0.7,-0.7,0.006833805095026291,1.2494021445653014,-2.049040164485068,-11.168583206769364,0.16104446788697646,0.062391681109185575,0.12677484787018267,0.07389162561576358,-0.004273504273504147,0.08939708939708946,-0.4615795661002458,0.03153153153153143,-0.037546271813855066,0.08203125,0.0,0.3179261433113232
71,2017-12-31,0.06943426738736802,0.4683630170814561,0.031019700295629393,0.0793625935089246,0.2305585252824336,0.026483413951686963,-0.11696267061338594,-0.06670774286301084,-0.11111111111111104,-0.11111111111111104,0.014593959596771013,-0.5577999550357999,3.8411181401847387,11.542151193803745,1.7396784714371119,0.06661228928765618,-0.16471647164716485,-0.1651376146788991,0.15164520743919896,0.07061068702290085,-0.014291385470424856,0.033842794759825434,0.15054945054945068,-0.13718411552346566,-0.02564102564102566,0.3603637038411578
72,2018-03-31,0.09348427080961864,-0.21814014659170444,0.12372843516222408,-0.07450985698852708,-0.01640566578945768,0.051675939610687616,1.1021462824153825,0.9666387923066766,1.0,1.0,-0.5469151257551992,12.460167001301198,0.9746705548707773,-1.8220437452046825,-0.5219925699390406,-0.12413968901351002,-0.1131465517241379,-0.1208791208791209,-0.018633540372670843,-0.2388591800356508,0.002819170358437484,0.03115100316789854,-0.10076408787010503,-0.09832635983263603,-0.02631578947368418,-0.1551630064111309
73,2018-06-30,-0.015470302960898354,-0.1839753212234724,0.0016331402840543685,0.03415018902378586,-0.0901901850074367,0.0176170167047498,1.0717354712969525,1.0902560200519202,1.0625,1.0625,2.2954853223833656,-0.769858362163671,-1.1892906586335272,-0.4737276700716876,-0.574698694436723,-0.021536670547147918,0.06075334143377886,0.02500000000000013,-0.09113924050632917,-0.0023419203747072626,0.07168674698795185,0.0296979006656426,-0.07594264471587897,0.058004640371229765,-0.027027027027027084,-0.210946960523129
74,2018-09-30,-0.0005557655961032637,-0.02279050480015821,0.01165672351460145,-0.0202269572846816,-0.05766413416733951,-0.0897058227432852,-0.28350598120650394,-0.28107836104538503,-0.303030303030303,-0.303030303030303,-0.2337843525173896,-0.4956743554650554,-0.8434629676298533,-1.0372946806711785,0.05039534092841347,0.04045211183819153,0.2210767468499426,0.1890243902439024,-0.0571030640668524,0.14319248826291098,-0.006932733745549924,0.02933863749378407,-0.05689655172413788,0.23026315789473675,-0.02777777777777779,-0.00266011868221816
75,2018-12-31,0.00391988154466616,-0.006464771068484088,0.0126661473782963,0.17262649196056934,-0.02746277716469514,0.1979555972541089,1.3697984274055175,1.3547685709179724,1.391304347826087,1.391304347826087,0.34510021019488435,-0.3431496384385841,6.497465232582037,-4.394242935470266,-0.16284728545701044,-0.06518010291595178,0.6754221388367732,0.5743589743589745,-0.028064992614475592,-0.008213552361396316,-0.2286792452830189,0.029468599033816382,-0.03107861060329065,0.5329768270944741,0.02857142857142869,-0.15264669675830944
76,2019-03-31,0.15500149465329227,0.001436950486460642,0.19799677166600335,0.03586230188736006,-0.06622456453205106,-0.08899922978443475,-0.8082742033985809,-0.8130446881442973,-0.8181818181818181,-0.8181818181818181,-0.6235860401407047,1.6134021917118029,-1.8577080696816992,-0.8754310210928521,-0.024231803486720827,0.05351681957186538,0.021276595744680767,-0.07166123778501632,-0.06838905775075987,0.08488612836438936,-0.3363502935420745,0.028625058657907317,-0.19182389937106914,-0.04418604651162783,-0.05555555555555547,-0.033292978208232404
77,2019-06-30,0.002309749547878992,0.0043418605612266506,0.011248846213247177,0.06709245986985968,-0.05773555886349958,0.012377320391739666,2.035629843688428,2.127126957816041,2.2,2.2,1.6708124407390639,-0.4908504355481866,-1.7917181574125367,-1.129925187032419,0.003226505651029665,-0.031640058055152465,0.05208333333333326,-0.042105263157894764,-0.0587275693311583,0.03816793893129766,0.01621820862513834,0.027828467153284686,-0.059922178988326864,-0.004866180048661794,-0.029411764705882363,-0.058735128365685625
