,Quarter end,Assets,Current Assets,Liabilities,Current Liabilities,Shareholders equity,Revenue,Earnings,Earnings available for common stockholders,EPS basic,EPS diluted,Cash from operating activities,Cash from investing activities,Cash from financing activities,Cash change during period,Cash at end of period,Price,ROE,ROA,Book value of equity per share,P/B ratio,P/E ratio,Cumulative dividends per share,Equity to assets ratio,Net margin,Asset turnover,Current ratio
0,1996-05-04,0.08822467345306806,0.11527352233589028,0.13171925940095974,0.0884028091580058,0.0379658131315388,0.0127177053503984,0.0775379696243006,0.0775379696243006,0.05263157894736836,0.11764705882352945,-0.3748819641170916,0.07968577390450471,0.20847727876694133,-3.8551165146909825,1.5382096069868996,0.0,-0.0009411764705882233,0.0703296703296703,0.03472222222222232,0.1079136690647482,0.23456790123456805,inf,-0.04613063160163822,-0.002421307506053294,-0.0045662100456620456,0.024700947646419055
1,1996-08-03,0.08822467345306806,0.11527352233589028,0.13171925940095974,0.0884028091580058,0.0379658131315388,0.0127177053503984,0.0775379696243006,0.0775379696243006,0.05263157894736836,0.11764705882352945,-0.3748819641170916,0.07968577390450471,0.20847727876694133,-3.8551165146909825,1.5382096069868996,0.0,-0.0009411764705882233,0.0703296703296703,0.03472222222222232,0.1079136690647482,0.23456790123456805,inf,-0.04613063160163822,-0.002421307506053294,-0.0045662100456620456,0.024700947646419055
2,1996-11-02,0.21334085876089093,0.3054369895377782,0.34192814024538265,0.2674837498756644,0.05133485577576602,0.260123304354422,0.4780820070137577,0.4780820070137577,0.4999999999999998,0.11764705882352945,-35.00377643504532,0.8987744707942067,1.7670368334249589,-1.9581263307310148,-0.5806451612903225,0.14749999999999994,-0.0009411764705882233,0.0703296703296703,0.05369127516778538,0.1079136690647482,0.23456790123456805,inf,-0.1335593220338983,-0.002421307506053294,-0.0045662100456620456,0.02991712148777048
3,1997-02-01,-0.0726273138585295,-0.22123742683792505,-0.1893680629163256,-0.1953739435442321,0.11510704550107208,0.4161527760127881,1.371309942054113,1.371309942054113,1.3333333333333337,0.11764705882352945,-4.259279003131872,-0.3233385223326548,-1.661776509763095,-3.576296296296296,3.5671794871794877,0.06318082788671031,-0.0009411764705882233,0.0703296703296703,0.1146496815286624,0.009740259740259605,0.23456790123456805,inf,0.2023995826812728,-0.002421307506053294,-0.0045662100456620456,-0.0321393523061827
4,1997-05-03,0.12910031414433545,0.20322342085914905,0.21073886300031572,0.1985929886904787,0.03366178974280687,-0.2909155741953614,-0.7054567844223814,-0.7054567844223814,-0.7,0.11764705882352945,-1.1603696434412822,0.12249592977985425,-1.9636732635219525,-1.9653536515238643,-0.7539860768021558,0.15368852459016402,-0.0009411764705882233,0.0703296703296703,0.03428571428571425,0.03536977491961424,0.23456790123456805,inf,-0.08438177874186559,-0.002421307506053294,-0.0045662100456620456,0.0038529784537388867
5,1997-08-02,0.031240777768484218,0.02173349842501815,0.02346305711960772,0.008133705523773127,0.041890856063863564,0.038947825898722366,0.3614449960804809,0.3614449960804809,0.3333333333333335,0.11764705882352945,-2.122556518782934,-0.3383572442062116,-0.8060239012050294,-1.002084884586746,0.006389776357827559,0.2522202486678509,-0.0009411764705882233,0.0703296703296703,-0.02209944751381221,0.21118012422360244,0.23456790123456805,inf,0.01018715944089088,-0.002421307506053294,-0.0045662100456620456,0.01353466996616337
6,1997-11-01,0.22966998492627644,0.4422762493158208,-0.022819775003901976,0.25201263379540273,0.5692907013674935,0.21450242572567424,0.5606736720886714,0.5606736720886714,0.4999999999999998,0.11764705882352945,-5.670237734706237,0.4767918414029737,11.302968007195167,439.07142857142856,2.7941043083900228,0.17730496453900724,-0.08478568064060288,0.0703296703296703,0.5649717514124293,0.20256410256410276,0.1140000000000001,inf,0.27626641651031897,0.03398058252427183,-0.022935779816513846,0.1519258557974985
7,1998-01-31,0.007873344500668233,-0.016159656631545727,-0.09224212191828884,-0.1978074957744821,0.0917271636855519,0.4223362405364139,1.2319990161716778,1.2319990161716778,1.238095238095238,0.11764705882352945,-1.56951097925735,-0.32882635773984314,-0.9627535142135054,4.80993345236163,4.278627779105904,0.03975903614457832,-0.0046320123520330325,0.0703296703296703,0.0902527075812274,-0.3347547974413646,-0.037701974865350096,inf,0.08324145534729888,0.08450704225352101,-0.009389671361502372,0.2264469244744356
8,1998-05-02,0.0368507909695559,0.03233133113642128,0.04722839237884968,0.09397220737199974,0.02962351615342551,-0.3091802992740822,-0.6301826496597702,-0.6301826496597702,-0.8191489361702128,0.11764705882352945,-0.7015940791346428,0.1968844655993076,-0.6898920510304221,-1.7433999161894118,-0.6025678766332284,0.1320973348783312,-0.06204756980351589,0.010266940451745477,0.0298013245033113,0.03846153846153855,-0.0149253731343284,inf,-0.006955046649703145,0.032467532467532534,-0.023696682464454888,-0.056325609282968266
9,1998-08-01,0.04140742368297423,0.02282860816281218,0.053394663262214204,0.10615966909944574,0.032916406426425134,0.019039151403962732,0.16761025029797372,0.16761025029797372,0.17647058823529416,0.11764705882352945,2.085900982543165,0.35426207118181097,0.15732368896925866,-0.9937241638481774,-0.00951512734317128,0.255885363357216,-0.058985667034178735,-0.002032520325203291,0.032154340836012985,0.2191358024691359,0.17376893939393925,inf,-0.008199521694567835,0.02515723270440251,-0.024271844660194275,-0.07534758558827925
10,1998-10-31,0.10356905775983184,0.14998832866479914,0.1903468734492668,0.20914351383972152,0.040882389147401284,0.17153280342459354,0.27625366849559785,0.27625366849559785,0.25,0.3157894736842106,-0.897077234578587,0.10995758312817007,25.77890625,-3.2335329341317367,0.02145651173492857,-0.0521597392013039,-0.0017574692442882125,-0.003054989816700604,0.04049844236760114,-0.08354430379746837,-0.09762000806776916,inf,-0.0568377540475371,0.006134969325153339,-0.00995024875621886,-0.048908649959579664
11,1999-01-30,0.003113332773772681,-0.04655590626300354,-0.11433571399121345,-0.09199217677246496,0.10013927023155578,0.4507282621046082,1.3510797840431912,1.3510797840431912,1.4,1.2000000000000002,19.778945787655804,0.2941608765366115,-1.8228695626805145,-40.94369973190349,-0.8390493889733626,0.2132416165090283,0.06983568075117375,0.07660878447395293,0.06886227544910173,0.16574585635359096,0.16808225301743396,inf,0.0967859751643536,0.060975609756097615,0.015075376884422063,0.050021249468763074
12,1999-05-01,0.1339779298019983,0.08260151281936645,-0.0420979263328316,-0.08820427582180301,0.2510786658513784,-0.2941278649573339,-0.5819884756862495,-0.5819884756862495,-0.5833333333333333,-0.5636363636363637,-1.421906957583817,0.9840070208042951,-5.4431227951995185,-1.0068460970534936,0.03568929321203629,0.24663359319631464,-0.04223806911684025,-0.004743833017077814,0.25210084033613445,0.16824644549763024,0.16073478760045926,inf,0.10323010323010308,0.019157088122605304,-0.02475247524752477,0.18731533573481207
13,1999-07-31,0.1486242928113053,0.2171356597645906,0.3739181733379593,0.24145569711531525,0.03390255772900508,0.0321305215236154,0.15041074289783565,0.15041074289783565,0.1200000000000001,0.12500000000000022,-0.4256226660728356,-0.12311030854335693,-0.1939267717572145,-1.0,0.0,0.028993746446844826,-0.032646048109965735,-0.02859866539561473,0.033557046979865834,-0.17849898580121706,-0.029673590504450956,inf,-0.0999094476305462,0.02067669172932329,-0.045685279187817285,-0.01956707005283786
14,1999-10-30,0.10764170875314072,0.10485494461462896,0.21090449965364602,0.4957156532002491,0.03776677191603728,0.17067428204061086,0.17202042756394675,0.17202042756394675,0.1785714285714286,0.18518518518518512,-5.142972175002238,-0.2503916820965675,-0.9975251812804712,inf,4.427702702702702,-0.02320441988950284,-0.0349319123741858,-0.037291462217860616,0.036796536796536834,-0.05432098765432092,-0.08290859667006456,inf,-0.06304493628437302,0.005524861878453136,-0.04787234042553179,-0.2613261013177568
15,2000-01-29,0.04346920173762237,-0.0008379220410786871,-0.0026233536082674873,-0.014524001105998831,0.07986225454079499,0.4615611918694516,1.2744180782434826,1.2744180782434826,1.2424242424242422,1.15625,-0.5450841503620841,0.22696180885426556,175.65200000000002,-1.2638486189531513,-0.2152371467695755,-0.0005656108597283938,0.020858895705521352,0.00917431192660545,0.06889352818371619,-0.03655352480417762,-0.05113004816598732,inf,0.03489620615604872,0.0366300366300365,-0.022346368715083772,0.013885620145916766
16,2000-04-29,0.12177672745587652,0.16595695791435627,0.1892269429748308,0.3175002994899214,0.07258842019266654,-0.2356670384652949,-0.5636113322717622,-0.5636113322717622,-0.7837837837837838,-0.7681159420289855,-2.9000886132033674,-0.16609885146470516,1.721135339537622,1.593695777906304,-0.7113737309644671,1.5138653084323712,-0.004807692307692291,-0.046464646464646535,0.0703125,1.3523035230352305,1.2823115970324093,inf,-0.04392183987549725,-0.01590106007067138,-0.02857142857142858,-0.11504178272980504
17,2000-07-29,0.019247614387081,-0.004286681725492958,-0.013708235818871815,-0.3706615396763488,0.04589426894141169,0.021726002021704938,0.22182523090957476,0.22182523090957476,0.1875,0.1875,-1.3925448458501974,-0.2740757362385676,-0.8045867017270862,-1.0318876128888392,0.0785930200604561,0.2438090950022511,0.010265700483091722,0.0,0.04379562043795615,0.16129032258064524,0.18152266894781866,inf,0.026225357207451783,0.005385996409335681,-0.00588235294117645,0.5822054348966532
18,2000-10-28,0.1513608871572727,0.26375358735109306,0.2680294455684946,0.6805151846395134,0.062403580243714174,0.15100767907213866,0.1937470835277648,0.1937470835277648,0.21052631578947367,0.21052631578947367,-3.0714316021724373,0.2781692017438204,3.6368088232163007,-0.2167832167832168,0.057070063694267585,0.030045248868778133,0.016138673042438878,-0.0031779661016948517,0.05944055944055938,-0.012896825396825462,-0.03620040544454095,inf,-0.07737046175537543,0.014285714285714237,-0.017751479289940808,-0.2480106100795755
19,2001-02-03,0.0047451789143817535,-0.04140771982467095,-0.09606363216660507,-0.1817842448978668,0.09648673471673597,0.5385122729213685,1.3257759362051442,1.3257759362051442,1.391304347826087,1.1739130434782608,-6.557779166111902,0.5356672281801957,-2.0976182057793062,532.3571428571429,28.79537237888648,0.05991917062027774,0.10705882352941164,0.10626992561105196,0.09075907590759093,0.0,-0.02028245192307709,inf,0.09130850047755512,0.0651408450704225,0.03614457831325302,0.17156084656084625
20,2001-05-05,0.08061182510478182,0.08563414168397165,0.11846488534143408,-0.1315545343061011,0.05221282289108653,-0.33049682844356,-0.5791959393593062,-0.5791959393593062,-0.5818181818181818,-0.56,-1.2406810207571648,0.5124302191715361,-2.2508157767030905,-1.9217892058390247,-0.8908518779171823,0.0024867374005304037,-0.0037194473963868546,-0.0019212295869355247,0.04841149773071085,-0.08040201005025116,-0.14138935746051207,inf,-0.026255907579205373,0.0181818181818183,-0.01744186046511631,0.2501223138007602
21,2001-08-04,0.030115280519932505,0.01545092517195257,0.0029389486441449013,-0.008747994090527067,0.051787914024796766,0.018421280721451442,0.15180199970710007,0.15180199970710007,0.13043478260869554,0.13636363636363644,-2.0175564862526514,-0.4528151491323502,-0.9646576808588916,-0.91891253813744,-0.6618246498184244,0.016702497106003026,-0.008000000000000007,-0.005774783445620768,0.051948051948051965,-0.030601092896174964,-0.036792284336488734,inf,0.02103181736473103,0.014610389610389518,-0.023668639053254448,0.024385104013005417
22,2001-11-03,0.14009562884505988,0.22877640456597506,0.2677190415771167,0.780052646033319,0.04304518534289481,0.16136961900049476,0.15855420572630696,0.15855420572630696,0.15384615384615374,0.15999999999999992,-2.2507750188111357,-1.050906513907754,14.350903756979275,-1.4191489361702128,0.8202936664475127,-0.16948601171112554,-0.003225806451612856,-0.00871248789932233,0.04115226337448563,-0.21082299887260425,-0.2110142777674764,inf,-0.08503521126760549,0.008000000000000007,-0.01818181818181808,-0.309695242013695
23,2002-02-02,0.00756225694095991,-0.0535382785843429,-0.09013074971510472,-0.20605170939091333,0.0978545198401164,0.5475508792021568,1.3328544347999602,1.3328544347999602,1.2999999999999998,1.3103448275862073,-5.245686647255576,-58.767208043310134,-1.981290032241559,25.293347582153352,11.84878401155791,0.272424598511555,0.0598705501618122,0.0595703125,0.0948616600790515,0.22285714285714286,0.21175088131609887,inf,0.0896671156436406,0.05079365079365061,0.012345679012345512,0.1920899144280301
24,2002-05-04,0.03034311603449047,0.007550595687414673,-0.0017931137696545196,-0.011515152203879442,0.05495904214578595,-0.31335040240802425,-0.5440078350198014,-0.5440078350198014,-0.5362318840579711,-0.5373134328358209,-1.0599672406171006,-1.0653184814284251,-1.0431466659965574,-1.0628048284831737,-0.05791683064410336,0.07818993381560713,0.0015267175572519776,0.012903225806451646,0.052948255114320115,-0.015186915887850594,-0.04984484096198605,inf,0.02383895461769381,0.012084592145015229,0.0,0.01932073854505201
25,2002-08-03,0.038318503139787685,0.03845207276582397,0.028079327344301186,0.054775716857621726,0.04573965326901242,0.02739352545830509,0.16663696645126191,0.16663696645126191,0.15625,0.16129032258064502,-6.24351401162516,-9.054452908823832,-1.238788584740827,1.508008412878175,-0.15418585452700884,-0.036402569593147686,0.011178861788617931,0.019108280254777062,0.04457142857142871,-0.08540925266903909,-0.09348846703408877,inf,0.007071403932390473,0.0194029850746269,0.0,-0.015485950529044891
26,2002-11-02,0.15533759301420935,0.2574182192239902,0.306140017873769,0.5432378112315854,0.04788482858009413,0.11528595141089483,0.07261954529375814,0.07261954529375814,0.08108108108108114,0.08333333333333348,-2.247832513203194,-0.6568382122165766,-223.73536585365852,-1.4813572442265517,0.08774797445877769,-0.12770370370370365,-0.001507537688442362,0.0,0.047045951859956185,-0.16472114137483784,-0.18666966899346996,inf,-0.09299537592053443,0.011713030746705709,-0.012195121951219412,-0.1851957295373665
27,2003-02-01,0.03651627627663112,0.013057393117638094,-0.02178865351515491,0.06504432528942794,0.08829969606219579,0.4857207507733077,1.0907578267289255,1.0907578267289255,1.0499999999999998,1.0512820512820515,-3.7694663325075655,7.7460140897293295,-1.1688539938568685,-1.3237737871884212,-0.026118636555280458,0.04279891304347827,0.014594866633115268,0.00982142857142865,0.08777429467084641,-0.0031055900621118626,-0.0174418604651162,inf,0.05003776435045326,0.020260492040520942,-0.012345679012345734,-0.0488294898672258
28,2003-05-03,-0.008140285896467758,-0.042802368019916666,-0.07211014750394673,-0.1495419073841241,0.04292726735853947,-0.3349794424770897,-0.6020340489906829,-0.6020340489906829,-0.5975609756097561,-0.6000000000000001,-1.2492189374419744,-1.2706036967949803,-1.068514915693904,-2.8994205298013247,0.050940778153965686,-0.13094462540716612,-0.046626984126984065,-0.04332449160035368,0.03842459173871271,-0.2009345794392523,-0.19160326852634546,inf,0.05142959899298672,-0.018439716312056653,-0.025000000000000026,0.1254936174120671
29,2003-08-02,-0.01037181280673838,-0.0706776178477233,-0.07525123788209431,-0.1680340651423332,0.03570888372811787,0.042835677966742036,0.010197003954491857,0.010197003954491857,0.0,0.03125,-3.3432639030592224,-1.5169721656483368,-80.40416469474681,1.8991065591632164,0.14052432558041272,0.01480509745127434,-0.06815816857440171,-0.05545286506469505,0.033302497687326404,-0.023391812865497075,0.00941094457999303,inf,0.04651958269197887,-0.049132947976878616,-0.006410256410256388,0.11704948798498638
30,2003-11-01,0.1518111513515703,0.2687764218597566,0.3310086757932027,0.7083093170181718,0.038171444357979915,0.08399114495673232,0.08047616924517365,0.08047616924517365,0.09090909090909084,0.06060606060606055,-1.3616590861896882,0.6640537400878832,-1.9752594155476484,-0.9583583884546,0.005130674767082288,0.07054478301015688,-0.06588498045784487,-0.058708414872798535,0.03670546105640105,0.03592814371257491,0.08805248618784534,inf,-0.09854551397287137,-0.04407294832826747,-0.012903225806451646,-0.2573046018991965
31,2004-01-31,-0.06187051125462684,-0.1839184252699283,-0.21700568371865547,-0.3842463284609903,0.06426000681518218,0.4878928131331064,1.0370058595361886,1.0370058595361886,1.0,1.0285714285714285,-5.0729010390620655,1.0838508374156968,-1.9539968220986368,6.610108303249098,0.03884568606493932,-0.16232534069346205,-0.09324566646742384,-0.06548856548856552,0.06390328151986191,-0.19267822736030826,-0.1437638844811171,inf,0.13433647570703422,-0.08585055643879169,0.019607843137254832,0.3253503811163019
32,2004-05-01,0.045542177667967865,0.060179731879944624,0.0676675264876585,0.11562542043217985,0.032307575216416584,-0.3317764106704744,-0.5389670372411111,-0.5389670372411111,-0.5416666666666666,-0.5352112676056338,-0.9735682886160376,-0.5885620734155017,-1.3550968113899522,-4.068785578747628,-0.11475148117926705,-0.03542009884678743,-0.03625576796308505,-0.02224694104560609,0.030032467532467463,-0.09307875894988082,0.015196441808747132,inf,-0.012625859037877607,-0.02086956521739125,0.0,-0.0497198619717264
33,2004-07-31,0.03842043820300445,0.016313399376900906,0.0402254814680878,0.07167227045115121,0.03730374130612102,0.04944388496130325,0.3689210327433783,0.3689210327433783,0.393939393939394,0.3636363636363635,31.101336239031944,2.1733386199181517,-1.957866916825271,-1.4145153810480755,0.05373209097284848,-0.050597779675491165,0.02941176470588225,0.031854379977246834,0.03546099290780158,-0.07894736842105254,-0.056224899598393496,inf,-0.0011330527678861113,0.04440497335701599,-0.012820512820512886,-0.051657490921869664
34,2004-10-30,0.14741433244552482,0.2750642184495033,0.3148997911605047,0.6102827912924695,0.043506964443073004,0.09849398965033253,-0.07702776440378756,-0.07702776440378756,-0.08695652173913049,-0.06666666666666676,-1.5417641058256262,-0.8458710028648181,-4.56787705288534,0.22077195599477892,0.062249816968233285,0.08567573645154036,-0.007973421926910307,-0.006615214994487362,0.038812785388127935,0.04857142857142849,0.015087040618955385,inf,-0.0905849943283098,0.0034013605442175803,-0.006493506493506551,-0.2081686429512516
35,2005-01-29,-0.04378541330673913,-0.1232620749365807,-0.1771748633596203,-0.3261470893814545,0.060491465533421,0.4864728147930559,1.2050620409525927,1.2050620409525927,1.2142857142857144,1.166666666666667,-3.2216532070581336,3.6175014475969887,-1.923112858952703,-0.2367496563311441,0.04472789115646258,0.02154101077050541,0.05961152042866735,0.05993340732519425,0.05934065934065935,-0.016348773841961872,-0.016006097560975485,inf,0.10923022095509616,0.057627118644067776,0.0,0.3011127287853577
36,2005-04-30,0.015199204842430312,0.002121623071841272,-0.03025920384946945,0.04079782536135235,0.0427720221441561,-0.3275225034606564,-0.6065607898181589,-0.6065607898181589,-0.6129032258064516,-0.6043956043956045,-1.1618691955002278,-0.7247513143580886,-1.5714526703435894,-0.3972383430058035,0.02580600940736999,0.004866180048661794,-0.02970922882427318,-0.019895287958115127,0.042185338865836634,-0.049861495844875314,-0.0902401239349342,inf,0.027148594377509827,-0.014423076923076872,-0.006535947712418277,-0.037165807457139384
37,2005-07-30,0.044868156321684616,0.04991143927407316,0.05059914500277785,0.0830446424918605,0.04163547598889017,0.05295245289732753,0.5006814501258678,0.5006814501258678,0.5000000000000002,0.5000000000000002,-6.034422997570034,3.373630378824118,-1.8728041427963875,-4.124169986719787,-0.07859415847455509,0.06335754640839397,-0.004560260586319309,0.0042735042735042575,0.0384870603848706,0.020408163265306145,0.048531289910600295,inf,-0.0031279324366593197,0.008130081300812941,-0.006578947368421018,-0.030589797866600318
38,2005-10-29,0.11108069483636407,0.19300010799806544,0.25143961001344306,0.460805464893046,0.03122709600834295,0.0800816321442841,-0.17126815039586296,-0.17126815039586296,-0.16666666666666674,-0.16666666666666674,-1.3215239996430062,-0.6536213918894989,-2.902787730089485,-3.3798087141338997,0.20299313808138209,-0.04117647058823537,-0.027486910994764302,-0.017021276595744702,0.03130990415335466,-0.07714285714285718,-0.0799837596427121,inf,-0.07185440853467208,-0.014516129032258076,0.0,-0.1833361877033738
39,2006-01-28,-0.0267102229667574,-0.06717259436343836,-0.16799467633230325,-0.2715938471137649,0.0708346500059498,0.4913126410545754,1.4168133206985245,1.4168133206985245,1.4444444444444446,1.3777777777777778,-4.502277284932531,1.2478422350535308,-1.9795377310742088,-1.2623024024292218,-0.044260923948671205,-0.07243221848406889,0.025572005383579958,0.03787878787878785,0.06815365551425012,-0.10216718266253877,-0.08473080317740522,inf,0.10023664638269114,0.027823240589197832,0.013245033112582849,0.2806438083254692
40,2006-04-29,0.0032590272213444127,-0.034151951265479215,-0.028855962699877998,-0.0624132886332599,0.020486499171274097,-0.31539866907168423,-0.5539098404163099,-0.5539098404163099,-0.5636363636363637,-0.5514018691588786,1.8299309494810292,4.098216943551597,-0.5172727720092516,-12.638236295539668,0.5389746056023779,0.07126093449967996,0.00984251968503935,0.01876955161626692,0.035962877030162536,0.0034482758620690834,0.0004821600771456325,inf,0.017053310800430266,0.017515923566879144,0.0,0.0301305931960536
41,2006-07-29,-0.058111147846184874,-0.20934782851393008,0.07322445573282943,0.13360749896332913,-0.1251571088710811,0.03350556170469976,0.3893270351878979,0.3893270351878979,0.4583333333333333,0.4375,-0.7033330761294821,-1.299198960814029,5.419153626586472,-1.4738674429150271,-0.1659562914314403,0.12268472415853406,0.054580896686159834,0.04605936540429889,-0.0907054871220605,0.08591065292096213,0.06939759036144587,inf,-0.07114803625377653,0.0203442879499216,0.02614379084967333,-0.3025473910106109
42,2006-10-28,0.09774823016262356,0.20921826893856846,0.19054977638575976,0.3210869995027552,0.03963087371357177,0.10507314295818436,-0.033835719019788435,-0.033835719019788435,-0.014285714285714348,-0.014492753623188246,-0.7649640492906189,-1.1295268166469323,-0.9731582860131872,-2.107547461027936,0.2203775021958516,0.1527408195848856,0.07578558225508325,0.0714285714285714,0.041256157635468194,0.26582278481012644,0.08877872915727791,inf,-0.05285412262156442,0.0383435582822087,0.031847133757961776,-0.08467236467236461
43,2007-02-03,-0.04776480830493768,-0.13665054304575242,-0.1330569598530491,-0.2175896323361498,0.013403729453480562,0.4930849273851392,1.158532891454636,1.158532891454636,1.1739130434782612,1.1617647058823528,4.8097529386691145,3.944034398699892,14.760714417779093,-1.2652247832994228,-0.04789466796855335,0.08771929824561409,0.12714776632302405,0.11324200913242,0.03193376700177408,0.04499999999999993,0.0020695364238410008,inf,0.06421703296703285,0.05317577548005925,0.055555555555555365,0.1034611553784861
44,2007-05-05,0.02435977085726781,-0.0007700585703196428,-0.025242438293062164,-0.058657665931083125,0.054791604018635136,-0.34225732108015905,-0.5687974377917463,-0.5687974377917463,-0.5666666666666667,-0.564625850340136,-0.8538013841172196,-0.5931677018633541,-1.1804644113209941,-7.485813366960907,0.3262620922979331,0.026598754951895787,0.0457317073170731,0.03609515996718615,0.04985673352435538,-0.004784688995215225,-0.097067327550599,inf,0.02968699580509848,0.012622720897615736,0.023391812865497075,0.061491594268306526
45,2007-08-04,0.05418004024869627,-0.0321349238366877,0.17300337451104195,0.3205257253971787,-0.0131887546286944,0.0048067770797639575,0.2884428555703915,0.2884428555703915,0.29230769230769216,0.296875,4.247580077012903,3.1553060588972954,-1.9230209186525733,-1.3397333074093878,-0.08357480798281314,-0.0773153252480705,0.008746355685131268,0.0007917656373714888,0.0016375545851528006,-0.12259615384615385,-0.11985361390667892,inf,-0.06392980256972725,0.013850415512465464,-0.011428571428571456,-0.26705994897959184
46,2007-11-03,0.1378813016467344,0.3470121880218764,0.34846399112228005,0.14368684539333,-0.004039116921959018,0.06573925738532993,-0.27939188185302943,-0.27939188185302943,-0.27380952380952384,-0.2650602409638554,-1.5022390845776268,-0.4153033798440819,-9.829145303960788,-4.1030618084700485,0.28298850474728265,-0.13517550410754298,-0.037572254335260125,-0.06566455696202544,0.00926430517711152,-0.13424657534246565,-0.16891891891891886,inf,-0.1247070639437563,-0.03688524590163944,-0.02890173410404628,0.17779711405989418
47,2008-02-02,-0.04944324000516687,-0.15950873581741565,-0.15885055259354852,-0.3505746199384393,0.05038780975071888,0.4345332302265892,1.121950465194196,1.121950465194196,1.147540983606557,1.1311475409836067,-4.1494404815959465,1.309002795511939,-1.4913166803332298,-2.7589026358257125,-0.3879607845796072,-0.21640759930915374,-0.08258258258258266,-0.09822184589331072,0.06641468682505391,-0.22468354430379744,-0.200750469043152,inf,0.1049913941480205,-0.06666666666666665,-0.03571428571428559,0.2942190482053806
48,2008-05-03,0.0066047782583507075,-0.11510010099656565,0.017454158694029998,0.0426650965763602,-0.0013229310395973526,-0.3395213548612602,-0.6284514986554732,-0.6284514986554732,-0.6183206106870229,-0.6230769230769231,-0.5884253569697019,-0.6219837493023842,-0.8579133303460682,-1.509091862324476,0.32270428651346217,-0.015649107339651747,-0.058919803600654734,-0.0826291079812207,0.006075949367088551,-0.07755102040816343,0.0336463223787169,inf,-0.007961232260297546,-0.054711246200607855,-0.030864197530864224,-0.15131766720578432
49,2008-08-02,0.023112789490780997,-0.02539125030460332,0.023370819112853658,0.047484416849347566,0.022920700657796056,0.02793150268785971,0.5430355333267955,0.5430355333267955,0.54,0.5714285714285714,0.4680329952823525,0.26739797356023964,4.077309810553258,-1.3750986921149289,-0.0915139967756119,-0.01903269144648445,-0.048115942028985385,-0.05629477993858745,0.03019627579265216,-0.0265486725663715,0.026495079485238326,inf,-0.00017445917655267704,-0.040192926045016016,-0.019108280254777062,-0.06955888122863074
50,2008-11-01,0.09166426524760117,0.31330944906554303,0.17998520134889606,0.4054571899363839,0.025885263730549998,0.020979522156816977,-0.32141177467533844,-0.32141177467533844,-0.3116883116883117,-0.3246753246753247,-1.0878539993726777,-0.275138173448778,-2.364469029336838,-2.1905829596412554,0.11993030684348073,-0.07349920109564022,-0.057247259439707765,-0.0509761388286335,0.02540302882266721,-0.10000000000000007,-0.056047197640118014,inf,-0.0601989181643694,-0.03350083752093802,-0.019480519480519543,-0.06560240963855424
51,2009-01-31,-0.04534968047767896,-0.122769998354601,-0.16116923698164776,-0.332520098867932,0.05386667734242945,0.3764682282723775,1.0971484231098234,1.0971484231098234,1.056603773584906,1.1346153846153846,-20.121585806592925,1.761371343652395,-2.0232983127443056,-3.9373534724624313,-0.3126723463802116,-0.2113821138211384,-0.10206718346253217,-0.09485714285714276,0.05383515959980967,-0.2272727272727273,-0.18828125,inf,0.10397326401782414,-0.06412478336221837,-0.026490066225165587,0.31429308232867026
52,2009-05-02,0.017998941238750676,0.05378378378378379,0.012622415669205632,0.02148760330578514,0.021664935450363517,-0.3051419874925557,-0.5921077311960176,-0.5921077311960176,-0.5871559633027523,-0.5945945945945946,-0.5429532323172157,-0.494684803779695,-0.9871058416984184,-1.9420754445418504,0.4311377245508983,0.23398937831927524,-0.04748201438848931,-0.03787878787878796,0.01943942133815546,0.16993464052287588,0.31568816169393643,inf,0.003531786074671972,-0.01851851851851849,-0.020408163265306145,0.03159030707348176
53,2009-08-01,0.04515513953891492,0.0979738394460119,0.05802707930367501,0.1332254584681769,0.03645606390704437,0.04617921935129199,0.6715328467153285,0.6715328467153285,0.6888888888888889,0.6666666666666665,0.5363408521303259,0.9504643962848298,-0.75,-1.25,-0.07531380753138073,0.15240506329113934,-0.04078549848942592,-0.03280839895013121,0.0354767184035476,0.12849162011173187,0.16825164594001474,inf,-0.008211831741243514,-0.01320754716981132,-0.02083333333333337,-0.031098430813124245
54,2009-10-31,0.10373994526909368,0.30226582574164906,0.20150314848669515,0.43122322703474536,0.036294843049327286,0.0643720441408302,-0.15720524017467252,-0.15720524017467252,-0.17105263157894735,-0.16000000000000006,-0.435562805872757,-0.41587301587301584,-34.0,-1.6111111111111112,0.049773755656108636,0.2007908611599296,0.0007874015748030594,0.006784260515603879,0.03297644539614564,0.15841584158415833,0.2091421415153412,inf,-0.061169313957418085,0.022944550669216083,-0.014184397163120588,-0.09010600706713767
55,2010-01-30,-0.01126972201352372,-0.016143497757847514,-0.10278951817413352,-0.20518789491187228,0.06193373901284649,0.40286349049617387,1.238341968911917,1.238341968911917,1.238095238095238,1.206349206349206,1.5317919075144508,-2.8505434782608696,-0.9393939393939394,140.72727272727272,8.771551724137929,-0.012623490669593784,0.06530291109362718,0.06738544474393526,0.0605306799336649,-0.04273504273504258,-0.04919730709476955,inf,0.07397408207343427,0.07850467289719631,-0.014388489208632891,0.2378640776699028
56,2010-05-01,0.023252279635258333,0.04010938924339103,0.011682683248539716,0.14560669456066955,0.031070928307653126,-0.2899876825620271,-0.5393518518518519,-0.5393518518518519,-0.5390070921985815,-0.5395683453237411,-0.6723744292237444,-1.2760646108663731,10.0,-0.9223861449647208,0.05337450374944863,-0.005002779321845341,0.02067946824224509,0.02272727272727271,0.02814698983580932,-0.0625,-0.09150326797385623,inf,0.007709066532595844,0.03812824956672434,-0.014598540145985384,-0.0921132897603485
57,2010-07-31,0.017822664488341022,0.01139351446099912,-0.007450176941702358,-0.01643535427319209,0.034580708904532464,0.01610904584882289,0.306532663316583,0.306532663316583,0.29230769230769216,0.3125,0.18815331010452965,0.12234042553191493,-1.0,0.07438016528925617,0.05443886097152428,-0.044320297951582883,-0.01085383502170767,-0.002469135802469213,0.034220532319391594,-0.07142857142857151,-0.09772182254196636,inf,0.016464327290869774,0.013355592654423987,-0.014814814814814838,0.028316375503935287
58,2010-10-30,0.07500364803735593,0.1795493934142114,0.15725276787389753,0.2881544745636837,0.022681150769965356,0.028780487804878074,-0.3730769230769231,-0.3730769230769231,-0.36904761904761896,-0.36904761904761896,-0.6920821114369502,-0.08530805687203791,inf,-1.5923076923076924,-0.0305798252581414,-0.04247856586126264,-0.0621799561082661,-0.051980198019801915,0.07720588235294112,-0.07179487179487176,-0.0671096345514951,inf,-0.04875654450261768,-0.03789126853377256,-0.015037593984962403,-0.08433678708111636
59,2011-01-29,0.003054160445228771,-0.1710255656773435,0.12356088860061608,-0.19832804842894206,-0.08369324150811253,0.4314841156946421,2.0306748466257667,2.0306748466257667,2.1698113207547167,2.132075471698113,8.742857142857142,-0.14507772020725385,-93.9090909090909,1.1298701298701297,-0.0671855796804588,0.08872608872608878,0.05850234009360356,0.0287206266318536,-0.07747440273037542,0.011049723756906049,0.12108262108262124,inf,-0.08634330925352596,0.039383561643835614,-0.007633587786259555,0.0340995973291196
60,2011-04-30,-0.02848636578929564,-0.07816377171215882,-0.019194688988310005,-0.05213951815893558,-0.03668789808917194,-0.3106989069228221,-0.5931174089068826,-0.5931174089068826,-0.5833333333333334,-0.5843373493975903,-0.6392961876832844,0.09090909090909084,-0.2191780821917808,2.713414634146341,-0.2674571805006588,-0.005607476635513975,0.018422991893883637,-0.013959390862944066,-0.004809470958194728,0.07650273224043702,-0.07878017789072432,inf,-0.008471385542168752,-0.0049423393739702615,-0.007692307692307666,-0.027454652996845352
61,2011-07-30,-0.033430839949853734,-0.11401653528167655,0.0005885815185402432,-0.007207890743550881,-0.06400423168473945,0.020663142719846258,0.4875621890547264,0.4875621890547264,0.5428571428571431,0.5652173913043481,0.3902439024390243,0.12777777777777774,0.01378446115288212,-0.18062397372742198,-0.29916067146282976,0.0007518796992480593,0.07814761215629518,0.030888030888030826,-0.023420074349442373,0.0050761421319796,-0.013103448275862071,1.0,-0.03170685399658235,0.02649006622516548,0.0,-0.10759718209923473
62,2011-10-29,0.0579334198011241,0.15950520833333326,0.2075,0.22277416889568213,-0.08575868889516812,0.030131826741996326,-0.29431438127090304,-0.29431438127090304,-0.2592592592592593,-0.2592592592592593,-0.5750487329434698,0.2266009852216748,-0.5327564894932015,-0.18036072144288573,-0.3498716852010265,-0.08358377160030063,0.11677852348993277,0.04244694132334592,-0.028169014084507005,-0.06060606060606055,-0.1390635918937806,0.5,-0.13588235294117654,0.032258064516129004,0.015503875968992276,-0.05173784643343937
63,2012-01-28,-0.04004903964037598,-0.10630731798615012,-0.07611740348313234,-0.19062500000000004,0.005717817957039184,0.3752285191956124,1.161137440758294,1.161137440758294,1.275,1.25,3.7844036697247714,-0.31726907630522083,0.13227513227513232,-2.0880195599022,0.5855263157894737,0.04632096741135472,0.015625000000000222,-0.01916167664670665,0.047786917352134806,0.07526881720430101,-0.02029220779220775,0.3333333333333333,0.04787837531200356,-0.029687499999999974,0.007633587786259444,0.1041504461879379
64,2012-04-28,0.009791400595998256,0.015497382198952803,0.04561033482731358,0.1154440154440155,-0.03196066379840201,-0.29494848786972416,-0.6622807017543859,-0.6622807017543859,-0.6538461538461539,-0.65,-0.6001917545541706,0.03529411764705892,-0.025700934579439227,-1.395505617977528,-0.1460580912863071,-0.04250734573947101,0.00591715976331364,-0.03785103785103794,-0.017943925233644853,-0.08499999999999996,-0.07290803645401832,0.3200000000000001,-0.0413598960589,-0.04508856682769735,0.007575757575757569,-0.0896072900846171
65,2012-07-28,-0.02831646992692527,-0.07960404207052996,-0.03668683812405449,-0.09207338179300796,-0.01777777777777778,-0.008955927409851516,0.5584415584415585,0.5584415584415585,0.6031746031746033,0.5873015873015872,-0.60431654676259,0.13636363636363644,-0.05515587529976018,1.4375,-0.4169096209912536,-0.03457446808510645,-0.020000000000000132,-0.05203045685279184,0.004567948229920128,-0.016393442622950838,-0.021447721179624683,0.2424242424242422,0.010842557036367715,-0.0505902192242832,0.0,0.0137631077216398
66,2012-10-27,0.09393303926531194,0.2935245350660991,0.18073550582384512,0.39954250857796425,-0.013251454427924969,0.06777645659928666,-0.10416666666666664,-0.10416666666666664,-0.08910891089108908,-0.08999999999999997,-0.2666666666666667,-0.040000000000000036,-1.0532994923857868,-0.8834498834498834,-0.08333333333333337,0.09663064208518768,0.018607442977190747,-0.0040160642570282725,0.006062902614626831,0.0888888888888888,0.1168949771689498,0.19512195121951212,-0.09810055865921784,-0.0017761989342807147,-0.007518796992481258,-0.07575668527769619
67,2013-02-02,-0.08084346906398733,-0.1825740516196085,-0.12912879627577034,-0.3094524652683193,-0.009498853586636049,0.4122494432071269,0.7534883720930232,0.7534883720930232,0.8152173913043477,0.8241758241758241,3.644628099173554,-0.5208333333333333,-24.0,-0.74,-0.02363636363636368,-0.06357487922705307,-0.05657041838538601,-0.07123655913978501,0.025988700564971712,-0.0663265306122448,-0.08667211774325434,0.16326530612244894,0.07779980178394452,-0.09074733096085408,0.02272727272727271,0.1837085082029759
68,2013-05-04,0.01042790363178714,0.04068658614113163,0.02189130711467491,0.06469428007889544,-0.0044642857142856976,-0.3378016085790885,-0.6100795755968169,-0.6100795755968169,-0.6047904191616766,-0.6024096385542168,-0.4572953736654805,0.3369565217391304,-0.5838509316770186,0.4615384615384615,-0.035381750465549366,-0.024556335121749817,0.0037476577139288203,-0.004341534008682979,-0.001835535976504987,-0.049180327868852514,0.0071620411817368,0.1535087719298247,-0.014942528735632175,-0.003913894324853229,0.0,-0.022508729519204795
69,2013-08-03,0.003345195729537398,-0.005905110975361394,0.0018682276746793125,-0.005928121526491248,0.005314731772130932,0.02143367468444879,0.5714285714285714,0.5714285714285714,0.5909090909090908,0.5757575757575757,0.498360655737705,0.19512195121951212,0.17412935323383086,-4.894736842105264,0.1428571428571428,0.07002327057330215,-0.0037336652146858773,-0.01308139534883723,0.025009194556822267,0.06896551724137945,0.06311111111111113,0.1330798479087454,0.002100350058343192,-0.013752455795677744,0.0,0.0
70,2013-11-02,0.08143576647513663,0.2263416632527653,0.15875186474390854,0.35706298919120383,-0.02131174624153309,0.03613896013056661,-0.2337662337662337,-0.2337662337662337,-0.2190476190476192,-0.22115384615384612,-0.4485776805251641,0.2312925170068028,-0.7245762711864407,-0.9189189189189187,0.010135135135135087,0.056544088572558326,-0.03185509056839475,-0.04123711340206182,-0.007534983853606071,0.032258064516129004,0.046822742474916364,0.1174496644295302,-0.09501630181648812,-0.03585657370517936,0.0,-0.09633985491316777
71,2014-02-01,-0.056871105280419824,-0.11608485050943708,-0.0988091406501448,-0.2485580884372425,0.009115462525320694,0.3724122412241224,0.887005649717514,0.887005649717514,0.902439024390244,0.91358024691358,2.452380952380953,-0.04972375690607733,4.0,61.16666666666666,0.6237458193979932,0.0145958083832336,-0.043225806451613,-0.05376344086021512,0.036153289949385485,0.02083333333333326,0.03833865814696491,0.10510510510510508,0.06999485331960886,-0.03512396694214881,-0.022222222222222254,0.17630602688073949
72,2014-05-03,-0.017039922103213256,-0.033446712018140534,-0.014761904761904754,-0.04203216374269003,-0.02024088323854134,-0.3326774881128054,-0.6257485029940121,-0.6257485029940121,-0.6153846153846154,-0.6129032258064516,-0.7942528735632184,0.0,-0.19692307692307695,-1.6809651474530831,-0.2615859938208033,-0.013463666543710784,-0.018206338503034214,-0.02759740259740262,-0.014305652477320296,-0.04591836734693866,0.013076923076922986,0.1059782608695652,-0.003367003367003352,-0.017130620985010614,-0.007575757575757569,0.008944266363354325
73,2014-08-02,-0.0022642043444420783,-0.0074291300097751875,0.001933301111648245,0.0240366272415109,-0.008195321837118021,0.04226044226044223,0.8560000000000001,0.8560000000000001,0.8999999999999999,0.8833333333333333,2.078212290502793,0.13953488372093026,0.24904214559386986,-1.1141732283464567,0.040446304044630337,-0.0007478033277248387,0.011675824175824134,0.0016694490818029983,0.004601769911504404,0.010695187165775222,0.014426727410782103,0.09582309582309567,-0.005791505791505669,0.002178649237472685,-0.007633587786259555,-0.030694337688957237
74,2014-11-01,0.06708744060704919,0.1971636793381919,0.11456825856246987,0.3617734724292101,-0.0006885866758478133,0.03111739745403108,-0.3879310344827587,-0.3879310344827587,-0.3859649122807017,-0.38053097345132747,-0.6370235934664247,-0.3469387755102041,-0.4263803680981595,-4.965517241379311,-0.15415549597855227,0.0873713751169316,-0.035302104548540325,-0.03666666666666663,0.012684989429175396,0.08465608465608465,0.06362275449101817,0.08744394618834073,-0.06359223300970884,-0.03695652173913044,0.0,-0.12090293931063645
75,2015-01-31,-0.04093839303515656,-0.06252056597564992,-0.08677775373295826,-0.21778385772913825,0.0320413436692506,0.4487882944673067,1.5915492957746482,1.5915492957746482,1.6571428571428577,1.6142857142857148,4.47,-0.2421875,0.18181818181818188,-7.747826086956523,1.2297939778129954,0.002236751548520433,0.04011259676284285,0.03979238754325265,0.02783576896311768,-0.009756097560975618,0.030260380014074606,0.08041237113402078,0.07594608605495079,0.029345372460496618,0.015384615384615332,0.1985086295026761
76,2015-05-02,0.009146975261589585,0.022990522990522955,0.012559241706161071,0.044071353620146914,0.0043398430979804115,-0.34937667666088057,-0.6548913043478262,-0.6548913043478262,-0.6559139784946237,-0.6557377049180328,-0.906764168190128,0.8041237113402062,-0.3710407239819005,-1.2731958762886595,-0.1506751954513148,0.19484978540772516,-0.004059539918809141,-0.004991680532445919,0.029451591062965576,0.16256157635467994,0.11612021857923495,0.08587786259541996,-0.00457721031076852,0.0,-0.007575757575757569,-0.02017059708981439
77,2015-08-01,-0.014282771406990304,-0.03482587064676612,0.015445822607067727,0.06465661641541033,-0.05650656473325578,0.034926024739267536,0.023622047244094446,0.023622047244094446,0.03125,0.04761904761904767,1.4607843137254903,0.13714285714285726,1.2517985611510791,0.2311320754716981,-0.2184100418410042,-0.024425287356321657,-0.1127717391304348,-0.12207357859531776,-0.0401183821111476,-0.05508474576271183,-0.031211750305997543,0.07908611599296989,-0.0428363988383349,-0.11842105263157897,0.0,-0.09345555100368708
78,2015-10-31,0.03782654127481711,0.10255954496978316,0.08596450795114086,0.2394587791063563,-0.035758323057953116,0.037497070541363975,-0.07692307692307687,-0.07692307692307687,-0.045454545454545525,-0.045454545454545525,-0.7848605577689243,-0.12562814070351758,0.0,0.6590038314176245,-0.4635974304068522,-0.20736377025036826,-0.014548238897396537,-0.02476190476190465,-0.011990407673860948,-0.17488789237668154,-0.10991787744788373,0.07328990228013033,-0.07104930467762327,-0.03233830845771146,0.007633587786259444,-0.11043325989945207
79,2016-01-30,-0.0867230500738354,-0.1816862808318556,-0.13890067911714776,-0.3109926377253109,0.003105590062111752,0.4427377456516828,1.4666666666666668,1.4666666666666668,1.5238095238095235,1.4920634920634919,18.759259259259263,-0.235632183908046,1.3258785942492013,-1.4757505773672055,0.4111776447105788,-0.129319955406912,-0.07692307692307697,-0.08398437500000011,0.02808599167822456,-0.11956521739130432,-0.11284599006387508,0.06828528072837625,0.09853021230266744,-0.10025706940874024,0.015151515151515138,0.18764287528575066
80,2016-04-30,-0.02219608996031164,-0.043538219070134006,-0.013308687615526836,-0.02468680913780397,-0.035330540885084694,-0.3781117895725693,-0.9425675675675677,-0.9425675675675677,-0.9433962264150944,-0.9426751592356688,-0.8687910028116214,0.30827067669172936,-0.6565934065934066,-2.3786407766990294,-0.4016973125884017,-0.030943235168587324,-0.13636363636363644,-0.14498933901918976,-0.027655986509274918,-0.05555555555555558,0.04079999999999995,0.07102272727272729,-0.013379583746283452,-0.15714285714285725,0.0149253731343284,-0.01930171630219757
81,2016-07-30,0.004209260372820101,0.02059732234809464,0.017234919445485275,0.05893464299206652,-0.015480460638097047,0.052870090634441036,7.235294117647058,7.235294117647058,7.5555555555555545,7.5555555555555545,4.042857142857144,-0.06321839080459768,0.06400000000000006,-1.9753521126760565,0.6548463356973995,-0.12398150187183432,0.0399610136452242,0.034912718204488824,0.007284079084287187,-0.0980392156862746,0.036126056879323576,0.06631299734748007,-0.019839276745354132,0.023728813559322104,0.014705882352941124,-0.036255588267364525
82,2016-10-29,0.0535928143712574,0.14106962663975775,0.10116635972989574,0.25793792365322865,-0.020709491850431472,0.034672405547584884,0.042857142857142934,0.042857142857142934,0.07792207792207795,0.07792207792207795,-0.3852691218130312,0.5153374233128833,0.09022556390977443,-1.371841155234657,-0.14714285714285713,0.05379587732528912,0.06373008434864103,0.06265060240963849,-0.003443526170798794,0.04347826086956519,0.016320474777447913,0.06218905472636816,-0.07045862157314875,0.04966887417218535,0.007246376811594234,-0.09288906488657588
83,2017-01-28,-0.03566354077863032,-0.07198443579766534,-0.06377522577767869,-0.15655133295518994,0.013706677109849295,0.4340189507742085,0.7328767123287672,0.7328767123287672,0.7710843373493976,0.7590361445783134,1.0,-0.30364372469635625,-0.2448275862068966,-5.631067961165049,0.7989949748743719,0.17414122137404564,-0.05814977973568292,-0.07256235827664402,0.03800967519004828,0.1805555555555556,0.10218978102189792,0.058548009367681564,0.051267916207276665,-0.059936908517350125,-0.007194244604316501,0.10028063610851268
84,2017-04-29,-0.02431118314424641,-0.05774728416237851,-0.017506252232940334,-0.04539340954942839,-0.035348657523662334,-0.3806607574536664,-0.7391304347826086,-0.7391304347826086,-0.7346938775510203,-0.7328767123287672,-0.9470046082949308,0.18023255813953495,0.3333333333333333,-1.941299790356394,-0.4180633147113594,-0.17553839902478674,0.10477081384471476,0.09046454767726164,-0.024966711051930712,-0.2058823529411764,-0.14701986754966878,0.06084070796460184,-0.0112742527530153,0.09395973154362404,-0.007246376811594012,-0.012922972283625156
85,2017-07-29,-0.015554213228631819,-0.04126213592233008,-0.029090909090909056,-0.07890102148643885,0.00680816980376453,0.07832422586520947,2.1515151515151514,2.1515151515151514,2.1794871794871797,2.1794871794871797,6.173913043478262,-0.1133004926108374,-0.23630136986301364,-0.8374164810690423,-0.1168,-0.04780680137999005,0.1227773073666385,0.1188340807174888,0.01843632639125969,-0.022222222222222254,-0.1304347826086958,0.05735140771637126,0.022540440201538114,0.11349693251533745,0.0,0.04082687338501279
86,2017-10-28,0.06611443472925305,0.20253164556962025,0.10749063670411996,0.3403441682600383,0.00019888623707231543,0.04536679536679533,-0.4375,-0.4375,-0.435483870967742,-0.435483870967742,0.4939393939393939,-0.18888888888888888,-0.2690582959641256,-3.5205479452054798,0.3333333333333333,0.08618012422360244,-0.039969834087481115,-0.040080160320641316,0.003352329869259263,0.06818181818181812,-0.04374999999999985,0.0,-0.06172199170124481,-0.04132231404958686,0.007299270072992582,-0.10283570561624178
87,2018-02-03,-0.0402877697841727,-0.0647368421052632,-0.1078796077105174,-0.24365192582025674,0.0789421356134421,0.5641735918744228,3.0,3.0,3.071428571428572,3.0142857142857142,0.6673427991886409,-0.17808219178082196,-0.2024539877300614,2.108695652173913,0.7771739130434783,0.27591136526090065,0.3181461115475257,0.3402922755741127,0.07751419979953234,0.2695035460992909,0.3193277310924369,0.10848126232741606,0.1241017136539524,0.2931034482758621,0.03623188405797095,0.23656376829418255
88,2018-05-05,-0.03178410794602704,-0.06527855936972426,-0.044730856709628515,0.06752168992832885,-0.012900847769996338,-0.3789846517119244,-0.8397435897435898,-0.8397435897435898,-0.8385964912280701,-0.8398576512455516,-0.5291970802919708,0.1083333333333334,4.6923076923076925,-1.8496503496503496,-0.3715596330275229,0.1908496732026146,-0.007151370679380209,0.017133956386292892,-0.006201550387596955,0.1061452513966481,-0.12172682236376507,0.05427046263345181,0.01967051880993353,-0.008888888888888835,0.020979020979021046,-0.12437217166442882
89,2018-08-04,-7.742335088267716e-05,0.011840256873369535,-0.01746031746031751,-0.02120141342756188,0.024458551157580333,0.08602661596958172,2.893333333333333,2.893333333333333,2.847826086956521,2.911111111111111,0.7054263565891472,0.3007518796992481,-0.6716216216216216,-1.5020576131687244,0.2968369829683699,0.08060216402697185,0.07322929171668657,0.09954058192955606,0.026833073322932943,0.08585858585858586,0.06768734891216767,0.05147679324894528,0.024596093561610743,0.07399103139013441,0.027397260273972712,0.03373466606088149
90,2018-11-03,0.0931475029036004,0.2568425228084095,0.1665320409262252,0.4465703971119133,-0.006196464370329835,0.01269146608315097,-0.4486301369863014,-0.4486301369863014,-0.4463276836158192,-0.44318181818181823,-0.4303030303030303,-0.1560693641618497,0.024691358024691468,-1.0778688524590163,-0.017823639774859238,0.10680597881294453,0.02572706935123059,0.04178272980501396,0.0033424491036160298,0.07906976744186034,0.006037735849056647,0.048956661316211784,-0.09108025417745358,0.03131524008350728,0.0066666666666665994,-0.1311394352268982
91,2019-02-02,-0.11680124663550072,-0.23702067224238602,-0.19884593190998268,-0.31869228849513354,0.01357051164496603,0.4742869490060502,0.6956521739130435,0.6956521739130435,0.7142857142857142,0.6938775510204079,0.8191489361702127,-0.17808219178082196,1.7188755020080322,4.947368421052632,-0.10792741165234,-0.06948996984397526,-0.1995637949836423,-0.1831550802139038,0.025741974560872016,-0.07327586206896552,-0.11252813203300828,0.04667176740627377,0.1478508544795445,-0.1983805668016193,0.019867549668874274,0.11988618400252915
92,2019-05-04,0.1601571898307803,-0.041365046535677415,0.29991356957649096,0.02271062271062263,-0.015379048308304718,-0.4009966290488055,-0.7728937728937729,-0.7728937728937729,-0.7738095238095238,-0.7710843373493976,-0.8011695906432749,0.9833333333333334,-0.5731166912850812,2.4601769911504423,-0.4186295503211992,-0.02141750035226142,-0.01975476839237067,-0.04418985270049103,-0.008266902863891201,-0.046511627906976834,0.21048182586644135,0.04897660818713456,-0.15136476426799014,-0.010101010101010166,-0.032467532467532534,-0.06267291513748519
