,Quarter end,Assets,Current Assets,Liabilities,Current Liabilities,Shareholders equity,Revenue,Earnings,Earnings available for common stockholders,EPS basic,EPS diluted,Cash from operating activities,Cash from investing activities,Cash from financing activities,Cash change during period,Cash at end of period,Price,ROE,ROA,Book value of equity per share,P/B ratio,P/E ratio,Cumulative dividends per share,Equity to assets ratio,Net margin,Asset turnover,Current ratio
0,1993-12-31,-0.028525471664380356,-0.20969665278636884,-0.05887825410868919,-0.1814079652099294,0.024301283656515738,-0.225866648446908,-0.6092760438393567,-0.6092760438393567,-0.6206896551724137,-0.6206896551724137,-0.9838893967093236,0.07448046550290942,-1.2936301435867783,-1.002040618015742,-0.5286110540373947,-0.057387862796833826,-0.1044912923923007,0.08766233766233777,0.02192066805845494,-0.07594936708860768,0.10672514619883056,inf,0.05681474765790263,-0.09261576971214024,-0.021276595744680767,-0.0345492809540513
1,1994-03-31,-0.028525471664380356,-0.20969665278636884,-0.05887825410868919,-0.1814079652099294,0.024301283656515738,-0.225866648446908,-0.6092760438393567,-0.6092760438393567,-0.6206896551724137,-0.6206896551724137,-0.9838893967093236,0.07448046550290942,-1.2936301435867783,-1.002040618015742,-0.5286110540373947,-0.057387862796833826,-0.1044912923923007,0.08766233766233777,0.02192066805845494,-0.07594936708860768,0.10672514619883056,inf,0.05681474765790263,-0.09261576971214024,-0.021276595744680767,-0.0345492809540513
2,1994-06-30,0.015998691313593882,0.13415313112730276,0.026543865796463173,0.044045662506107634,-0.0008640155006506277,-0.225866648446908,-0.6092760438393567,-0.6092760438393567,-0.6206896551724137,-0.6206896551724137,-0.9838893967093236,0.07448046550290942,-1.2936301435867783,-1.002040618015742,0.002288329519450905,-0.057387862796833826,-0.1044912923923007,0.08766233766233777,-0.006128702757916105,-0.07594936708860768,0.10672514619883056,1.0,-0.016585644838433056,-0.09261576971214024,-0.021276595744680767,0.08628519527702094
3,1994-09-30,0.0074639567941559015,0.11255771597692066,0.011675793680159918,0.08812743037533077,0.0005440861783874151,0.06851642441459571,0.4858778996408813,0.4858778996408813,0.5151515151515151,0.5151515151515151,18.022163120567374,0.01851565320542581,-1.1921015206213763,-86.85714285714286,-0.1960208741030659,-0.004898530440867632,-0.1044912923923007,0.08766233766233777,-0.001027749229188024,0.0,0.10672514619883056,0.5,-0.006978772899098429,-0.09261576971214024,-0.021276595744680767,0.022408026755853072
4,1994-12-31,0.030763057618589995,-0.012444046553267696,0.04981246491146263,-0.01832968407882385,-0.0008825200275844881,0.06857815452283368,-0.1332549480697629,-0.1332549480697629,-0.14,-0.14,2.75947243323857,2.820893255013166,0.5187927107061503,-0.9323349972268442,-0.016497633536173062,-0.0196905766526021,-0.1044912923923007,0.08766233766233777,-0.0010288065843621077,-0.020547945205479427,0.10672514619883056,0.3333333333333333,-0.030746705710102518,-0.09261576971214024,-0.021276595744680767,0.006051684658161528
5,1995-03-31,-0.008728053198929553,-0.07469857673828306,-0.017375929764662845,-0.10209421998470558,0.006367054294797114,0.0864486207063142,0.4811214108071444,0.4811214108071444,0.4883720930232558,0.4883720930232558,0.06287577324060645,-0.5780133854615334,8.369516310461192,-33.139344262295076,0.5391172831018838,0.04519368723098993,-0.1044912923923007,0.08766233766233777,0.007209062821833091,0.048951048951048966,0.10672514619883056,0.25,0.01601208459214498,-0.09261576971214024,-0.021276595744680767,0.03056413591285967
6,1995-06-30,0.01092261550639373,-0.0004338759114893565,0.02264778095888098,0.19099179822479706,-0.009061121022918672,-0.18556678109603172,-0.6469241337200428,-0.6469241337200428,-0.65625,-0.65625,-1.1094251157582895,-0.24295719355547876,-1.6675870900614282,-1.0313695485845449,-0.010988029301411515,-0.013040494166094652,-0.05629477993858745,0.08766233766233777,-0.010224948875255602,-0.020000000000000014,0.10672514619883056,0.2,-0.020814748736247446,-0.05931034482758624,-0.021739130434782598,-0.1607509070831361
7,1995-09-30,0.008442320571677486,0.051142569100226735,0.008507108614498327,0.04808265300041703,0.008328365990752262,0.09973082613989392,1.9844357976653697,1.9844357976653697,2.0909090909090917,2.0909090909090917,-5.369857173310595,0.7352416511097282,-1.1448267593813692,45.032520325203244,-0.5114262487580165,-0.011126564673157202,0.09652928416485884,0.08766233766233777,0.009297520661156966,0.0,0.04953764861294574,0.17361111111111116,0.0009110233829334736,0.08797653958944296,0.0,0.002819548872180277
8,1995-12-31,0.02599713967900841,0.17015338914753464,0.04419641168968225,0.1427403822235489,-0.00601892309506602,-0.017972485217382702,-0.4625042252160896,-0.4625042252160896,-0.4705882352941178,-0.4705882352941178,0.6663739694619251,0.2624557712537057,0.9733029801324504,-2.0556340515718827,1.1050101682381217,0.07313642756680716,-0.035608308605341144,-0.044776119402985086,-0.006141248720573089,0.061224489795918435,-0.02517306482064197,0.1420118343195267,-0.03185679611650494,-0.02425876010781669,-0.022222222222222254,0.023992502343017863
9,1996-03-31,-0.018019519187530086,-0.1628113473885524,-0.04106895498777352,-0.14390466890979992,0.024577409409019646,0.31889948887507025,1.84610547120654,1.84610547120654,1.8611111111111112,1.8611111111111112,0.08555578324892421,-0.8689732227398401,6.414263240692187,-1.5773799564999162,-0.30309151589671524,0.013761467889908284,0.2,0.2,0.026776519052523096,0.01923076923076916,0.05100064557779227,0.1243523316062176,0.045753682231275405,0.1546961325966849,0.04545454545454541,-0.02196595277320157
10,1996-06-30,-0.00013705529093244184,0.12711103859019346,-0.0019217514975328198,-0.01025434256696378,0.002949861265961085,-0.20156625536172226,-0.477935606060606,-0.477935606060606,-0.4757281553398058,-0.4757281553398058,-1.0878740072542912,-4.721057956352074,-0.752047528113728,-1.4926108374384237,0.21424070573408935,-0.0058177117000646214,0.12735042735042712,0.13020833333333348,0.003009027081243732,-0.03144654088050314,-0.1750614250614252,0.11520737327188944,0.0035960443512135227,0.10287081339712922,0.021739130434782483,0.13868613138686148
11,1996-09-30,0.00684228104319895,-0.034781035106768,0.012717097048271286,0.08567758509955037,-0.003269792681229955,0.0190596899559754,-0.2384061914263257,-0.2384061914263257,-0.2407407407407408,-0.2407407407407408,-8.521405554703081,-2.7294336984385925,-0.5660334303154773,-2.8329411764705883,-0.32340425531914896,0.003901170351105153,-0.10614101592115233,-0.10368663594470053,-0.003999999999999893,0.0,-0.11913626209977655,0.10330578512396693,-0.010450880859958156,-0.11279826464208255,0.021276595744680767,-0.11094674556213012
12,1996-12-31,0.0267584944578636,0.0774182259052334,0.0471972568680199,0.3769792441349469,-0.008986157663925742,0.18443157780677755,-0.1193235947919975,-0.1193235947919975,-0.12195121951219512,-0.12195121951219512,0.510822775771671,1.0872523918609351,-4.080320757197319,-2.460526315789473,0.6981132075471699,-0.07512953367875652,-0.004240882103477507,-0.005141388174807139,-0.009036144578313364,-0.07142857142857151,0.032121724429416736,0.0898876404494382,-0.03560651780325885,-0.057457212713936334,0.04166666666666674,-0.21760029580329088
13,1997-03-31,-0.0191109747749445,-0.2469576919061264,-0.03478717788411245,-0.11959110124761252,0.009858867886075371,0.04087728858323625,0.967637248715406,0.967637248715406,0.972222222222222,0.972222222222222,0.2594928162471644,-0.6576498057824117,-3.6186411744622737,-0.9789057350032958,0.008672086720867167,-0.015406162464985941,-0.13713798977853495,-0.13953488372093015,0.01013171225937204,-0.006993006993006978,-0.015561015561015634,0.08591065292096213,0.030350438047559436,-0.13748378728923472,0.0,-0.14461247637051033
14,1997-06-30,0.04609298308666943,0.4974042179532605,0.07749978367034549,-0.04261008744534667,-0.009381255592471828,-0.2102006970132372,-0.5873459476794796,-0.5873459476794796,-0.5915492957746479,-0.5915492957746479,-1.2491074587501203,0.2751045038815727,-2.5583604954367667,330.4166666666667,2.8493641411427553,-0.021337126600284532,-0.11846001974333666,-0.1351351351351352,-0.010030090270812586,-0.02816901408450712,0.1331114808652245,0.07911392405063289,-0.053750379593076165,-0.12030075187969926,-0.020000000000000014,0.5640883977900553
15,1997-09-30,-0.053142933034961086,-0.18346519068733855,-0.07928817476270156,-0.05954686712704205,-0.002912032355915084,0.03740547026577179,0.5491284556456091,0.5491284556456091,0.5517241379310347,0.5517241379310347,-2.7279535183989667,-0.2530441212718758,-1.4609343135922026,-2.07587377420166,-0.7963798799497463,0.01744186046511631,0.027995520716685318,0.0277777777777779,-0.0030395136778115233,0.028985507246376937,0.16152716593245242,0.07331378299120228,0.05263157894736836,0.022222222222222143,0.0,-0.13175556340515726
16,1997-12-31,0.008289191286655173,0.08991029130128014,0.01133994427837104,0.050399816660369634,0.00287696937191928,0.10289536033430967,0.18017630617071598,0.18017630617071598,0.2,0.2,0.0220927046750854,0.4337381203801478,-1.1734997163925127,-1.1529360210341806,0.5981489945155394,0.12142857142857146,0.0958605664488017,0.1013513513513511,0.0030487804878047697,0.12676056338028174,0.09671302149178262,0.06830601092896171,-0.005182926829268242,0.11371237458193995,0.0,0.03763222131814481
17,1998-03-31,-0.0264613893921336,-0.08338342735596037,-0.04118697671614502,-0.13405882561060467,-0.0001168458802839334,-0.058881737527169964,-0.041841258274124,-0.041841258274124,-0.05555555555555558,-0.05555555555555558,1.1333950677453943,-0.32151077149696183,-9.099254609650844,-1.738872970391595,-0.2765425037534853,0.040764331210191074,-0.09642147117296218,-0.09202453987730053,0.0,0.03749999999999987,-0.05360230547550426,0.0639386189258313,0.027275513331290302,-0.05855855855855852,-0.04081632653061229,0.058419917663203424
18,1998-06-30,1.7305969906335914,3.6002509742593736,1.7736904110043639,1.0416338954658275,1.486722959003278,-0.21485958211637834,-1.6063506147800737,-1.6063506147800737,-1.2352941176470589,-1.2352941176470589,0.4925296415598657,3.670612978730622,-1.2466779688382983,-3.1349534643226478,2.1345982804624963,-0.005507955936352449,-0.5368536853685368,-0.527027027027027,0.09321175278622083,-0.0060240963855421326,0.10596833130328864,0.06009615384615375,0.0005966587112171684,-0.3110047846889953,-0.3191489361702127,1.2533802556028892
19,1998-09-30,-0.04832806291128133,-0.2535855915626366,-0.03916497012982678,-0.0354833114866735,-0.06918390560835952,2.1780659634985953,-6.4044109961325395,-6.4044109961325395,-6.583333333333334,-6.583333333333334,0.2138598706616155,-0.3836728764934452,-7.283675873805473,-3.694599176556067,-0.7015353573567893,-0.07446153846153848,0.5985748218527316,0.5928571428571427,-0.07228915662650592,-0.1575757575757576,0.20044052863436132,0.056689342403628114,-0.022063208109719845,0.449074074074074,0.125,-0.2261219792865362
20,1998-12-31,0.05290917783975302,0.2299613238767213,0.061558410151499876,0.12310216700065868,0.03968928967181373,1.1218267895763292,-0.2503481355407705,-0.2503481355407705,-0.5223880597014925,-0.5223880597014925,-0.4266277449577263,0.8090008131135178,-1.8846482364950727,-2.0048534963149383,2.361888665892046,0.059840425531914924,0.06092124814264487,0.05381165919282505,0.03296703296703307,0.14388489208633115,-0.08623853211009169,0.05364806866952798,-0.012499999999999845,-0.2747603833865815,0.44444444444444464,0.09516728624535298
21,1999-03-31,0.02254031133597101,-0.4585981745182093,0.00797087491325943,-0.04383623224551003,0.05349453244889646,-0.5358862679265843,0.07698658410732717,0.07698658410732717,0.6875,0.6875,0.8709946999186295,-0.31818122597876364,-1.5078419366993216,-0.00017889087656530744,0.7024224714864737,0.0,0.056022408963585235,0.05957446808510625,0.04738878143133474,0.0,0.0,0.05091649694501022,0.030256251929607906,0.1013215859030836,-0.03846153846153855,-0.4338085539714868
22,1999-06-30,0.020905432762217124,-0.0673829767870292,0.009430489568397649,0.02494042635409288,0.04442972350570806,-0.11107331925281838,-0.07660981218857799,-0.07660981218857799,-0.09259259259259267,-0.09259259259259267,-0.8024002068738539,-0.4477003038235913,-0.9862044980292142,-2.1084272678475577,-0.4573390177731023,-0.10037641154328736,0.3700265251989392,0.3775100401606426,0.03970452446906747,-0.16981132075471694,0.02108433734939741,0.04844961240310086,0.023074617920287643,0.234,0.1200000000000001,-0.09009934909215478
23,1999-09-30,0.08114698937791087,0.23981121697627786,0.062090735886607414,0.056125799205114964,0.12188017707286615,0.23085531377413535,0.8547968660820837,0.8547968660820837,0.8571428571428572,0.8571428571428572,3.847570043423949,0.9883405123946928,13.151260504201678,-2.59907183212268,1.3476516001768526,-0.009065550906555031,0.046466602129719314,0.06705539358600587,0.1181172291296626,-0.045454545454545525,-0.3082595870206489,0.04621072088724576,0.03749267721148231,0.09886547811993518,-0.0357142857142857,0.17394578313253015
24,1999-12-31,0.08547740897530831,0.15914630946758826,0.08731066227036455,0.3887070912006283,0.08712086825833909,-0.052943496630655666,-0.37343870200713336,-0.37343870200713336,-0.37362637362637374,-0.37362637362637374,-0.6541399515292818,0.4526448581868801,-19.436817102137766,0.12658675078864354,0.6467085820246856,-0.04996481351161164,-0.042553191489361764,-0.01912568306010931,0.08339952343129475,-0.1507936507936507,-0.1506751954513149,0.04416961130742058,0.0016939582156973998,0.31858407079646,-0.2592592592592593,-0.16533033996151392
25,2000-03-31,0.13202367536291806,4.209193268941903,0.14194899224480362,-0.1852692462176998,0.12143869472736846,0.09563440382029363,-0.5687114920975087,-0.5687114920975087,-0.5789473684210527,-0.5789473684210527,2.2946425403583466,2.188348595830314,0.806651721872222,-2.4822472614860778,-0.5821200151316541,0.18888888888888888,-0.19130434782608696,-0.18105849582172706,0.121700879765396,0.10280373831775692,0.07029288702928871,0.04230118443316422,-0.009301014656144413,-0.14205816554809836,-0.05000000000000005,5.394236311239194
26,2000-06-30,-0.04081803863057132,-0.8375755205710234,-0.011273334949845948,0.2729299693815708,-0.09587959297308524,-0.07777240879439473,1.1883022774327119,1.1883022774327119,1.2500000000000004,1.2500000000000004,-0.9298079356447104,-0.7509227968870046,-0.6294351086247285,-0.7637715546555033,-0.3290736842105263,-0.10218068535825553,-0.027479091995221028,-0.0374149659863946,-0.096078431372549,-0.2033898305084746,0.019546520719311955,0.0405844155844155,-0.057467994310099524,-0.016949152542373058,0.0,-0.8723934859683913
27,2000-09-30,-0.03784054091826716,0.1813771148827923,-0.0331043558767119,0.10287134214228022,-0.049140243626236035,0.14995153388698235,5.534083920715267,5.534083920715267,5.481481481481482,5.462962962962963,11.387388769561214,-0.4201107122386799,-1.4348256983132717,-3.520632077282324,1.2363111487652576,-0.004163775156141636,1.1277641277641277,1.0883392226148412,-0.049168474331164114,0.1063829787234043,-0.0260736196319018,0.03900156006240252,-0.011771808028976594,1.098143236074271,-0.02631578947368418,0.07110901813044501
28,2000-12-31,0.06086311003127087,0.4636044745087222,0.10274918199304196,0.08097566731344075,-0.019579801767138468,-0.1598898578723068,-0.7798499898641801,-0.7798499898641801,-0.78,-0.7822349570200573,-0.5565326166383869,2.4458909365205295,-6.985528091876701,0.9580203045685278,1.0824622206008219,0.05853658536585371,0.05600461893764441,0.01522842639593902,-0.019771863117870717,0.1153846153846152,-0.5055118110236221,0.03753753753753752,-0.07574832009773991,0.04804045512010102,-0.027027027027027084,0.3539239393273246
29,2001-03-31,-0.054311510082173935,-0.04723895575268533,-0.036277109632637534,-0.2202601497832085,-0.0979257629061896,0.5415667083071951,-0.8487404630360431,-0.8487404630360431,-0.8441558441558441,-0.8421052631578947,1.2305758811372396,-0.2351882185101035,-0.9653113585614362,-1.4345526663728516,-0.22588013340969584,0.01974983541803832,0.04373974849644613,-0.0049999999999998926,-0.09852598913886744,0.034482758620689724,-0.019108280254777062,0.0361794500723589,-0.046265697290151835,-0.11097708082026536,0.11111111111111116,0.2219516155220005
30,2001-06-30,-0.04016413200597668,-0.1837952745443944,-0.029128014086114432,-0.05226862915670927,-0.06919172491540848,-0.2824772226997829,3.100554408087836,3.100554408087836,3.0,3.0,-0.6174813442179596,-0.6605064078206502,-2.9568368325695404,-0.22279560911585727,-0.22678016554821526,-0.017430600387346673,0.04976427448926146,0.0067001675041875606,-0.06970740103270212,0.0916666666666668,0.006493506493506551,0.034916201117318524,-0.03014553014553023,-0.026458616010854863,0.049999999999999815,-0.1388519798033484
31,2001-09-30,-0.009415965700512952,-0.007024867379402554,0.011316516105528862,0.2377639838928063,-0.062027262418312135,0.08895121444950571,0.8379947509344927,0.8379947509344927,0.8125,0.8125,3.185198520506693,3.1372172800744234,-2.77582920320244,-1.1422375743619266,0.041717321806474805,-0.02496714848883053,-0.5084830339321357,-0.5341098169717138,-0.06660499537465314,0.04580152671755733,-0.012903225806451646,0.03373819163292846,-0.05323329760628781,-0.5400696864111498,0.0,-0.19765468291930252
32,2001-12-31,0.031868829715635316,0.14176998919871986,-0.037853412752516746,-0.299395940355503,0.1954775607369763,-0.029633854397274395,-0.19067949402143336,-0.19067949402143336,-0.2413793103448275,-0.2413793103448275,-0.9854296037915878,-0.3421145089662151,4.4468502729558965,-2.5984889368591477,-0.06401417734650218,0.007412398921832874,-0.01015228426395942,-0.007142857142857229,0.05847373637264619,0.08029197080291972,1.191176470588235,0.03263707571801566,0.1584905660377358,-0.059090909090909076,0.0714285714285714,0.6296153846153847
33,2002-03-31,0.028006226949450985,-0.006456172368794699,0.04337118079774505,-0.004477266920540624,-0.003491037307757017,-0.015906675885238086,-0.8263620324000641,-0.8263620324000641,-0.8333333333333334,-0.8333333333333334,39.6231884057971,0.12489185580774365,-0.7661542792792793,1.99510465901418,-0.20484194971022185,-0.0013377926421404007,-0.007179487179487244,0.0,-0.008426966292134797,-0.054054054054054064,0.0454884414615957,0.031605562579013924,-0.030618892508143425,0.08695652173913038,-0.08888888888888903,-0.0020061364172764273
34,2002-06-30,0.03901874862985033,0.6294511034931238,0.07543955772572875,0.2745289744373154,-0.03957431404592071,-0.033041146616748174,-0.3518423483526635,-0.3518423483526635,-0.3636363636363635,-0.3636363636363635,-0.17327995137484975,0.17246814409692554,2.042353904312441,-1.2548610719720452,0.06565517241379304,-0.06831882116543864,-0.19628099173553729,-0.19784172661870505,-0.04721435316336165,-0.06428571428571417,-0.06419400855920121,0.030637254901960675,-0.07560483870967727,-0.18222222222222229,-0.02439024390243893,0.2784675416814473
35,2002-09-30,0.013032011340784022,-0.11741560522420855,0.04409399872686026,0.2161123807392964,-0.035796996936805825,0.237647001454776,6.083135391923991,6.083135391923991,5.999999999999999,5.999999999999999,0.0760065210094778,-0.2527372410553765,-0.5068538685576801,1.7439186200796106,0.16905323105849024,-0.2429906542056075,-0.19151670951156807,-0.1973094170403588,-0.043607532210108935,-0.20610687022900764,-0.0609756097560975,0.029726516052318575,-0.04798255179934563,-0.2028985507246377,0.024999999999999908,-0.2742323344432113
36,2002-12-31,0.035674694899253456,0.8021903425299137,0.0059245965277747725,-0.013070366564251869,0.037237843514177804,-0.2173284354606334,0.030471719204113512,0.030471719204113512,0.020408163265306145,0.020408163265306145,-0.012967432879052332,-1.0514177960086049,-3.344776119402985,-1.2994036105738234,-0.25561447468096266,-0.18898385565052234,-0.07631160572337037,-0.11173184357541888,0.02694300518134707,-0.15384615384615385,0.04220779220779214,0.028868360277136237,0.001527300496372508,-0.06818181818181812,-0.04878048780487798,0.8260481712756469
37,2003-03-31,0.10181513826887344,0.0577134190916817,0.14117774116346338,0.17565098826649914,0.006366443559762347,0.5031521576800388,-1.0103703382292322,-1.0103703382292322,-1.02,-1.02,0.25390710238602243,-32.02581936979661,-1.8941431729670164,-1.7741588156123822,0.02916771042084165,-0.025761124121779774,-0.08777969018932874,-0.13836477987421392,0.0050454086781031035,-0.045454545454545525,0.10747663551401863,0.014590347923681081,-0.08692337018680896,-0.17804878048780493,0.0512820512820511,-0.10035592155768036
38,2003-06-30,-0.04286979292718674,-0.2414798518836108,-0.0694871791215873,-0.059858410500818526,0.03454066281360268,-0.2785228680829213,-68.26778242677824,-68.26778242677824,-36.0,-36.0,-0.675491919852619,-1.2333697911713155,-1.928381698906129,-0.4780945757997218,0.02283410664029817,0.10096153846153856,0.2547169811320755,0.2408759124087592,-0.13052208835341372,0.09523809523809534,0.22714486638537254,0.013274336283185972,0.08100208768267225,0.25222551928783377,-0.02439024390243893,-0.1931580172213171
39,2003-09-30,0.030111999198215944,0.1199211444403432,-0.04327551644657335,-0.08335849832465414,0.21070174456650514,0.17524586409858078,2.2105492318218567,2.2105492318218567,1.7142857142857144,1.685714285714286,-1.7000018492150082,-2.8497489265701184,-2.577312192346699,16.55962691538974,0.3920072580165388,0.1299126637554584,0.37593984962406,0.4352941176470588,0.20669745958429545,0.3043478260869563,-0.10830945558739248,0.014192139737991159,0.17535728080339896,0.4810426540284361,-0.025000000000000026,0.22170945101432535
40,2003-12-31,0.02229568012487193,-0.3912386654871626,0.022574657269051283,-0.2516513701180645,0.024543887748017083,0.08821120871250421,-0.5288767048977061,-0.5288767048977061,-0.5473684210526315,-0.5319148936170213,-7.264172874729224,-1.6148386538355617,-1.8707566205605917,4.6413097089957125,1.5886658190249272,0.13526570048309172,-0.05027322404371581,-0.012295081967213184,0.020095693779904392,-0.06666666666666654,-0.1516709511568124,0.012917115177610405,0.002300361485376268,-0.060799999999999965,0.0512820512820511,-0.18651137168489795
41,2004-03-31,-0.0011006442588631369,0.32149624590696835,-0.006914148925943886,-0.06238665088413775,0.009127428927590442,0.07797806069302271,-0.2995373702066413,-0.2995373702066413,-0.2790697674418604,-0.2954545454545454,-0.4812629678986522,-2.7864931275435767,-0.8243363310000359,-1.3083570967394813,-0.189238941559594,0.0859574468085107,0.1162255466052935,0.1867219917012448,0.008442776735459567,0.0714285714285714,0.12424242424242428,0.01381509032943673,0.010163934426229426,0.18909710391822832,0.0,0.4094031150237012
42,2004-06-30,0.0011569627371992295,-0.013649847054175157,0.0066070362945396255,-0.1138926905287554,-0.008947921359254929,-0.256864712471072,-1.3840373381865148,-1.3840373381865148,-1.3870967741935485,-1.3870967741935485,0.21358481362546236,0.18212947640641008,-1.288199309661324,-0.8406290213527012,-0.03719862344220903,-0.018808777429467072,-0.2453608247422681,-0.2167832167832168,-0.026046511627906943,-0.033333333333333326,-0.1731805929919138,0.012578616352201257,-0.010061668289516379,-0.21060171919770765,0.0,0.11318553092182015
43,2004-09-30,0.02348057594554653,0.032321973676321385,0.007833552194140836,0.022269790985547155,0.06153875994815205,0.10350410337422099,-7.251777115340518,-7.251777115340518,-7.0,-6.916666666666668,-0.7160379696805268,-0.025924601707702832,12.580576307363927,-0.476529355412618,-0.026754791804362243,0.03274760383386588,-0.14344262295081955,-0.1339285714285714,0.04106972301814715,0.06034482758620685,0.3422982885085575,0.013457556935817738,0.03704918032786897,-0.11615245009074415,-0.02439024390243893,0.009803921568627416
44,2004-12-31,0.0397996797368736,-0.13621273644303478,0.0533264489991514,0.21129995216557607,0.017442784235714326,-0.07635163246983599,-0.4837636932707355,-0.4837636932707355,-0.5,-0.4788732394366198,3.40984689424143,0.08343961328613457,-0.4236804191224624,-21.59633986928105,0.4266699263847011,0.03866976024748636,-0.06060606060606066,-0.05670103092783507,0.011009174311926495,0.0,0.21675774134790535,0.013278855975485282,-0.021498577300031685,0.006160164271047153,-0.07500000000000008,-0.2868657263235025
45,2005-03-31,-0.017365139211136915,-0.16371077762619368,-0.021824957567707196,-0.060430180949129435,-0.008393847114859021,0.2422875634923927,-0.9526335733232284,-0.9526335733232284,-0.9444444444444444,-0.945945945945946,0.1448196908986834,-0.22883015314296215,-3.6877566171234637,-2.2401467358880947,-0.372048743335872,0.011913626209977712,-0.2325976230899831,-0.2295081967213115,-0.008166969147005432,0.0,0.06786427145708585,0.013104838709677493,0.009369951534733412,-0.206122448979592,-0.027027027027027084,-0.10994091959928064
46,2005-06-30,-0.006259607698456571,0.2554183174085294,0.01923766054959364,0.2458817829457365,-0.04405685263199344,-0.16519561068702293,-30.35,-30.35,-26.0,-26.0,-0.30186915887850463,-0.3209233060312733,-1.443630214205186,-2.4012282497441153,0.46513038204972706,-0.009565857247976428,-0.4070796460176991,-0.4113475177304964,-0.04666056724611156,0.0,0.2836448598130841,0.012935323383084452,-0.03809218950064031,-0.4113110539845758,0.0,0.0075998075998076065
47,2005-09-30,-0.02403286884637279,0.16270651568591046,-0.05952887622360802,-0.06173439626677035,0.0525535420098846,0.24903557651093025,-2.9080068143100513,-2.9080068143100513,-2.92,-2.92,-0.01740294511378848,-1.4013157894736843,-4.621346886912327,-1.7421475529583637,-0.42052980132450335,0.08543833580980675,0.44402985074626855,0.4457831325301205,0.048944337811900114,0.1382113821138211,0.7728431015653441,0.012770137524558134,0.07853577371048259,0.3799126637554586,0.05555555555555558,0.2392591178155432
48,2005-12-31,-0.01943852708460136,0.4236449269577711,-0.007496458366126223,0.6374468966946429,-0.04503834715917987,-0.008121711278883503,-1.5625,-1.5625,-1.5729166666666667,-1.5729166666666667,-0.38692098092643057,-3.7322404371584703,-1.2642105263157897,-1.6427165354330708,0.4664285714285714,-0.03901437371663241,-1.0801033591731266,-1.0833333333333333,-0.04757548032936865,-0.08571428571428563,-0.3215605749486653,0.012609117361784605,-0.0262264733107066,0.0,0.07894736842105265,-0.13058551617873648
49,2006-03-31,-0.10230050044613416,-0.3685095884266009,-0.16487917054893642,-0.3872049610833386,0.016513009629174347,0.0735785953177257,-1.0317460317460316,-1.0317460317460316,-0.9818181818181818,-0.9818181818181818,-0.37,-5.42,-9.678618857901727,-3.3705972434915767,-0.7540185094982952,0.09330484330484334,0.0,0.0,0.01344860710854956,0.1484375,0.0,0.013409961685823868,0.13244613434727515,0.0,0.07317073170731714,0.03048294195835188
50,2006-06-30,-0.012417170844137182,-0.06588527792576804,-0.023857000427289558,0.052147872779843014,0.005764269590454729,-0.2514770652057149,21.5,21.5,-40.0,-40.0,1.9347442680776008,-0.994343891402715,-0.8800306044376435,-1.584625322997416,1.7920792079207921,0.07687296416938127,-13.419354838709678,-14.1,0.0037914691943126133,0.06802721088435383,0.0,0.01417769376181477,0.018186905428091867,-0.09810126582278487,0.04545454545454541,-0.11213345945481136
51,2006-09-30,0.014192362671022972,0.06482889733840302,0.027747379684346152,0.07547354990676225,-0.006733197066249863,0.2778415614236509,0.7333333333333334,0.7333333333333334,0.7179487179487181,0.7179487179487181,-0.2674278846153846,-31.8,-0.15816326530612246,-1.2331491712707183,-0.14964539007092206,0.07501512401693877,-0.3480519480519481,-0.33587786259542,0.007554296506137925,0.07006369426751591,0.3616828087167072,0.01304753028890948,-0.0206100577081616,-0.3578947368421053,0.04347826086956519,-0.009878934624697357
52,2006-12-31,0.018840517179387502,0.0478485984645598,-0.009961667692016452,0.005749224311005553,0.0698059153451962,-0.055143755615453705,1.4358974358974357,1.4358974358974357,1.4626865671641789,1.4626865671641789,-0.3789991796554553,-2.305194805194805,-0.5318181818181817,-7.886255924170616,1.2118432026688906,0.06415306696679801,3.9681274900398407,4.206896551724138,0.06935332708528598,0.0535714285714286,0.6812625027783952,0.013799448022079108,0.05022446689113358,4.1256830601092895,0.0,0.04186637973197693
53,2007-03-31,-0.05155206730565631,-0.3273130005111603,-0.06639420663942064,-0.2357317847745214,-0.03296496058537324,0.0848686556519671,-0.6684210526315789,-0.6684210526315789,-0.6666666666666666,-0.6666666666666666,1.2681638044914134,-1.4487562189054726,8.11326860841424,-2.0667584308327602,-0.5852187028657616,0.07773664727657326,0.1836407377706495,0.20309050772626924,-0.012269938650306787,0.011299435028248705,-0.8003701745108408,0.014519056261343087,0.01950307240181659,0.199360341151386,0.0,-0.119894845554408
54,2007-06-30,0.004851984699876466,-0.049645390070921946,0.0256764713411668,0.10008310578178793,-0.026405086001794142,-0.1824257696943136,-0.2380952380952381,-0.2380952380952381,-0.21818181818181825,-0.21818181818181825,-0.18054746651135697,0.6141906873614191,-0.8125,-1.0974193548387097,0.13909090909090915,0.035328753680078595,0.008130081300812941,0.011009174311926715,-0.010647737355811815,0.04469273743016755,-0.14304635761589402,0.013416815742397059,-0.031184486373165617,-0.00622222222222224,0.02083333333333326,-0.1361211862598678
55,2007-09-30,0.026023846552617916,0.1325959488272921,0.04003394399241245,-0.18594862939779844,0.006249499238843104,0.2158938622353257,1.4791666666666663,1.4791666666666663,1.5116279069767442,1.5116279069767442,-0.4513148542999289,0.7005494505494505,-1.5568181818181817,-2.1390728476821192,-0.1372705506783719,-0.10236966824644544,0.10416666666666674,0.1088929219600725,0.020627802690583064,-0.09090909090909094,-0.1128284389489953,0.014121800529567574,-0.01920476061671628,0.1028622540250448,0.020408163265306145,0.3913311928871328
56,2007-12-31,0.03789409862570725,0.7323214495823038,0.022510199184065268,0.2422113217552697,0.0674416752926188,-0.03956794885925274,0.6386554621848739,0.6386554621848739,0.6296296296296295,0.6203703703703702,1.5803108808290154,-5.609854604200324,-5.530612244897959,-38.01744186046512,5.897317298797411,0.06546990496304117,0.009129640900791271,0.008183306055646433,0.06678383128295251,0.04117647058823537,-0.05226480836236935,0.013925152306353272,0.028405956977385568,0.0024330900243307862,0.0,0.39460370994940974
57,2008-03-31,-8.345271708143366e-05,-0.047680499898118615,-0.009176680435598937,-0.03596584845250805,0.014359242130389303,0.13839798026164796,-0.6512820512820513,-0.6512820512820513,-0.6477272727272727,-0.6457142857142857,-0.5637550200803213,-1.2037848256527073,-0.3708708708708709,-1.1777917386524266,-0.15182403433476402,-0.054013875123885,-0.003618817852834688,-0.004870129870129913,0.014003294892916074,-0.11299435028248585,-0.07904411764705888,0.015450643776824037,0.014481094127111847,-0.010517799352750769,0.0,-0.012155539998727094
58,2008-06-30,0.029878566162662826,-0.01854361315170105,0.045360873581732575,0.1908557511347282,0.00922895907636878,-0.16592741935483868,-0.11764705882352945,-0.11764705882352945,-0.11290322580645153,-0.11290322580645153,0.8826237054085155,1.6405846947549445,-2.0143198090692125,-0.4832155477031802,-0.0925047438330171,-0.05238344683080143,0.004237288135592987,0.004893964110929794,0.009748172217709072,-0.06369426751592366,-0.06986027944111772,0.014370245139475825,-0.020089875759979003,0.004088307440719641,0.0,-0.1758149722973843
59,2008-09-30,-0.01449236213347016,-0.1871230288496476,-0.039789721743859315,-0.023891419540764125,0.02488341591372767,0.18479574570945131,0.8,0.8,0.7818181818181817,0.7818181818181817,-0.07823960880195603,-0.3966134809508304,-2.8823529411764706,2.324786324786325,-0.33890921763373405,-0.07683803206191264,-0.051838456901748035,-0.03733766233766245,0.024135156878519748,-0.08843537414965974,-0.10407725321888417,0.014999999999999902,0.039924467224170535,-0.0439739413680782,0.0,-0.1672789806925664
60,2008-12-31,0.1240166652961654,0.2923296978365815,0.21108646403624687,-0.011238095238095271,0.003696989086772629,-0.10027542589003367,-0.5185185185185186,-0.5185185185185186,-0.5306122448979591,-0.5306122448979591,-1.5424403183023871,0.3890987587695629,-2.916875,-0.8329048843187661,-0.08566157090142335,-0.16706586826347306,-0.3401144310235219,-0.35413153456998314,0.0039277297721915785,-0.1865671641791045,-0.1461077844311377,0.013957307060755264,-0.1068741893644618,-0.3339011925042589,-0.020000000000000014,0.30704965737351
61,2009-03-31,0.004621105895262989,-0.1485196458218041,0.0009742600494924148,0.013870159892120926,0.011652204710465686,0.07698412698412692,0.4807692307692309,0.3846153846153846,0.4347826086956521,0.4347826086956521,-4.271393643031785,0.2097902097902098,-1.0632539941310728,0.9446153846153846,-0.18218506774286536,-0.0869877785765637,0.0009633911368016613,-0.005221932114882422,0.010172143974960912,-0.09174311926605516,0.3646563814866761,0.015384615384615332,0.006970665117630004,0.025575447570332255,-0.04081632653061229,-0.1601551278368285
62,2009-06-30,0.011639197028909807,-0.07555447233731416,0.02102353467909901,0.08930267908037237,-0.004236101386360436,-0.21854932098115587,-0.5714285714285714,-0.5972222222222222,-0.6060606060606061,-0.6060606060606061,-0.3561285500747384,-0.11078998073217727,-4.458762886597938,-0.4066455696202531,-0.1321818822700035,-0.04803149606299206,-0.11357074109720887,-0.11548556430446198,-0.00387296669248649,-0.0505050505050505,-0.06269270298047291,0.01515151515151536,-0.015863859244303447,-0.08478802992518686,-0.06382978723404252,-0.15135967162647512
63,2009-09-30,0.05043609708108887,-0.7583267422444855,0.09628033783912616,-0.13413570556427698,-0.029743697922160136,0.19318334905024925,-2.203030303030303,-2.527586206896552,-2.5384615384615383,-2.5384615384615383,-0.12594312246082418,0.06500541711809316,0.11475409836065564,0.8533333333333333,-0.2822908204711616,0.1066997518610422,-0.5819761129207384,-0.5667655786350149,-0.030326594090202105,0.1063829787234043,0.24342105263157895,0.0149253731343284,-0.07620164126611961,-0.5722070844686649,-0.06818181818181822,-0.7208786779524385
64,2009-12-31,0.0320134312504996,0.02363636363636368,0.04650353906888571,0.0818896051571314,0.004674421132731865,-0.03477475443152312,-2.496221662468514,-2.2257336343115126,-2.225,-2.225,-0.5577689243027888,-0.09901661580196676,1.6430481283422458,-0.9798561151079136,-0.007923033389926394,0.07623318385650224,0.025974025974025983,0.03424657534246589,0.004811547714514752,0.10576923076923063,1.5917107583774253,0.014705882352941124,-0.026649746192893287,0.028662420382165713,-0.02439024390243893,-0.05379061371841143
65,2010-03-31,0.004360336432049472,0.014920071047957341,0.006281678437889404,0.16888557862396425,0.0005770756690470781,0.04257807930752144,-0.1902356902356902,-0.20073664825046045,-0.20408163265306126,-0.20408163265306126,1.840840840840841,-0.12608204742190446,-0.9600404653515427,24.07142857142857,-0.2002281802624073,0.11111111111111116,-0.2506329113924051,-0.2384105960264901,-0.0007980845969672856,0.11304347826086958,0.07791765906770998,0.014492753623188468,-0.003585397653194211,-0.2445820433436533,-0.05000000000000005,-0.13162914917970234
66,2010-06-30,-0.0035039777861031185,3.0395519775988795,-0.006060806235859473,-0.2878534448426921,0.0017662749621512044,-0.16795691686300904,0.09147609147609148,0.10138248847926268,0.10256410256410242,0.10256410256410242,0.53276955602537,-0.2962962962962963,-13.113924050632914,-1.8803418803418803,0.22039942938659046,0.015625,0.2331081081081079,0.16521739130434798,0.0015974440894568342,0.015625,0.3863636363636365,0.015037593984962294,0.00523388943408576,0.2295081967213113,0.0,4.671353251318101
67,2010-09-30,0.02014684417709756,0.011697426566155356,0.012228757518359723,-0.2261492003131641,0.03911338203015369,0.28330636461704417,1.927619047619048,2.1192468619246863,2.1395348837209305,2.1395348837209305,-0.2537931034482759,0.2906976744186047,-0.5862068965517242,-2.103559870550162,-0.19929865575686734,0.0436923076923077,1.8794520547945208,1.5746268656716418,0.039074960127591714,0.03846153846153855,-0.1514116575591985,0.014814814814814838,0.018548649528148387,1.856666666666667,0.0,0.3073287883483111
68,2010-12-31,0.006189165167248323,-0.06414868105515592,0.008420603394504456,0.25263766440237023,0.002008449338596785,-0.12630030471787326,-0.6616785946649317,-0.6827632461435278,-0.6814814814814816,-0.6814814814814816,0.33687615526802217,0.2328117591275487,-0.8232323232323232,-1.6539589442815248,0.16277372262773726,0.08018867924528306,-0.034253092293054184,-0.028985507246376833,0.0015349194167306734,0.04444444444444429,-0.6305339415079152,0.014598540145985384,-0.004153354632587925,-0.017502917152858788,-0.02631578947368418,-0.2528592592592593
69,2011-03-31,0.012668454900946813,-0.10588450626887523,0.014551965491983452,-0.10130379600784588,0.009296378213989431,0.13650030066145513,0.5326923076923078,0.5539112050739958,0.5348837209302326,0.5348837209302326,-0.09678534393363293,-0.10269230769230764,7.742857142857143,-2.4887892376681613,-0.20841180163214054,0.05731441048034936,0.09064039408866996,0.09253731343283578,0.008429118773946255,0.049645390070921946,0.08206245461147432,0.01510791366906461,-0.0032082130253449077,0.0878859857482186,0.027027027027026973,-0.00515545685279184
70,2011-06-30,-0.01056326791128126,-0.10153531218014332,-0.010588971425821048,-0.02413660290152775,0.0022941277178565307,-0.1328042328042328,-0.3061480552070264,-0.3047619047619048,-0.303030303030303,-0.303030303030303,-0.21354764638346724,-0.5379339905700815,1.3970588235294117,0.4759036144578313,-0.3885804916732751,0.032524522457408216,-0.0027100271002711285,0.0,0.0022796352583585033,0.027027027027026973,-0.06442953020134234,0.014883061658398368,0.012874155133569376,-0.012008733624454204,0.0,-0.0793271147253447
71,2011-09-30,0.019363092934244985,0.07894736842105265,0.017172323209392104,0.018813314037626542,0.02541678054113139,0.2466137888956681,1.2766726943942133,1.3874755381604698,1.391304347826087,1.391304347826087,-0.2900243309002433,0.533395176252319,-0.9182004089979551,-0.3591836734693877,-0.4072632944228275,-0.05000000000000005,-0.0932971014492754,-0.08743169398907102,0.02501895375284313,-0.05263157894736848,-0.060258249641319976,0.015363128491620024,0.006037496027963218,-0.10276243093922656,0.02631578947368429,0.05905784551437465
72,2011-12-31,0.02179026082921109,-0.08510188997993873,0.031118479785741563,0.1040805785123966,0.0037979744136460436,-0.13938919342208303,-0.5154884829229547,-0.5327868852459017,-0.5272727272727273,-0.5272727272727273,-0.3831391363947909,-0.11857229280096793,-2.783333333333333,0.09235668789808926,-0.75054704595186,0.06999999999999984,0.022977022977022976,0.017964071856287456,0.003698224852071164,0.04166666666666674,0.17099236641221371,0.014442916093535096,-0.017687934301958252,0.01970443349753692,0.0,-0.17130008176614864
73,2012-03-31,-0.006162326200724655,-0.09913444893248702,-0.006833642547928287,-0.0955555555555555,-0.00514437437769666,-0.12909463148316647,-0.3622950819672132,-0.387719298245614,-0.3846153846153846,-0.3846153846153846,1.3888888888888888,-0.07275223061084424,-3.822429906542056,-1.5685131195335278,1.7105263157894743,0.06296114117068385,-0.1328125,-0.13235294117647067,-0.00442151805453206,0.06000000000000005,0.028031290743155024,0.015593220338983029,0.0009646302250805316,-0.08212560386473433,-0.05128205128205132,-0.0040453872718302355
74,2012-06-30,0.031781641428304315,0.17909300538047646,0.04500451446184495,0.2379412905728695,0.0056380316930775285,-0.09847198641765707,0.794344473007712,0.8882521489971347,0.875,0.875,-0.4223255813953488,0.38193930421909705,-2.033112582781457,-1.0051282051282049,-0.0032362459546925178,0.018047200370199024,0.04842342342342332,0.033898305084745894,0.005181347150259086,0.025157232704402288,0.16233354470513614,0.014686248331108097,-0.02537744940571807,0.09736842105263156,-0.054054054054054064,-0.0474539330295225
75,2012-09-30,0.03187976887922539,0.1175575836592786,0.03205767998927445,-0.012326334482398392,0.033704883227176234,0.2858177603940315,1.2163323782234956,1.2867981790591805,1.266666666666667,1.266666666666667,1.1022544283413849,0.04927691483663632,-1.8798076923076923,-104.0,0.3344155844155845,0.029545454545454538,0.09129967776584302,0.07540983606557394,0.03387334315169355,0.024539877300613574,-0.027277686852154925,0.015131578947368498,0.0019775873434408893,0.14748201438848918,-0.05714285714285705,0.13146125845033807
76,2012-12-31,0.05215151840326216,-0.033346295936223964,0.07442155858027455,0.07879428873611838,0.006065468549422359,-0.15401081568274,-0.5326438267614738,-0.5467816854678169,-0.5514705882352942,-0.5514705882352942,-0.07774798927613946,2.255742725880552,-7.868852459016392,-2.9320388349514563,-0.4841849148418491,-0.030022075055187614,0.026574803149606474,0.009146341463414531,0.005698005698005604,-0.06586826347305386,-0.12002243409983172,0.014257939079714843,-0.04374999999999996,0.07941483803552774,-0.09090909090909094,-0.10396176119128607
77,2013-03-31,-0.004784201010616052,-0.12461027858795135,-0.007724653062321173,0.017745098039215756,0.003508883855944278,0.1447596217871887,0.10788381742738597,0.023426061493411417,0.03278688524590168,0.03278688524590168,-0.17524916943521596,-0.8123236124176858,-1.1238398302837445,-2.618090452261306,1.5188679245283017,0.06873008648156588,0.09587727708533067,0.09063444108761344,0.004249291784702569,0.0641025641025641,0.03569152326322511,0.014696485623003188,0.008255933952528327,0.07744433688286545,0.03333333333333344,-0.13982355354944598
78,2013-06-30,0.014319119798023028,0.026424632352941124,0.018832417210473684,0.033137462672189644,0.004640961251152209,-0.16472778036295954,-0.15355805243445694,-0.06580829756795425,-0.0634920634920636,-0.0634920634920636,0.13141993957703926,0.6917293233082706,0.3725910064239828,-2.3012422360248452,-0.7846441947565543,0.06814310051107307,-0.013123359580052507,-0.024930747922437657,0.0042313117066290476,0.06626506024096401,-0.03507692307692312,0.015113350125944612,-0.0095530535653362,-0.010781671159029615,-0.03225806451612912,-0.00655933214072757
79,2013-09-30,0.008596935963848695,-0.014886948735169048,-0.0016743518530822898,-0.01836829836829834,0.0336022781205505,0.20696378830083573,1.3628318584070795,1.4134762633996938,1.4067796610169492,1.4067796610169492,-0.02180685358255452,-0.056790123456790124,-0.6474258970358815,-1.1479713603818615,0.5391304347826087,0.02033492822966521,0.007978723404255206,-0.002840909090909172,0.033707865168539415,0.016949152542372836,0.022959183673469274,0.014888337468982547,0.0248019290389252,0.026339691189827485,-0.033333333333333326,0.003601440576230574
80,2013-12-31,0.011947692419771894,0.14896034541529368,0.015507074686863518,0.3614171732522797,0.004499954082101132,-0.039233787214401065,-0.5749063670411985,-0.5843908629441624,-0.5845070422535211,-0.5845070422535211,-0.6000909918107371,0.26439790575916233,-7.446902654867258,-2.274193548387097,-0.4463276836158192,0.0015631105900741904,-0.01934916446789792,-0.019943019943019943,0.0047554347826086465,-0.033333333333333326,-0.016832917705735584,0.014058679706601572,-0.00739495798319323,-0.032743362831858525,0.034482758620689724,-0.15610047846889952
81,2014-03-31,0.0003959540693279085,-0.07416930379746832,-0.005977035600062908,-0.034256610618851546,0.015267873468641337,0.1443670429978381,0.6240822320117474,0.6488549618320612,0.6440677966101696,0.6440677966101696,2.340159271899886,-0.2679089026915113,-1.7693891557995882,-1.5949367088607596,0.4795918367346938,0.043698790479906435,0.09058295964125553,0.07267441860465129,0.015551048005409076,0.04022988505747138,0.050095117311350634,0.015069318866787198,0.014900101591601713,0.0759377859103385,0.03333333333333344,-0.04138908575478384
82,2014-06-30,0.024269573978123127,0.07893612475966671,0.0347987763067672,0.2521311949140297,0.0017709740357196855,-0.21253148614609574,-0.418625678119349,-0.4277777777777778,-0.422680412371134,-0.422680412371134,-0.473433242506812,0.08710407239818996,-1.350579839429081,-0.6382978723404256,0.11724137931034485,0.08747663551401863,-0.022203947368421014,-0.018970189701897008,0.0013315579227695107,0.07182320441988943,-0.015700483091787287,0.015439429928741257,-0.02202202202202197,-0.017857142857142794,0.0,-0.1382522549164572
83,2014-09-30,0.018214392355927037,-0.04732204732204737,0.013915259636827049,0.005019616893607193,0.0294241025948343,0.12368385978941765,1.4245723172628306,1.480582524271845,1.464285714285714,1.464285714285714,1.0420439844760674,0.4120707596253903,-2.2595419847328246,-4.0588235294117645,-0.32098765432098764,-0.006875214850464051,-0.023549201009251508,-0.024861878453038774,0.0292553191489362,-0.010309278350515427,0.0012269938650306678,0.014619883040935644,0.010917775503241243,-0.004329004329004293,-0.03225806451612912,-0.05216197666437883
84,2014-12-31,0.04242711747455585,0.0839654993245349,0.0614199354003544,-0.30265801710775586,0.000902316916986834,-0.046257857905349316,-0.5991019884541373,-0.6086105675146771,-0.6014492753623188,-0.6014492753623188,-0.5955020589166931,0.021739130434782702,-4.94949494949495,-9.826923076923077,4.172727272727273,0.08307372793354095,-0.025839793281653645,-0.033994334277620435,0.0012919896640826154,0.05208333333333348,0.09558823529411753,0.0149855907780978,-0.03982450219372269,-0.006086956521739184,-0.033333333333333326,0.5544895003620565
85,2015-03-31,-0.0005212685857073351,-0.12453264308311762,-0.01948989982712479,-0.15773442002140448,0.04606391950446387,0.11603034448451675,0.5871999999999999,0.6100000000000001,0.5818181818181818,0.5818181818181818,1.4643696162881752,-0.09520375045077534,-1.1181585677749362,-0.11328976034858385,0.7152899824253076,0.04442313838286993,-0.04774535809018565,-0.04985337243401755,0.02709677419354839,0.044554455445544594,0.0564876957494409,0.015332197614991385,0.04674868189806691,-0.013123359580052507,-0.0344827586206895,0.03947828112262708
86,2015-06-30,0.019263882910030228,0.14312308366184845,0.02533571635590759,-0.030886521356661145,0.006588640849573224,-0.200802317806998,-0.2933467741935484,-0.30020703933747417,-0.31034482758620696,-0.31034482758620696,-0.3562122656498252,-0.1255480271024313,0.12554112554112562,-2.051597051597052,-0.4385245901639344,-0.0728274173806609,-0.0046425255338904394,-0.003086419753086323,0.003768844221105461,-0.09952606635071093,-0.044997353096876684,0.015659955257270708,-0.012424445936870532,0.02570921985815611,-0.0357142857142857,0.17947568899843147
87,2015-09-30,0.02000438585804432,0.04195804195804187,0.014357053682896304,-0.0007060010085728763,0.03435704816615104,0.2533463469046291,1.6034236804564903,1.6612426035502958,1.6500000000000004,1.6500000000000004,-0.12142152023692,-0.34958979033728355,-2.8884615384615384,-2.97196261682243,1.54014598540146,-0.033003300330032966,0.04664179104477606,0.046439628482972006,0.03379224030037542,-0.03684210526315779,-0.04434589800443467,0.014867841409691662,0.013940836450187177,0.05272255834053596,0.0,0.04274316109422505
88,2015-12-31,-0.005048333412960071,-0.2398639330697803,-0.004806966618287389,0.3719216794509488,-0.005633878030545714,-0.17666036266548002,-0.7994520547945205,-0.8104502501389661,-0.8113207547169812,-0.8113207547169812,-0.01179775280898876,1.145760336370007,-1.0631364562118126,-2.580568720379147,-0.9583333333333334,0.02730375426621157,-0.08199643493761144,-0.07100591715976334,-0.006658595641646503,-0.005464480874316946,-0.0324825986078886,0.01519262072707539,-0.0006706908115360344,-0.04597701149425293,-0.03703703703703709,-0.4458917835671343
89,2016-03-31,0.00318522312568037,-0.07051282051282047,-8.166979734225421e-05,-0.007945265945707325,0.010875110765017126,0.1401162005134442,1.7076502732240435,1.8299120234604107,1.8333333333333333,1.8333333333333333,0.2978965321205229,-0.2815153494448073,2.0,-0.992503748125937,-0.1724137931034483,0.12192691029900328,-0.011650485436893177,-0.009554140127388531,0.009750152346130523,0.13186813186813184,0.20503597122302164,0.015499732763228247,0.007718120805369154,0.017211703958691867,0.0,-0.06312674667105045
90,2016-06-30,0.011998404467491008,-0.08614183474300585,0.014561747409689074,0.018316648127549184,0.006800191255379007,-0.1057122540886466,-0.1281533804238143,-0.13056994818652845,-0.5647058823529412,-0.5647058823529412,0.2339027595269383,0.2763636363636364,-1.0860215053763442,-2.7,0.35416666666666674,0.1003849570624813,0.031434184675834816,0.03536977491961424,0.006035003017501594,0.08737864077669921,0.10696517412935314,0.015789473684210575,-0.004995004995005048,0.030456852791878264,0.0,-0.10264958764695564
91,2016-09-30,0.027102022797862,0.36423180976790537,0.03161514398748744,-0.0025487911447713567,0.018178460239565156,0.22528491916247015,0.5162037037037037,0.5303933253873658,0.5405405405405403,0.5405405405405403,-0.4888178913738019,-0.03490028490028485,255.5,45.0,12.03076923076923,0.05059203444564053,-0.13714285714285712,-0.1366459627329193,0.01739652069586084,0.04464285714285698,0.008539325842696677,0.015025906735751215,-0.00870147255689424,-0.13711001642036125,0.0,0.3678138443488464
92,2016-12-31,0.026448285389739867,-0.08454232334829348,0.03809322081136224,-0.1516390450463605,0.0007514705501283637,-0.1380056240536448,-0.5022900763358779,-0.5116822429906542,-0.5087719298245613,-0.5087719298245613,0.4277777777777778,0.5302583025830259,-0.3538011695906432,-1.9782608695652173,-0.9031877213695396,-0.05788934426229509,0.07395143487858724,0.06474820143884896,0.0,-0.07264957264957261,0.08199643493761144,0.014803471158754355,-0.024983119513842026,0.06470028544243589,0.0,0.07905646890636175
93,2017-03-31,0.006811826107762986,-0.1451373845627637,0.006035352992976639,0.0025817555938036922,0.00903676851372337,0.07139272271016317,0.5797546012269938,0.6012759170653907,0.5714285714285714,0.5714285714285714,0.6230544747081712,-0.2679045092838196,-1.2254901960784317,-1.0026143790849673,0.024390243902439046,0.04513322457857516,0.0020554984583762703,-0.010135135135135198,0.008254716981132004,0.04608294930875578,-0.037479406919275086,0.016096579476861272,0.0020775623268698413,0.007149240393208078,-0.03846153846153855,-0.147323794382618
94,2017-06-30,0.020683406486494468,0.08655641504401168,0.03469257045260465,0.037081545064377774,0.03939028458518301,-0.10375922239138068,-0.0601941747572815,-0.060756972111553724,-0.06818181818181822,-0.06818181818181822,-0.4956547797422834,0.06324110671936768,-6.130434782608695,-6.5,-0.13095238095238093,0.05541103017689908,0.036923076923076836,0.006825938566552781,-0.07602339181286555,0.04405286343612347,0.04578519469405218,0.01534653465346536,-0.08223911541119555,0.024844720496894457,0.0,0.04770043505282784
95,2017-09-30,0.02703115677343315,-0.0775745673253958,0.02761786856494375,0.2167687468962092,0.025627098558167027,0.1850254802038416,0.7706611570247934,0.7900318133616118,0.7804878048780488,0.7804878048780488,1.2661913250148542,0.3813506815365551,-0.5671447196870926,-2.7272727272727275,0.2602739726027397,0.02341631747596762,0.11177052423343237,0.08135593220338988,0.027848101265822708,0.10970464135021096,-0.0008183306055645767,0.015602145294977944,0.001506024096385561,0.11082251082251073,-0.040000000000000036,-0.24188046863413915
96,2017-12-31,0.005164754975238939,0.20439121756487036,0.004507715321212302,0.4618053193660294,0.006740166578402596,-0.05601499614069905,-0.43815635939323216,-0.4443127962085308,-0.4383561643835616,-0.4383561643835616,-0.7378080755112743,-0.04911415115496754,4.161144578313253,8.842105263157897,2.032608695652174,0.042870905587668366,0.09341637010676164,0.056426332288401326,-0.04679802955665013,0.01520912547528508,-0.04668304668304668,0.014882381180989055,-0.05075187969924822,0.05378020265003891,0.0,-0.17605633802816897
97,2018-03-31,0.0038060869197480422,-0.19798917246713066,0.0004697369473094515,-0.035132619823173616,0.011788054134187707,0.07031888798037622,0.2824506749740394,0.28891257995735603,0.2682926829268293,0.2682926829268293,-0.10699999999999997,-0.7990566037735849,-1.028596440035016,-1.3048128342245988,0.010752688172043,-0.08129330254041567,0.04963384865744525,0.029673590504451175,0.06912144702842382,-0.03745318352059923,-0.14132302405498298,0.015610217596972563,0.06534653465346517,0.02588757396449704,0.0,-0.16880341880341876
98,2018-06-30,0.026204552795292768,0.11020801763328293,0.02537386491913329,-0.39358572462020736,0.028169679782582998,-0.10935283204190772,-0.16680161943319838,-0.16956162117452445,-0.17307692307692313,-0.17307692307692313,-2.7278835386338187,0.09507042253521124,-24.612244897959183,1.8421052631578947,-0.5744680851063829,0.02664655605832089,-0.007751937984496138,-0.002881844380403509,0.02114803625377637,-0.03891050583657574,-0.013006503251625669,0.015836050302747928,0.004832713754646889,-0.002162941600576729,0.0,0.8306198229077406
99,2018-09-30,0.04480328429695524,0.39570666335773663,0.042389641768069815,0.2313504055988547,0.05049762107247102,0.13785075358411958,1.0223517978620018,1.0468127490039842,1.0232558139534884,1.0232558139534884,-4.287103046014257,5.829581993569133,0.5808124459809854,-15.555555555555555,19.65,0.047502448579823664,0.046875,0.05202312138728327,0.04615384615384621,0.024291497975708287,0.0375063355296501,0.01513067400275103,0.010358860525342406,0.06936416184971095,0.0,0.13356217818692473
100,2018-12-31,0.01022934157618316,-0.30200924608819346,0.013168962745574442,0.061874313763482514,0.0033476282163487077,-0.05933663579582171,-0.5780874579529073,-0.5849148418491484,-0.5747126436781609,-0.5747126436781609,-0.8314274447949527,-0.6059322033898304,-1.155002733734281,-1.9427480916030533,-0.8970944309927361,0.019869097709209967,-0.06417910447761188,-0.03571428571428581,0.05090497737556543,-0.02371541501976271,-0.043966780654616455,0.014905149051490431,0.0410106188209447,-0.0209459459459459,0.0,-0.3427391603578803
101,2019-03-31,0.01863088292493198,0.038339065087249935,0.01759176406557006,-0.034304482695699745,0.021087293106832217,0.1301659988551802,0.4544419134396356,0.466588511137163,0.4324324324324325,0.4324324324324325,1.1181286549707603,0.4528076463560336,-4.1040564373897706,-0.96536212325686,-0.3019607843137255,0.016044006417602397,-0.04226475279106867,-0.01709401709401703,0.0613562970936492,-0.032388663967611316,0.034236075625958096,0.01602136181575431,0.048188533239535765,-0.011732229123533557,0.0,0.0751832460732984
102,2019-06-30,0.025977827841205503,0.2601815505397449,0.035445562505665766,0.22756188196762614,0.0036733299162823303,-0.1995542949756888,-0.23962411902897415,-0.2238209432454037,-0.2452830188679245,-0.2452830188679245,-0.4710104914411927,-0.3360745614035088,0.7204545454545455,-21.311688311688307,8.786516853932584,0.08166027520866237,-0.04746044962531226,-0.034782608695652195,0.003549695740365122,0.01673640167364021,0.07707509881422947,0.015330705212439844,-0.021812080536912748,0.0006983240223463749,-0.04166666666666663,0.026684846123879998
