,Quarter end,Assets,Current Assets,Liabilities,Current Liabilities,Shareholders equity,Revenue,Earnings,Earnings available for common stockholders,EPS basic,EPS diluted,Cash from operating activities,Cash from investing activities,Cash from financing activities,Cash change during period,Cash at end of period,Price,ROE,ROA,Book value of equity per share,P/B ratio,P/E ratio,Cumulative dividends per share,Equity to assets ratio,Net margin,Asset turnover,Current ratio
0,1994-01-31,0.083586477039018,0.10898721015732904,0.09747593900204744,0.17297878962265267,0.06247446115176336,0.2192126566989112,1.0111529942097697,1.0111529942097697,1.0588235294117645,1.0,0.4185814690035457,1.346096217486445,-45.3190256943413,-10.539232630487382,-0.2764528415218489,0.18289085545722705,-0.07054176072234752,-0.08801020408163274,0.05405405405405417,0.0073800738007379066,-0.1719833564493759,1.0,-0.019405241935483875,-0.008196721311475419,-0.03196347031963465,-0.05455002513826046
1,1994-04-30,0.083586477039018,0.10898721015732904,0.09747593900204744,0.17297878962265267,0.06247446115176336,0.2192126566989112,1.0111529942097697,1.0111529942097697,1.0588235294117645,1.0,0.4185814690035457,1.346096217486445,-45.3190256943413,-10.539232630487382,-0.2764528415218489,0.18289085545722705,-0.07054176072234752,-0.08801020408163274,0.05405405405405417,0.0073800738007379066,-0.1719833564493759,1.0,-0.019405241935483875,-0.008196721311475419,-0.03196347031963465,-0.05455002513826046
2,1994-07-31,0.1610017454172319,0.2561372800716117,-0.005732713518705968,-0.03914368495816667,0.4227875865471731,0.1789617525454399,0.3786833613510328,0.3786833613510328,0.34285714285714297,0.32352941176470584,0.4185814690035457,1.346096217486445,-45.3190256943413,-10.539232630487382,3.6447492547451037,0.06234413965087283,-0.07054176072234752,-0.08801020408163274,0.3333333333333333,0.0073800738007379066,-0.1719833564493759,1.0,0.2253919300950913,-0.008196721311475419,-0.03196347031963465,0.30729859080031896
3,1994-10-31,0.046051410692713464,0.03814094200642937,0.04798663970684647,0.09180713506979687,0.04392808683853455,-0.04129521274496528,-0.2405011842861348,-0.2405011842861348,-0.276595744680851,-0.2666666666666666,-0.8584999644204084,-0.2917824898343633,-1.1145341823056298,-1.8924831374010636,-0.7003343068717732,0.039906103286385,-0.07054176072234752,-0.08801020408163274,0.03846153846153855,-0.21978021978021975,-0.1719833564493759,0.0,-0.0018875838926174504,-0.008196721311475419,-0.03196347031963465,-0.049117811562515816
4,1995-01-31,0.07202020069539983,-0.006601527512318906,0.1102958897831301,0.12846392082194005,0.029861030521062926,-0.05795801786568122,-0.14626044915207326,-0.14626044915207326,-0.17647058823529405,-0.18181818181818174,8.516784008046265,-0.5760736992344622,-0.7219767680018726,-1.443984942781409,1.0376158976305372,0.04966139954853288,-0.07054176072234752,-0.08801020408163274,0.0277777777777779,0.011737089201877993,-0.1719833564493759,0.5,-0.0395040974994747,-0.008196721311475419,-0.03196347031963465,-0.1197262178493128
5,1995-04-30,0.036275367096888944,0.055626624744407716,0.02831679222253447,0.04785641489726089,0.04572607737219081,0.09895938726269572,0.27366259591483844,0.27366259591483844,0.3214285714285714,0.3333333333333333,-1.2158554226417335,-1.387870347698335,-0.8471900652494212,-1.1147791552902138,-0.05844903172586303,-0.10752688172043012,-0.07054176072234752,-0.08801020408163274,0.045045045045044814,-0.13225058004640355,-0.1719833564493759,0.0,0.009188361408882129,-0.008196721311475419,-0.03196347031963465,0.007471753128416969
6,1995-07-31,0.010959830215216735,-0.03630516830637531,-0.03364829768716615,-0.09340781852356683,0.06304956304350172,0.21005083532657576,0.4426059803821743,0.4426059803821743,0.4324324324324325,0.4166666666666667,-5.419260075277702,-7.9851647267705665,9.736914600550962,4.4873662645117225,-0.3406414051846566,-0.04578313253012056,0.012750455373406131,-0.08801020408163274,0.06034482758620685,-0.08823529411764708,-0.05904522613065333,0.3333333333333335,0.05159332321699539,0.008264462809917328,0.009433962264151052,0.06294844739222173
7,1995-10-31,0.0828715596696803,0.07663104203622217,0.1321069575399909,0.2043430891287001,0.030608204466074932,-0.10720919204593593,-0.4833484301292835,-0.4833484301292835,-0.490566037735849,-0.4705882352941176,-0.8772859150930985,-0.29320658160066426,-4.929826812059011,-0.04293536878785365,-0.4944439086593586,0.012626262626262541,-0.0809352517985612,-0.08801020408163274,0.024390243902439046,-0.04398826979472148,-0.02892745883400083,0.0,-0.04823747680890533,-0.06830601092896182,-0.01869158878504673,-0.10601849225707648
8,1996-01-31,0.009305261269872522,-0.059699724773116684,0.0014861465206563727,-0.12221826935071778,0.01842266709123619,-0.039235738327240484,-0.13078622008697827,-0.13078622008697827,-0.11111111111111116,-0.18518518518518526,8.809784448707823,0.3675217773515545,-0.7721737994972742,-1.361687833210524,0.353737891858666,-0.02244389027431415,-0.07045009784735813,-0.06713286713286715,0.015873015873015817,-0.04601226993865026,0.019248395967002674,0.25,0.008880225254494167,-0.06451612903225812,-0.004761904761904856,0.07119289340101531
9,1996-04-30,0.0974770455175562,0.14308055701746736,0.1557638138393438,0.27404622019915137,0.030642566766160725,0.12364929139000247,0.23279633267845454,0.23279633267845454,0.2083333333333333,0.2727272727272729,-0.3047127104556253,-0.3927582136303603,0.972059034245594,1.665887710467973,0.6966086302999936,0.04591836734693877,-0.08491228070175437,-0.09745127436281853,0.03125,0.02893890675241173,0.08453237410071958,0.2,-0.06075568913696861,-0.0877742946708463,-0.014354066985645788,-0.10277218339059356
10,1996-07-31,0.03296727791482157,-0.0038414960123067674,-0.11454651204629684,-0.04266700598881557,0.2226484511394271,0.2898036085010318,1.4282648421231563,1.4282648421231563,1.4137931034482758,1.3928571428571428,0.1896587383660806,-0.018949090559137738,-2.6439729710092275,-1.076262614910881,-0.031312581326885636,0.03170731707317098,0.055214723926380486,0.07807308970099669,0.1439393939393938,0.0,0.09618573797678276,0.0,0.18354285714285726,0.06872852233676974,0.014563106796116497,0.040536079751766214
11,1996-10-31,0.05161289522474877,0.021208609833645253,0.0642474882669195,0.06451392952638413,0.0398472156957419,-0.10807976224558846,-0.34211009896831435,-0.34211009896831435,-0.3857142857142857,-0.35820895522388063,-0.6237413073713491,0.4751571987718386,-1.6120392468841156,19.21131741821397,-0.653325838843054,0.11820330969267134,0.0472383720930234,0.07550077041602465,0.039735099337748325,-0.021875000000000092,-0.00605143721633894,0.16666666666666674,-0.011201235998455015,0.07073954983922848,0.004784688995215447,-0.04067000824820777
12,1997-01-31,0.04602560395338107,-0.007164739678265032,0.07177456696011264,0.09337544036031507,0.021484810460117743,-0.06918671426141887,-0.2601252942819521,-0.2601252942819521,-0.2325581395348837,-0.20930232558139528,3.1439396739733114,0.4773405861190725,-0.9297010398613518,-1.0582994298379924,0.10986836681414712,-0.0063424947145878105,-0.009021512838306656,0.008595988538681931,0.019108280254777062,-0.04472843450479225,-0.10578386605783874,0.0,-0.0234375,0.021021021021021102,-0.014285714285714457,-0.09193121693121664
13,1997-05-02,0.07088506442231424,0.12847062814007934,0.10969308376452892,0.16327544565160168,0.03207701007812491,0.17597781234937515,0.2652896127710063,0.2652896127710063,0.2424242424242422,0.2058823529411764,-0.7154612598790431,-0.5345042559225066,23.19260400616333,0.8721860930465233,0.1853319137346177,-0.03404255319148941,0.008403361344537563,0.026988636363636243,0.031249999999999774,-0.050167224080267636,-0.10127659574468084,0.1428571428571428,-0.03620000000000001,0.02058823529411757,0.004830917874396157,-0.029934450109249888
14,1997-08-01,0.03926767713987212,0.022358895815634217,0.017131164862316698,-0.0674916316751375,0.06306895988212903,0.16966836252277415,0.7972521773723769,0.7972521773723769,0.7804878048780488,0.7804878048780488,2.732056366286816,2.0261857564183146,0.33027620321423257,-2.6297929191716767,-0.2548253676470589,0.013215859030836885,-0.000694444444444331,-0.012448132780082943,0.05454545454545468,-0.017605633802816878,-0.05823863636363635,0.125,0.022826312512969515,0.0,-0.00961538461538458,0.09632855319468424
15,1997-10-31,0.04814416892346785,0.04262232916986575,0.053849273335663916,0.010057162857404656,0.042275085431407115,-0.0988591517496259,-0.30354319504174043,-0.30354319504174043,-0.31506849315068497,-0.31506849315068497,-0.8164254454123161,-0.5041651621809026,0.6650335142036388,-0.4151979670464793,-0.1999831805567236,0.06304347826086952,-0.0006949270326614965,-0.011204481792717158,0.04022988505747138,0.007168458781362075,0.029663147310206032,0.11111111111111116,-0.005477784540474651,0.002881844380403287,-0.01456310679611661,0.03225585536227915
16,1998-01-30,0.008857722078024599,-0.05275106495806403,-0.007197686731347908,-0.019105952421237915,0.025558019385605982,-0.052524401487306194,-0.17699406349674796,-0.17699406349674796,-0.18000000000000005,-0.18000000000000005,6.304635307037612,0.033298318650796244,-0.9264264696015566,-24.35393888421643,5.837870983566347,0.1922290388548058,0.00904033379694025,0.008498583569405138,0.022099447513812098,0.14590747330960865,0.150390625,0.0,0.01652386780905757,0.014367816091954031,-0.0049261083743841185,-0.034299741259205214
17,1998-05-01,0.1717835631256972,0.3849830441950661,0.29955801957330985,0.3452729555929677,0.04312182261924025,0.20936665430692505,0.3028576945356247,0.3028576945356247,-0.3414634146341463,-0.3414634146341463,0.018608016387332338,0.05588748908569285,34.48058884835852,1.5704802319230289,2.1945620202310065,0.33104631217838754,0.02274293590627141,0.0,0.04324324324324325,0.3012422360248448,0.2852292020373515,0.09999999999999988,-0.10977322897852704,0.016997167138810276,-0.01980198019801982,0.029472382522671037
18,1998-07-31,0.007500985551834648,-0.03720424962599633,-0.042121458865138406,-0.0719494125086999,0.0697516765262729,0.1814580933527388,0.7506801460858519,0.7506801460858519,0.7407407407407405,0.7407407407407405,-0.6118347416454497,0.3416991039627646,-1.034151034151034,-1.2573576799140709,-0.17679650179818607,0.27319587628865993,0.0539083557951483,0.042134831460674205,0.06735751295336789,0.2219570405727922,0.19749009247027735,0.09090909090909084,0.061767357980162314,0.04178272980501396,0.005050505050504972,0.037504170837504125
19,1998-10-30,0.03440117057882053,0.004686354117454218,0.02631016265886488,0.05733181758645856,0.043489752309723295,-0.12309713239833785,-0.2963574356927765,-0.2963574356927765,-0.2978723404255318,-0.2978723404255318,-0.3796302164200387,0.14155781836751768,0.6304698419524781,0.7797597445017057,-0.3822327013386855,-0.1497975708502025,0.02046035805626589,0.013477088948786964,0.043689320388349495,-0.203125,-0.22448979591836726,0.08333333333333348,0.008704883227176108,0.024064171122994527,-0.01005025125628145,-0.049848845436418536
20,1999-01-29,-0.004559040897537003,-0.0851168547372414,-0.04090022154921846,-0.07727625303942942,0.035590720093310324,-0.02940386345773771,-0.08726700868803006,-0.08726700868803006,-0.09090909090909094,-0.12121212121212133,1.1335793546409918,-0.035957517373296444,-0.24642268381140786,-0.5191478298106629,-0.29751886244921644,0.3797619047619048,0.02631578947368429,0.02659574468085113,0.013953488372093092,0.321078431372549,0.2930298719772404,0.0,0.040412544727425725,0.0287206266318536,-0.005076142131979711,-0.00846195505009495
21,1999-04-30,0.35358367229340115,0.6055958909116084,0.4013081314264753,0.4720683334239673,0.30475211355275844,0.2936740996219043,0.1764960644748239,0.1764960644748239,0.10000000000000007,0.13793103448275867,1.5978801462711039,0.2649830787816723,-62.33260413020651,-9.680364280186168,3.704039800816312,0.2700603968938742,-0.04822954822954817,-0.032383419689119175,0.2293577981651376,0.2523191094619668,0.1905940594059405,0.0769230769230771,-0.03621282621889543,-0.007614213197969399,-0.025510204081632626,0.09066703079128824
22,1999-07-30,0.003544241184459729,-0.05340423676678807,-0.0502115481445502,-0.09730762259846916,0.06261743457391168,0.1758521325617013,0.8423550312905137,0.8423550312905137,0.8181818181818181,0.8181818181818181,-0.30233693949390883,0.10257002178842156,-1.0401278910671714,-1.0903172854494243,-0.07058585457488886,-0.0686141304347826,0.01475304682488776,0.03346720214190091,0.059701492537313376,-0.2414814814814815,-0.10787710787710793,0.0714285714285714,0.058984047019311474,0.04603580562659837,-0.010471204188481686,0.04863849765258221
23,1999-10-29,0.027998525025485943,-0.01339618219622063,0.010182629818812572,0.01945620169892748,0.04549791069053022,-0.11860316254958325,-0.2672652323677226,-0.2672652323677226,-0.2666666666666666,-0.2666666666666666,-0.6422750267471502,0.2172042517309225,0.21602787456445996,3.7365445989073396,-0.3597245102107049,-0.0977388767323123,-0.012010113780025368,0.007772020725388407,0.045774647887324,-0.1484375,-0.17348524080787142,0.06666666666666665,0.017046580773042663,0.02444987775061125,-0.015873015873015817,-0.032175262655205435
24,2000-01-28,0.017219996302382024,-0.04324376883766301,0.0006397638251571802,-0.002308199880073913,0.03295556690702739,-0.030676191577381332,-0.11711562173954282,-0.11711562173954282,-0.15909090909090906,-0.20454545454545456,2.006018535612746,-0.02738767354402105,0.32118004795041233,-0.6222670146006658,-0.21222085700628468,0.04122877930476965,-0.026231605886116397,-0.014138817480719656,0.03367003367003352,-0.004587155963302836,-0.02756892230576446,0.0625,0.015396608848177841,0.009546539379474916,-0.026881720430107503,-0.04107814716585456
25,2000-04-28,0.10240678235788936,0.1515209024512736,0.17175293477747197,0.3071320737952199,0.03865235244770982,0.17888542618642278,0.25660704214003704,0.25660704214003704,0.32432432432432434,0.4000000000000001,0.4118557460816588,-0.021748452509297026,-0.4651780379312634,-1.2404538033619543,0.06477616559632837,0.048136645962732816,0.045992115637319315,0.05215123859191649,0.039087947882736174,0.01382488479262678,0.011597938144329856,0.0,-0.0577735124760077,0.04728132387706863,0.005524861878453136,-0.11899401813854772
26,2000-07-28,0.0316142146857763,-0.02049740449394533,0.007734045775207531,-0.14531558566441696,0.05638223139733301,0.17844586012356078,0.4939914186022902,0.4939914186022902,0.489795918367347,0.489795918367347,-0.8722246872335613,0.2379540749105966,-21.210286754665454,0.4867506993996165,0.09044718750896387,-0.13777777777777778,0.022613065326633208,0.02106567534076831,0.053291536050156685,-0.17045454545454553,-0.21114649681528666,0.0588235294117645,0.02403748217559598,0.015801354401805856,0.005494505494505475,0.1460173760677521
27,2000-10-27,0.04150637587333672,-0.021861078852415283,0.04534052130446775,0.08284472302745427,0.03771281320264852,-0.14439107398354034,-0.27648882864387925,-0.27648882864387925,-0.273972602739726,-0.273972602739726,-0.011779324901697086,0.2511547979378679,-0.7422843360864171,-10.33415789251131,-0.7742221162226669,-0.04639175257731965,0.0012285012285011554,-0.0036407766990290687,0.03869047619047628,-0.09589041095890416,-0.10819539765845776,0.05555555555555558,-0.0037795902128506813,0.008888888888888946,-0.010928961748633892,-0.0967063770147163
28,2001-02-02,0.06566896061492368,0.02013981858427516,0.1036581612469043,0.014622121827340797,0.02780557514360593,0.008638939145111156,-0.3038315710380488,-0.3038315710380488,-0.30188679245283023,-0.339622641509434,8.52784428559125,0.15217071517198155,2.92741153852265,-1.7404793346123442,2.5392012179019154,0.0504504504504506,-0.047852760736196376,-0.06577344701583432,0.022922636103151817,0.0121212121212122,0.005432322317791004,0.05263157894736836,-0.035543130990415395,-0.05066079295154191,-0.016574585635359185,0.005430566330488773
29,2001-05-04,0.1480268472753543,0.30997723839422786,0.2399203247003121,0.2707850378254344,0.04967838271410585,0.161414177077436,0.5996591635304978,0.5996591635304978,0.5945945945945945,0.6571428571428571,0.12672583202413867,-0.2399075197131224,-0.051759955821579114,0.6649587656617071,1.1945252799248558,0.2238421955403087,0.0045103092783504994,-0.024771838331160367,0.04761904761904767,0.1976047904191618,0.22377307519135514,0.049999999999999815,-0.08550724637681162,0.004640371229698292,-0.02808988764044951,0.03086419753086433
30,2001-08-03,-0.014723112090649138,-0.11411252014016016,-0.07922190501698545,-0.15468365504962645,0.06681713258743005,0.16116417268327732,0.4607732599431818,0.4607732599431818,-0.27118644067796605,-0.27586206896551724,-0.6965371063289028,0.027784675157747074,-0.993299500182392,-1.6809910067151086,-0.3706774218388265,0.2291520672740013,0.011545862732520895,0.0,0.06417112299465244,0.1725000000000001,0.17880794701986755,0.04761904761904767,0.08263527280959937,0.013856812933025429,-0.01734104046242779,0.04797223734349476
31,2001-11-02,0.051648461475332315,0.044716991763381835,0.05935460367362123,-0.036171486278624654,0.04323988575800697,-0.1097147154940502,-0.23880297675662376,-0.23880297675662376,-0.2558139534883721,-0.23809523809523805,-0.1264163613195226,0.006030945232977425,120.73034065584207,-0.949414557815788,-0.029795341756542637,-0.0838084378563283,0.006341154090044432,-0.005347593582887833,0.04271356783919611,-0.1385927505330491,-0.12765293383270915,0.04545454545454541,-0.007946465913843627,0.006833712984054774,-0.0117647058823529,0.0839555872995259
32,2002-02-01,0.01509358613115763,-0.02792248022809607,-0.007152886553020377,-0.005048582881122199,0.03974283880535623,-0.03685942740479753,-0.12812528692958405,-0.12812528692958405,-0.09375000000000012,-0.25,2.8461687447040314,-0.07761974131461613,-0.8033267513174929,-11.042453333333333,0.30840743403822496,0.28500311138767875,0.030875866414618706,0.03360215053763449,0.0361445783132528,0.23267326732673266,0.2261180679785333,0.04347826086956519,0.024241146711635686,0.047511312217194616,-0.011904761904761862,-0.023002276266922198
33,2002-05-03,0.13645101319365982,0.3090611479735761,0.21123167723931235,0.4908019344808956,0.05733063528007287,0.23167753659810075,0.5833691999157518,0.5833691999157518,0.5517241379310347,0.8333333333333335,0.8462855488273135,-0.047041639307230376,-0.982898708759425,2.594022177847644,0.8471544328707037,0.0794188861985472,0.06295843520782407,0.06762028608582593,0.05348837209302326,0.040160642570280965,0.024219433907207488,0.04166666666666674,-0.06956163819715988,0.06047516198704095,0.006024096385542244,-0.12188841201716738
34,2002-08-02,-0.011781975511417242,-0.06673959423663123,-0.08529811603460967,-0.1622894161551227,0.07732221713986442,0.15718255981635074,0.35065686169612875,0.35065686169612875,0.3333333333333333,0.34090909090909083,-0.6123129977634737,-0.1977886434951004,-35.47200622083981,-0.9834707568637882,0.007580753046770194,-0.07222969941677881,0.062104657849338725,0.07064555420219243,0.07505518763796902,-0.11776061776061765,-0.17008547008547015,0.040000000000000036,0.09002433090024331,0.05906313645621175,0.011976047904191713,0.11402038821393655
35,2002-11-01,0.024929963581775686,0.00216595039474532,0.003793781965540033,0.005092366493258282,0.04668079837301242,-0.14328237572689584,-0.27374366264730066,-0.27374366264730066,-0.2666666666666666,-0.27118644067796605,-0.10546044546260004,0.4300764268686019,-0.6120773273781327,-17.21616306096907,-0.12200583145285238,-0.05077369439071566,0.013535462912831695,0.02957906712172909,0.04517453798767957,-0.11816192560175055,-0.15242018537590107,0.03846153846153855,0.021306818181818118,0.02884615384615397,0.0,-0.0028831087433406344
36,2003-01-31,0.018834621175543687,-0.07573372765153041,-0.005925610333280429,-0.055135410345342965,0.04327085897684802,-0.046280857490445526,-0.059876656034243865,-0.059876656034243865,-0.09090909090909084,-0.18604651162790695,0.6245785039470708,0.9433127699923478,-0.7814735128220038,1.4947462429848841,-0.3465459244919643,-0.011207335710646915,0.016559829059829,0.03314917127071837,0.045186640471512884,-0.05459057071960305,-0.07492912110166061,0.07407407407407396,0.024041327240214683,0.03738317757009346,-0.00591715976331364,-0.0218115532088754
37,2003-05-02,0.1111800856663976,0.2667025862068966,0.1739464583066479,0.3736724427054221,0.052156106962177866,0.17866683317181353,0.32015064141760985,0.32015064141760985,0.3500000000000001,0.5142857142857145,0.5824149225055406,-0.7296783442618371,-1.2660989888238423,-2.650711993847949,0.8757327080890973,0.022153529108706937,-0.003152916447714093,0.01390374331550803,0.04699248120300759,-0.02099737532808399,-0.04028021015761818,0.034482758620689724,-0.053162592161427935,0.02342342342342341,-0.005952380952380931,-0.07788202030587321
38,2003-08-01,0.009720670391061505,-0.031475967673330496,-0.0506273867975996,-0.08992878942014237,0.07303949627933592,0.21661350714186667,0.41805225653206657,0.41805225653206657,0.40740740740740733,0.4150943396226414,-0.39388145315487577,1.1666666666666663,-35.0,-1.0669344042838018,-0.03125,0.0952620967741935,0.028465998945703674,0.04113924050632911,0.07001795332136429,0.045576407506702436,0.0433394160583942,0.03333333333333344,0.06270491803278677,0.03521126760563376,0.005988023952095745,0.06425087108013927
39,2003-10-31,0.033252185459776484,0.010393793002488659,0.012872083668543866,0.011178180192264795,0.05217112984103278,-0.09677419354838712,-0.24288107202680065,-0.24288107202680065,-0.236842105263158,-0.2533333333333333,-0.4369085173501577,0.10923076923076924,-1.2941176470588236,6.08,-0.22838709677419355,0.21398987574781406,0.011276268580215243,0.024316109422492405,0.05201342281879184,0.13589743589743586,0.11980760822037605,0.06451612903225823,0.018318549942152096,0.013605442176870763,0.011904761904761862,-0.0007857517024619787
40,2004-01-30,0.019651941097724283,-0.031150391190959192,-0.00907749914898448,-0.03426929029405257,0.0453254917866559,-0.1254416961130742,-0.0995575221238938,-0.0995575221238938,-0.1206896551724137,-0.1964285714285715,0.0,0.0,0.0,-1.7062146892655368,0.20903010033444813,0.05382865807429882,-0.006082108464267599,0.00791295746785381,0.04784688995215314,0.0,-0.008590394377196331,0.03030303030303028,0.025184624124218846,0.02181208053691286,-0.01764705882352946,0.0032110091743118296
41,2004-04-30,0.09116689423379888,0.209062359802602,0.17622810030917213,0.3440934065934067,0.019109515956930775,0.2526695526695526,0.11793611793611802,0.11793611793611802,0.13725490196078427,0.2666666666666666,2.4341736694677873,-0.26768377253814146,-30.6,0.6080000000000001,0.2780082987551866,-0.007553956834532416,-0.02651708312085677,-0.02060843964671255,0.02587519025875196,-0.05191873589164775,-0.05080740448995669,0.0588235294117645,-0.0661248614702622,-0.029556650246305494,0.011976047904191713,-0.10046377947612516
42,2004-07-30,-0.05034170757532008,-0.1957946815089672,-0.1058216510903427,-0.19383409981263844,0.0039025318865411047,0.17140882386821787,0.5472527472527473,0.5472527472527473,0.5689655172413794,0.56140350877193,-0.567699836867863,0.5075757575757576,1.5067567567567566,-3.5074626865671643,-0.5454545454545454,-0.05907937658571937,0.02566788894709271,0.03406813627254501,0.01335311572700304,-0.08333333333333337,-0.07551867219917008,0.05555555555555558,0.05715981012658222,0.013536379018612488,0.01775147928994092,-0.0023963401350665103
43,2004-10-29,0.039529697952564335,0.038603506613349665,0.026347305389221587,0.037185717304035526,0.051009765810182905,-0.10866358540662803,-0.2585227272727273,-0.2585227272727273,-0.25274725274725274,-0.2584269662921348,-0.3264150943396227,-0.11809045226130654,-0.9784366576819408,-0.6418650793650793,-0.4297619047619048,-0.0019260400616333273,0.005107252298263587,0.010658914728682191,0.049780380673499325,-0.015584415584415591,-0.05834829443447043,0.05263157894736836,0.011038353601496851,0.0,0.011627906976744208,0.0013102343863735655
44,2005-01-28,0.03398010920436812,0.032726195764845256,0.02620133658640067,0.1650030556121409,0.04059539918809208,-0.05670785525154454,-0.05172413793103448,-0.05172413793103448,-0.07352941176470595,-0.19696969696969704,1.57703081232493,-0.670940170940171,-1.4375,-2.9279778393351803,0.3402922755741127,0.11501350829795445,0.012703252032520318,0.014381591562799613,0.039051603905160485,0.0633245382585752,0.07149666348903727,0.049999999999999815,0.006476683937823857,-0.0033388981636059967,0.01724137931034475,-0.11355045071241633
45,2005-04-29,0.0803432505068602,0.18296529968454256,0.12642133553855706,0.21157545025354074,0.041699176419592636,0.15941520467836254,0.19191919191919185,0.19191919191919185,0.20634920634920628,0.3962264150943395,0.3010869565217391,2.415584415584416,-20.857142857142858,-0.6135057471264368,0.4190031152647975,-0.04222914503288333,0.02659307576517822,0.03591682419659725,0.04429530201342291,-0.07940446650124078,-0.07117437722419939,0.04761904761904767,-0.03585217870932167,0.02680067001675046,0.011299435028248705,-0.023618172871904156
46,2005-07-29,0.009776109632086529,-0.03430303030303028,-0.07754427824171795,-0.09092221099725796,0.08896471371504666,0.20336931302330274,0.4203389830508475,0.4203389830508475,0.42105263157894735,0.4189189189189191,-0.14035087719298245,-0.04562737642585546,-0.46043165467625896,-0.25278810408921937,0.22063666300768392,0.07444886158294173,0.0014662756598240454,0.01642335766423364,0.07840616966580982,0.029649595687331495,0.010057471264367956,0.06818181818181812,0.07837528604118993,0.011419249592169669,0.005586592178770999,0.06232151856206936
47,2005-10-28,0.08523144746509925,0.1545123634994352,0.14484679665738165,0.06747102714716613,0.039434466946885786,-0.11207980551596952,-0.22553699284009546,-0.22553699284009546,-0.2314814814814816,-0.2285714285714285,0.1020408163265305,0.9415670650730412,-11.306666666666667,1.2139303482587065,0.2994604316546763,0.0662630339724184,-0.00048804294777937685,0.0,0.03694874851013097,-0.010471204188481686,0.00900900900900914,0.06382978723404252,-0.0420866489832008,0.012903225806451646,-0.01666666666666672,0.0815148640101202
48,2006-02-03,-0.01871838782906532,-0.15329419439008485,-0.10123392422662493,-0.13265913146936348,0.051099183883537964,0.02048716012084584,0.06009244992295847,0.06009244992295847,-0.4578313253012048,-0.5308641975308642,-0.5749559082892417,-0.5417236662106704,-2.0789133247089264,-3.2966292134831465,-0.7072664359861591,0.020189274447949712,0.01904296875,0.03680430879712748,0.058620689655172635,-0.015873015873015817,-0.02913533834586468,0.06000000000000005,0.0710725493815767,0.017515923566879144,0.02259887005649719,-0.023759046713941023
49,2006-05-05,0.09696010390032073,0.25680534155110424,0.2034226046601566,0.36831275720164597,0.01993564633463896,0.10287723193634933,0.22238372093023265,0.22238372093023265,1.4,1.7894736842105263,3.377593360995851,0.15671641791044766,-0.2589928057553957,-1.7015655577299411,1.6950354609929077,0.011131725417439677,0.040249161475802486,0.04502164502164496,0.02062975027144409,-0.04569892473118287,-0.05808325266214909,0.05660377358490565,-0.07014822475008631,0.04381846635367759,0.0,-0.08147371574060203
50,2006-08-04,-0.03666568003551873,-0.14916223947691054,-0.1068530569615168,-0.1651629072681704,0.02324943419518544,0.1231440315409782,0.11177170035671824,0.11177170035671824,-0.4351851851851852,-0.4339622641509434,-0.7658767772511849,-0.1509677419354839,0.06796116504854366,-2.1492329149232914,-0.7228070175438597,-0.0862385321100918,-0.0009212344541684736,0.003314001657000798,0.03829787234042548,-0.10422535211267593,-0.16546762589928066,0.08928571428571419,0.062094531974050016,-0.0014992503748124664,0.005524861878453136,0.019158649926626525
51,2006-11-03,0.04363021853516158,0.03530259365994226,0.08725375550958002,0.0078054638246771715,0.011126005361930202,-0.16267084920457087,-0.2342245989304813,-0.2342245989304813,-0.2295081967213115,-0.2333333333333333,1.1032388663967612,0.6884498480243162,-1.6257575757575755,-1.4138349514563109,1.0791139240506329,-0.03447121820615784,-0.004149377593361092,0.0016515276630884035,0.015368852459016537,-0.06918238993710701,-0.07204433497536933,0.08196721311475419,-0.031064572425828833,0.009009009009008915,-0.005494505494505475,0.02727781777457805
52,2007-02-02,0.021859934493799082,-0.035722570169334215,-0.003723008190617994,-0.026064938933571646,0.04235715232666037,-0.07180447774507183,-0.1438547486033519,-0.1438547486033519,-0.14893617021276584,-0.21739130434782614,-0.1732435033686237,0.054005400540054094,-0.953995157384988,-1.859237536656892,-0.4459665144596652,0.0960138648180242,-0.04675925925925928,-0.05193734542456718,0.05045408678102925,0.07770270270270263,0.06502986065029859,0.07575757575757569,0.019992795389049082,-0.01488095238095244,-0.03867403314917128,-0.009967294813891804
53,2007-05-04,0.07930276947455606,0.2096463796006736,0.1827769473509384,0.3183973084569507,6.359300476943552e-05,0.1697097828176053,0.20554649265905375,0.20554649265905375,0.22499999999999987,0.3333333333333333,1.490104772991851,-0.0734415029888984,-42.526315789473685,-1.9044368600682595,0.7280219780219781,0.037318153067678494,-0.05050995628946087,-0.05826086956521748,0.003842459173871271,-0.012539184952978122,0.04797507788161992,0.07042253521126772,-0.07345929719230082,-0.037764350453172064,-0.02298850574712641,-0.08242881862513762
54,2007-08-03,-0.01084453935733587,-0.11991647608630808,-0.039879238924383935,-0.06739357383134204,0.01545211751239983,0.1639007558330594,0.37889039242219225,0.37889039242219225,0.3877551020408165,0.3958333333333335,-0.5610098176718092,-0.10875576036866363,-0.6653992395437263,-2.10188679245283,-0.4642289348171701,-0.07682926829268277,0.010230179028132945,-0.004616805170821636,0.03349282296650724,-0.07936507936507943,-0.05231866825208087,0.10526315789473673,0.026681913474366104,0.01098901098901095,-0.01764705882352946,-0.05631750385736334
55,2007-11-02,0.018384833355822527,-0.00847361880013553,0.03363802559414997,-0.10547263681592044,0.005322812950090849,-0.18366626667607824,-0.36898920510304223,-0.36898920510304223,-0.3529411764705883,-0.35820895522388063,-0.24707135250266246,-0.17580144777662876,-1.3371212121212122,-0.9965753424657534,-0.0029673590504450953,-0.03830911492734479,-0.03848101265822779,-0.049165120593692165,0.01666666666666661,-0.06896551724137923,-0.07277289836888334,0.09523809523809534,-0.012808613328383012,-0.031055900621118068,-0.017964071856287456,0.1083658824598055
56,2008-02-01,0.022524760674417887,-0.010255241567912464,0.044994694021931465,0.07772525027808674,0.002740749968855205,-0.1025507998270644,-0.36547433903576987,-0.36547433903576987,-0.3409090909090909,-0.41860465116279066,-0.20509193776520507,0.5984943538268508,6.382022471910112,54.0,-0.16369047619047614,-0.1960851648351648,-0.07319641916798325,-0.0917073170731707,0.002732240437158362,-0.21111111111111125,-0.18335588633288225,0.08695652173913038,-0.019368183527642132,-0.06730769230769229,-0.02439024390243893,-0.08162596295689227
57,2008-05-02,0.05782500242962185,0.16946810960165792,0.08557308239117177,0.15765707650625727,0.0323642688532737,0.15704788515271215,0.4877450980392157,0.4877450980392157,0.4482758620689655,0.6399999999999999,3.5160142348754446,-0.3092621664050236,-2.5616438356164384,-12.49090909090909,2.2491103202846974,0.012815036309269612,-0.060227272727272685,-0.06766917293233088,0.030881017257039067,0.00938967136150226,0.07373653686826853,0.08000000000000007,-0.024161073825503254,-0.044673539518900414,-0.025000000000000026,0.010262359450294634
58,2008-08-01,-0.003215532553439093,-0.0840716676511124,-0.061864671032117236,-0.04959322411679479,0.05337264576689327,0.20817720043300847,0.5453047775947282,0.5453047775947282,0.523809523809524,0.5609756097560976,-0.4759653270291568,0.34318181818181825,-0.4307992202729045,-1.689873417721519,-0.4775465498357064,-0.06832560101223117,-0.05259975816203133,-0.052995391705069166,0.05198237885462565,-0.09302325581395343,-0.031635802469135776,0.07407407407407396,0.056789153075260224,-0.03597122302158262,-0.012820512820512886,-0.0363042134087096
59,2008-10-31,0.014746996835540259,0.023323301805674882,0.0019278069534003352,-0.011374296435271993,0.02576259568148065,-0.19167413329657454,-0.4797441364605544,-0.4797441364605544,-0.484375,-0.484375,-0.631578947368421,-0.4263959390862944,-1.0565068493150684,-0.6444954128440368,-0.3249475890985325,0.001810774105930335,-0.08615188257817498,-0.08029197080291961,0.023450586264656792,-0.05128205128205121,0.019123505976095467,0.07758620689655182,0.010970621048717044,-0.06343283582089554,-0.019480519480519543,0.035105407882676465
60,2009-01-30,-0.010384813345847621,-0.02835836571788675,-0.029259554140127375,-0.048511445854584216,0.005457481761987014,-0.14870395634379266,-0.6680327868852459,-0.6680327868852459,-0.6060606060606061,-0.696969696969697,-1.4816326530612245,-0.2831858407079646,18.33333333333333,-0.4580645161290322,-0.23913043478260865,-0.10573881608676006,-0.12569832402234624,-0.11243386243386233,0.002454991816693841,-0.12432432432432428,-0.050820953870211016,0.07200000000000006,0.01600147139966901,-0.09362549800796817,-0.026490066225165587,0.02116355264323033
61,2009-05-01,0.04659487242244387,0.146038266133391,0.07798510012986126,0.1473448017950636,0.02115757407920249,0.18509615384615372,1.938271604938272,1.938271604938272,1.4615384615384617,2.2,-10.9364406779661,0.6213991769547325,-2.7539184952978064,-6.2023809523809526,1.7836734693877552,-0.113188479029813,-0.08386581469648569,-0.07153502235469457,0.01959183673469389,-0.11728395061728406,-0.02306425041186166,0.059701492537313376,-0.02425778421433733,-0.05494505494505497,-0.013605442176870763,-0.001127297953520734
62,2009-07-31,-0.0007892659826361781,-0.04800980946991129,-0.04856708090286588,-0.02824858757062143,0.040082442913706114,0.1700473292765381,0.5945378151260505,0.5945378151260505,0.59375,0.59375,-0.4153518123667378,0.116751269035533,-0.9115281501340482,-0.07322654462242563,0.5938416422287389,0.15954415954415954,-0.10723626852659107,-0.0979133226324238,0.03923138510808655,0.1398601398601398,0.23440134907251275,0.06338028169014097,0.04081632653061229,-0.07441860465116268,-0.027586206896551783,-0.02031426339091924
63,2009-10-30,0.006640922122754578,0.03953234915287829,-0.0010662401705984204,0.0036896243291593134,0.0126720901126407,-0.17834440913030913,-0.546772068511199,-0.546772068511199,-0.5490196078431373,-0.5490196078431373,-0.5251641137855579,-0.4795454545454545,0.4545454545454546,-0.8666666666666667,0.049678012879484916,0.06977886977886971,-0.0947265625,-0.08540925266903909,0.016178736517719502,0.03067484662576692,0.18032786885245897,0.0596026490066226,0.0060606060606058785,-0.07035175879396993,-0.014184397163120588,0.03571112095702267
64,2010-01-29,-0.04080327821209562,-0.07243614182234083,-0.07031354236157439,-0.18068397014592846,-0.01802358514856584,-0.106021978021978,-0.4069767441860465,-0.4069767441860465,-0.34782608695652184,-0.34782608695652184,-1.4807987711213515,-1.5240174672489082,2.0486111111111107,-10.425925925925926,-0.44609991235758106,0.00229673863114388,0.010787486515641877,0.021400778210116652,0.0015163002274451998,-0.017857142857142905,0.08854166666666652,0.05624999999999991,0.023742026931254268,0.021621621621621626,0.0,0.13210130047912386
65,2010-04-30,0.1335858203302529,0.407213316892725,0.3199626865671641,0.4794017675050986,-0.0026220567413078877,0.2182122135903235,1.3970588235294117,1.3970588235294117,1.266666666666667,1.266666666666667,-9.741214057507989,-5.5166666666666675,-1.8906605922551252,-5.017681728880158,3.2357594936708862,0.14161319890009172,0.0,-0.015238095238095162,0.007570022710068125,0.1454545454545455,0.09463051568314727,0.053254437869822535,-0.12028383523710627,-0.005291005291005235,-0.014388489208632891,-0.048821039903264814
66,2010-07-30,-0.07433046453199332,-0.1879518072289157,-0.16172873063332427,-0.26541678154581383,0.010200325989799586,0.15926703261220546,0.7014314928425358,0.7014314928425358,0.7058823529411762,0.7058823529411762,-0.983187134502924,-0.6457564575645757,-3.933503836317136,-1.7266503667481663,-0.5550989914082929,-0.04496186270574065,0.03948772678761992,0.03675048355899424,0.028549962434259783,-0.0529100529100528,-0.06070908207867898,0.0617977528089888,0.09148140861695843,0.029255319148935977,0.014598540145985163,0.10543460988399822
67,2010-10-29,-0.008431264978488673,-0.03776638791475584,0.0018806744487678273,0.0018766420618041566,-0.016707437672409342,-0.1931620360699116,-0.5144230769230769,-0.5144230769230769,-0.5,-0.5,21.847826086956523,0.04166666666666674,-0.3330427201394943,-0.923956931359354,-0.09487825356842994,-0.11181168558217736,0.04004106776180705,0.033582089552238736,0.0,-0.13966480446927376,-0.15977249224405374,0.058201058201058364,-0.008471521268925586,0.02842377260981932,0.0,-0.039531373535542265
68,2011-01-28,-0.01869485454704289,-0.06859172039996264,0.008932616997863851,-0.11101398601398604,-0.041287317383019266,-0.09562440666263916,-0.2945544554455446,-0.2945544554455446,-0.31034482758620685,-0.31034482758620685,-0.9819219790675549,-0.21,-0.8300653594771241,2.7699115044247793,-0.3951762523191095,0.12115475627070538,0.05528134254689032,0.03610108303249104,0.0036523009495983416,0.12337662337662335,0.07200000000000006,0.05499999999999994,-0.02290492637702246,0.035175879396984966,0.0,0.04774377011150177
69,2011-04-29,0.06483871924982942,0.20126417176683065,0.18207480592801684,0.39359460598398655,-0.03605344522968201,0.16280179406431916,0.6175438596491227,0.6175438596491227,0.7499999999999998,0.7,126.52631578947368,0.3006329113924051,8.007692307692308,-2.981220657276995,1.294478527607362,0.08864499788940461,0.0065481758652947706,-0.003484320557491261,-0.024017467248908297,0.08670520231213863,0.049942594718713984,0.05213270142180115,-0.09488372093023256,-0.009708737864077666,0.007194244604316501,-0.1380615670309262
70,2011-07-29,-0.05124846728346899,-0.1507558673682452,-0.06290366350067844,-0.1253905856264489,-0.03894839337877309,0.1935166187935986,0.8004338394793926,0.8004338394793926,0.8571428571428574,0.8823529411764706,-0.6409409822534049,-0.3114355231143552,0.2946199829205807,-2.0995260663507107,-0.6203208556149733,-0.0713454827452501,0.03345724907063197,0.003496503496503545,-0.007457121551081247,-0.04787234042553179,-0.07107709130672503,0.06306306306306286,0.012949640287769792,-0.004901960784313819,0.007142857142857118,-0.029002320185614994
71,2011-10-28,-0.005257747099427279,0.02507867820613696,-0.012104714467740084,0.05520341131727546,0.0017879492222421247,-0.1850374750739188,-0.7289156626506024,-0.7289156626506024,-0.7230769230769232,-0.71875,-0.31149425287356325,0.02120141342756177,-0.8687335092348285,-1.1153017241379308,0.1883802816901408,-0.15365344467640918,-0.06294964028776973,-0.08710801393728218,0.008264462809917328,-0.15083798882681565,-0.1883460859329017,0.05932203389830515,0.007102272727272706,-0.09605911330049244,0.014184397163120588,-0.028503157535415543
72,2012-02-03,-0.009065139077540918,-0.03367552528062934,-0.0018174356569150567,-0.13816076889471385,-0.016419775120471214,-0.018899763752953103,0.4355555555555555,0.4355555555555555,0.3333333333333333,0.44444444444444464,-0.2370617696160268,0.5709342560553634,-2.6934673366834168,2.1682242990654204,0.5022222222222221,0.18154908732116426,0.04414587332053732,0.022900763358778557,0.02757078986587169,0.17105263157894735,0.2770123277737491,0.05600000000000005,-0.007253677211364051,-0.002724795640327016,0.020979020979021046,0.1212227687983134
73,2012-05-04,0.10873387168866766,0.3530579825258142,0.29243509925995537,0.3934862501584082,-0.08044517026552955,0.13114895080839362,0.631578947368421,0.631578947368421,0.7916666666666667,0.6538461538461537,4.398249452954048,0.03524229074889873,-0.8219584569732937,5.070796460176991,2.0295857988165684,0.2288100208768267,0.07169117647058831,0.02425373134328357,-0.06308919506889044,0.19662921348314602,0.1771720613287906,0.05303030303030298,-0.17069210472904406,0.016393442622950616,0.013698630136986356,-0.028987778125979306
74,2012-08-03,-0.058482046871640485,-0.148884649251541,-0.08166325835037491,-0.17951982539105127,-0.024929290271656912,0.08332699764312324,0.4174573055028463,0.4174573055028463,0.4883720930232558,0.4883720930232558,-0.8666396432914472,0.1957446808510639,-19.766666666666666,-1.6618075801749272,-0.443359375,-0.04621134896364254,-0.013722126929674006,-0.0491803278688524,0.006191950464396356,0.018779342723004744,-0.10323203087313072,0.05755395683453246,0.03573176700930003,-0.03763440860215049,-0.013513513513513488,0.037276101339357666
75,2012-11-02,-0.030800411052751775,-0.06629881886369515,-0.02375296912114011,-0.04522278873863883,-0.040407447382622814,-0.15271247105060004,-0.4698795180722891,-0.4698795180722891,-0.453125,-0.453125,1.1641337386018238,-1.4430604982206403,0.4067495559502665,-0.5455212922173275,-0.3619883040935673,0.05023156394727457,0.14086956521739125,0.09195402298850563,-0.026923076923076942,0.04608294930875578,0.050026896180742415,0.054421768707483054,-0.009924385633270359,0.08938547486033532,0.0,-0.02201306782825141
76,2013-02-01,-0.03790533973433863,-0.09658356417359193,-0.04658353609083532,-0.1051776178314372,-0.025869947275922626,-0.08506584941605233,-0.2702020202020202,-0.2702020202020202,-0.2571428571428571,-0.2571428571428571,-0.6432584269662922,-1.4819277108433735,-0.5688131313131313,-0.11147011308562194,-0.5041246562786434,0.19538670284938944,0.028201219512195005,-0.010526315789473715,0.0063241106719367215,0.2290748898678414,0.07479508196721317,0.05161290322580636,0.012410501193317549,-0.00512820512820511,0.0,0.009544261512765441
77,2013-05-03,0.06321557582807813,0.2279231398201145,0.14195332021904414,0.3543072132848988,-0.04366024392004042,0.18486329893174006,0.8685121107266436,0.8685121107266436,0.8846153846153846,0.8846153846153846,6.84251968503937,1.1916666666666669,0.7423133235724744,-1.981818181818182,0.99815157116451,0.07604994324631109,0.04151223128243165,0.024822695035460862,-0.02906520031421844,0.06810035842293916,0.07578646329837935,0.04907975460122693,-0.10042432814710044,0.0077319587628865705,0.013698630136986356,-0.09327976049791233
78,2013-08-02,-0.038092770147706616,-0.09164308306975201,-0.05274919688998558,-0.10527828336047518,-0.014337458496830656,0.2004125916870416,0.7425925925925927,0.7425925925925927,0.7959183673469388,0.7959183673469388,-0.3152610441767069,-0.03041825095057038,-0.07310924369747895,-0.9925925925925926,0.0037002775208141436,0.10970464135021096,0.1338078291814946,0.11245674740484436,0.004854368932038833,0.14093959731543615,0.07133362871067782,0.05263157894736836,0.02463312368972748,0.06649616368286447,0.04054054054054057,0.015205491354592038
79,2013-11-01,0.020025143678160884,0.04141849170713829,0.0530816868180477,0.0067451820128479065,-0.03146531924666973,-0.17529119725033415,-0.4697130712008502,-0.4697130712008502,-0.4659090909090909,-0.4659090909090909,-0.6312316715542522,0.9803921568627452,-1.0181323662737989,3.0,0.014746543778801913,0.12000950570342205,0.07846829880728201,0.046656298600311175,-0.025764895330112725,0.1147058823529412,-0.01571546732837048,0.049999999999999815,-0.05063938618925845,0.031175059952038175,0.01948051948051943,0.0344916124614858
80,2014-01-31,-0.039469436863573626,-0.09406071271447423,-0.025529730234294837,-0.05604594278421782,-0.0630780175480199,-0.10002315350775648,-0.3867735470941884,-0.3867735470941884,-0.3829787234042553,-0.3829787234042553,-0.4990059642147118,-0.4792079207920792,-35.8,-45.375,-0.6448683015440508,0.036494801612561016,0.04714784633294533,0.007429420505200569,-0.038842975206611514,0.06596306068601576,-0.02268907563025202,0.04761904761904767,-0.02451508620689657,-0.004651162790697661,0.006369426751592354,-0.0402912219740218
81,2014-05-02,0.0457350604912623,0.16083916083916086,0.0894678863930265,0.21834159531320416,-0.03130009280350965,0.149386845039019,1.0392156862745097,1.0392156862745097,1.1034482758620692,1.1034482758620692,6.912698412698412,0.06463878326996197,1.0790229885057472,-1.376056338028169,0.6828644501278773,-0.020061412487205832,0.07448582545858806,0.039823008849557466,-0.010318142734307869,0.01980198019801982,-0.03396388650043003,0.04545454545454541,-0.07373653686826842,0.03037383177570097,0.012658227848101332,-0.047241379310344785
82,2014-08-01,-0.03190277250284845,-0.07337684069611783,-0.037367564953620265,-0.07407064915849826,-0.021076467514370312,0.2384540774453481,0.6650641025641026,0.6650641025641026,0.7049180327868854,0.7049180327868854,-0.03259779338014046,-0.125,-0.09882515549412574,0.4269662921348314,0.5790273556231003,-0.03196156256528082,0.08122090015519913,0.04397163120567393,-0.010425716768027726,-0.021844660194174748,-0.08322207387627932,0.05555555555555558,0.011329755515802065,0.02494331065759625,0.018749999999999826,0.0008143322475571146
83,2014-10-31,0.027009083501825737,0.09525959367945824,0.06416404073617388,0.07899730350544297,-0.04537366548042709,-0.17579372251340442,-0.43695861405197295,-0.4398460057747835,-0.4326923076923077,-0.4326923076923077,-0.6054950751684811,0.4775510204081632,-1.0973926380368098,0.3727034120734909,0.5033686236766122,0.1322831247302545,0.0775119617224882,0.03532608695652173,-0.031606672519754235,0.1439205955334988,0.05679611650485428,0.05263157894736836,-0.0704599056603773,0.019911504424778848,0.012269938650306678,0.015007684657806662
84,2015-01-30,-0.06479196050775737,-0.16900247320692496,-0.061926014934340363,-0.13476490188818954,-0.07101584342963653,-0.08340033623273158,-0.23076923076923075,-0.22680412371134015,-0.22033898305084745,-0.22033898305084745,-0.6780551905387648,-0.4447513812154696,-9.952755905511811,-3.095602294455067,-0.7016645326504481,0.21860110539355812,0.10257548845470676,0.06299212598425186,-0.05077062556663636,0.2581344902386116,0.16077170418006426,0.05000000000000005,-0.006660323501427312,0.0390455531453362,0.024242424242424176,-0.03954751937294021
85,2015-05-01,0.08153454614006983,0.26894841269841274,0.14117754700580987,0.3874625588361147,-0.0492576243980738,0.12671451355661878,0.4955555555555555,0.4888888888888889,0.5217391304347825,0.5217391304347825,9.114285714285714,0.1990049751243781,0.1169744942832014,-1.883211678832117,2.07725321888412,0.1137003440725679,0.06604913411196134,0.017283950617283942,-0.029608404966571245,0.17241379310344818,0.04352987732489133,0.04761904761904745,-0.12100893997445715,0.0041753653444676075,0.01183431952662728,-0.08541222294352224
86,2015-07-31,-0.048718842600662386,-0.11140645766554612,-0.03555822810182396,-0.06391673091750194,-0.08335971298934264,0.22782928728147775,0.6731054977711739,0.673134328358209,0.7142857142857144,0.7142857142857144,-0.3196125907990315,1.0539419087136928,0.352755905511811,-1.5506198347107438,-0.3716875871687587,-0.018677152085381232,0.09784661881375144,0.03398058252427183,-0.07578740157480313,0.0117647058823529,-0.05005688282138798,0.05533596837944677,-0.036324010170722835,0.016632016632016633,0.011695906432748648,-0.05069965524234432
87,2015-10-30,0.02779050236677349,0.0905331691008271,0.05066921606118546,0.0017296763034346796,-0.03557039254057792,-0.17223887479824762,-0.34635879218472465,-0.3461195361284567,-0.3333333333333333,-0.3333333333333333,-0.7734282325029656,-0.4949494949494949,-1.1152502910360884,-1.6116322701688557,0.3618201997780244,-0.005437893531768712,0.12112869924294545,0.05633802816901401,-0.024494142705005384,0.07558139534883734,-0.05948103792415184,0.05243445692883908,-0.061816811157180414,0.04089979550102263,0.01734104046242768,0.08865627002777199
88,2016-01-29,-0.07098499480017828,-0.1479628882613957,-0.06587015864224399,-0.13731294195033714,-0.08641680592026735,-0.07820334261838435,-0.9850543478260868,-0.9863574351978172,-0.975,-0.9875,-0.37696335078534027,0.428,-4.55050505050505,-3.5214723926380374,-0.6699266503667481,0.04359712230215829,-0.09023941068139962,-0.1433333333333333,-0.06877729257641929,0.07027027027027022,-0.025891341256366718,0.04982206405693956,-0.016472478907191727,-0.15717092337917482,0.017045454545454586,-0.01236263736263754
89,2016-04-29,0.1890552037356874,0.5597954739134552,0.2690581060477724,0.34588257720167737,-0.057747582963156525,0.15086499962227085,79.36363636363636,87.0,48.0,97.0,12.529411764705882,-0.0224089635854342,-2.826458036984353,-6.0559610705596105,10.261728395061727,-0.03308975596304986,0.1595816464237516,0.06095979247730221,-0.04572098475967157,0.03787878787878807,0.12766884531590406,0.04745762711864399,-0.20751633986928109,0.06293706293706293,0.0,0.1589509239022453
90,2016-07-29,-0.01899023589853943,-0.18952224852789407,-0.0172200901051226,-0.06642589051766867,-0.041458679977814716,0.1986346330576343,0.3201357466063348,0.32045454545454555,0.34693877551020424,0.33673469387755106,-0.5627329192546584,6.406876790830945,-2.085669781931464,-1.6191049085659288,-0.5641306730980048,0.1280479110223871,0.07477451265638635,-0.012224938875305624,-0.029484029484029506,0.1824817518248174,0.022411128284389514,0.05663430420711979,-0.023195876288659708,0.0,-0.016759776536312887,-0.1319218241042347
91,2016-10-28,-0.030188368840996963,-0.0466631712980301,-0.02672416720431936,-0.041720397481605054,-0.045421669318674966,-0.13806133625410733,-0.6760925449871465,-0.6764199655765921,-0.6742424242424243,-0.6717557251908397,-0.5447443181818181,-0.9543520309477757,0.10903873744619808,-0.6004663816556548,-0.5171026156941649,-0.05587157122993303,-0.07363291824580398,-0.13861386138613865,-0.03924050632911402,-0.0277777777777779,-0.08956916099773249,0.05359877488514542,-0.0153034300791558,-0.14692982456140358,0.011363636363636465,-0.005134788189987027
92,2017-02-03,-0.02719819055696915,-0.05719673161533623,-0.02400390761286719,-0.05216496477479615,-0.025003788452795828,0.002859139716627545,0.7513227513227514,0.7127659574468086,0.7209302325581395,0.7209302325581395,-0.4570982839313572,1.6186440677966103,-0.7179818887451488,-0.6089494163424125,-0.41875,-0.053822466193600205,0.3179427235534775,0.2385057471264369,-0.011857707509881354,-0.014814814814814725,0.07471980074719807,0.050872093023255786,0.002143622722400984,0.2107969151670952,0.01685393258426959,-0.005260545905707237
93,2017-05-05,0.09314694257149504,0.2729999999999999,0.14685064702938444,0.2264907299148153,-0.14034815045073046,0.06817029903699945,-0.09063444108761333,-0.06832298136645965,-0.054054054054054064,-0.054054054054054064,8.468390804597702,-0.058252427184466,2.6811926605504586,-4.4950248756218905,2.517921146953405,0.1187208150558936,-0.03148558758314857,-0.09396751740139207,-0.1266666666666667,0.1321160042964553,-0.11741985322518345,0.048409405255878335,-0.21336898395721915,-0.1146496815286625,0.022099447513812098,0.037916583516264264
94,2017-08-04,-0.025124292133039128,-0.08136946844723747,-0.02961162022317809,-0.07224567615416044,0.0009039956608207778,0.15628706998813754,1.3571428571428572,1.355,1.4,1.4,-0.4600910470409712,0.7353951890034365,-0.03613707165109037,-1.190035587188612,-0.13601630157921552,-0.001897293195041838,0.15247252747252735,0.08834827144686308,0.01526717557251911,0.1432637571157498,0.085776805251641,0.054089709762533016,0.026512576478585848,0.07194244604316546,0.01621621621621605,-0.00990194193424343
95,2017-11-03,0.0031362495909239567,-0.001710254400342004,-0.002923037389181537,0.008293577981651312,0.0372109826589595,-0.13977943062323672,-0.3854827343199436,-0.3842887473460722,-0.375,-0.375,-0.8324901630129287,-0.4534653465346534,-0.36780866192630896,2.5692883895131087,-0.5619103773584906,-0.02737295653275884,0.20580055621771964,0.15058823529411747,0.040601503759398534,-0.04232365145228234,-0.12857718661829898,0.051314142678347885,0.033774834437086065,0.1454138702460852,0.005319148936170136,-0.009903874162540016
96,2018-02-02,-0.04056221624119838,-0.08830037832821758,-0.05228568667246547,-0.1195224923569661,0.02281435040055735,-0.07608825283243892,-0.3646788990825688,-0.36436781609195396,-0.37142857142857133,-0.37142857142857133,-2.030201342281879,0.3369565217391304,-1.534764826175869,-0.8373557187827911,-0.20861372812920587,0.2125081433224756,-0.0018121911037891625,-0.036809815950920144,0.027456647398844014,0.16551126516464465,0.03237742830712298,0.048809523809523865,0.06598334401024998,-0.02148437500000011,-0.005291005291005346,0.035500637442384964
97,2018-05-04,0.08347737383468877,0.2553241465706233,0.1044938473043715,0.30406746031746024,-0.02179465349906351,0.12043371627726862,0.7833935018050542,0.7811934900542497,0.8030303030303028,0.8030303030303028,-12.169381107491855,-0.3604336043360433,-5.235181644359464,-7.3032258064516125,1.6615646258503405,-0.009993552546744056,0.10166694173956103,0.10721868365180454,-0.00984528832630105,-0.03643122676579913,0.009408602150537735,0.04653802497162318,-0.09735576923076916,0.10379241516966076,0.0,-0.0374088455346151
98,2018-08-03,-0.02960483301514238,-0.03430424748955285,-0.03594731010710328,-0.07563078483580576,0.006266318537859084,0.2032258064516128,0.5384615384615385,0.5380710659898478,0.5630252100840338,0.5630252100840338,-0.3123359580052494,0.033898305084745665,-0.35801354401805874,-0.29785056294779944,0.4383386581469648,0.003907521979811035,0.015880149812734112,0.02301054650047929,0.015625,0.013888888888888841,-0.10386151797603194,0.052060737527114716,0.03728362183754985,0.0054249547920433025,0.015957446808510634,0.044765840220385884
99,2018-11-02,-0.01056461393343211,-0.02228250339081572,-0.00015962201506836138,0.033468212056786184,-0.0669434353918007,-0.16626771351972425,-0.5861842105263158,-0.5854785478547855,-0.5806451612903225,-0.5806451612903225,-0.5712468193384224,0.2622950819672132,-0.09704641350210974,-1.849854227405248,-0.258996001776988,0.13158179262622993,-0.04733815071523373,-0.06091846298031866,-0.060139860139860175,0.11415525114155245,0.08915304606240704,0.049484536082474266,-0.05712451861360712,-0.07014388489208623,0.010471204188481577,-0.05395988322817602
100,2019-02-01,-0.06006046904366302,-0.06011362135024445,-0.014527922347456812,-0.037958723206583,-0.3244345569150908,-0.10157909847832323,-2.3084260731319555,-2.3073248407643314,-2.3076923076923075,-2.3076923076923075,-1.598417408506429,-0.051948051948051965,-0.8419003115264798,0.8919382504288165,-0.6936450839328537,-0.11408369959870054,-0.30541795665634675,-0.3692614770459081,-0.3184523809523809,-0.05737704918032782,-0.0609367894497499,0.04715127701375255,-0.28114363512593604,-0.3733075435203096,0.010362694300518172,-0.02309376866414481
101,2019-05-03,0.2524342181523125,0.3589401180770313,0.29545749092794193,0.226529626819342,-0.11196487376509334,0.13390003834845965,-2.2709599027946537,-2.2704019488428746,-2.284313725490196,-2.284313725490196,-4.532231404958678,-0.5513698630136986,-3.1970443349753697,-3.232094288304624,4.818003913894325,0.15487489214840378,0.1678181412970805,-0.009493670886076,-0.09825327510917037,0.6942028985507245,0.8455205811138016,0.045028142589118136,-0.290719696969697,0.0185185185185186,-0.030769230769230767,0.10800896678214778
