,Quarter end,Assets,Current Assets,Liabilities,Current Liabilities,Shareholders equity,Revenue,Earnings,Earnings available for common stockholders,EPS basic,EPS diluted,Cash from operating activities,Cash from investing activities,Cash from financing activities,Cash change during period,Cash at end of period,Price,ROE,ROA,Book value of equity per share,P/B ratio,P/E ratio,Cumulative dividends per share,Equity to assets ratio,Net margin,Asset turnover,Current ratio
0,1993-12-31,-0.13438632612644408,-0.18441067482576912,-0.3141622711601769,-0.38225062521622455,0.12550730060441986,0.334499693189211,1.371598321492376,1.4450231988094195,1.3846153846153846,0.0,-0.3509165096234925,10.67074941364804,-3.8237454810785714,-0.7338919683047506,-0.6373517376554247,0.03036876355748364,-0.0308261405672009,0.0436432637571158,0.12554112554112562,-0.05596107055961086,0.14542836573074158,inf,0.3003179261433113,-0.006377551020408157,-0.043165467625899116,0.32024925436727725
1,1994-03-31,-0.13438632612644408,-0.18441067482576912,-0.3141622711601769,-0.38225062521622455,0.12550730060441986,0.334499693189211,1.371598321492376,1.4450231988094195,1.3846153846153846,0.0,-0.3509165096234925,10.67074941364804,-3.8237454810785714,-0.7338919683047506,-0.6373517376554247,0.03036876355748364,-0.0308261405672009,0.0436432637571158,0.12554112554112562,-0.05596107055961086,0.14542836573074158,inf,0.3003179261433113,-0.006377551020408157,-0.043165467625899116,0.32024925436727725
2,1994-06-30,0.30637546251532105,0.22560540479255176,0.5644920601250056,0.9210747652929008,0.0789950567657125,0.334499693189211,1.371598321492376,1.4450231988094195,1.3846153846153846,0.0,-0.3509165096234925,10.67074941364804,-3.8237454810785714,-0.7338919683047506,-0.4676829700175983,0.06315789473684208,-0.0308261405672009,0.0436432637571158,0.0692307692307692,-0.05596107055961086,0.14542836573074158,1.3333333333333337,-0.1741583599774308,-0.006377551020408157,-0.043165467625899116,-0.3620154100609141
3,1994-09-30,0.2316422899386308,0.27766456166317943,0.30513125522738793,0.4081066253590216,0.13777524489987014,0.5948654621284004,1.3093094145264708,1.3392470327073522,1.32258064516129,0.0,-0.89402327913161,-0.6125146736079212,-0.6446711984848262,-0.8662962056873915,-0.1174694479130417,0.07425742574257432,-0.0308261405672009,0.0436432637571158,0.13848920863309355,0.005154639175257714,0.14542836573074158,0.5714285714285714,-0.07629241630608052,-0.006377551020408157,-0.043165467625899116,-0.0926335757192538
4,1994-12-31,-0.11724600898181026,-0.17825854097945226,-0.17050849341280327,-0.3003147464839303,-0.039207287826307,-0.0064343995942461865,-0.6748520710059172,-0.6803348945418924,-0.8333333333333334,0.0,-54.22846565199506,-0.4675645416227608,-4.528770587311686,-14.320118497865295,1.7729776746883157,-0.004608294930875445,-0.0308261405672009,0.0436432637571158,-0.22432859399684046,-0.12564102564102564,0.14542836573074158,0.3636363636363635,0.08851084812623268,-0.006377551020408157,-0.043165467625899116,0.17442508710801394
5,1995-03-31,-0.04902754179906999,-0.08803561722112341,-0.09983500032038772,-0.1517882781715092,0.015240998811815619,-0.472471610787561,-0.3710366067053965,-0.38091932008618623,0.0,0.0,-1.4156960209708933,-0.17283072546230438,-1.3650333830585957,-2.080209321340965,-0.6906608113759933,-0.17685185185185182,-0.0308261405672009,0.0436432637571158,0.016293279022403295,0.06158357771260992,0.14542836573074158,0.26666666666666683,0.06749716874292178,-0.006377551020408157,-0.043165467625899116,0.07517949326529383
6,1995-06-30,0.12589107560255308,0.18216544310397986,0.1920348090847246,0.12616928897190105,0.05170666562635806,0.4045550711039976,1.5037465687365532,1.5676553617695967,1.5,0.0,-0.6179466968083525,-0.00497214849153238,-0.013376188459909956,-0.9946650356976328,-0.011911361085948369,0.1361079865016872,0.002968617472434154,0.0436432637571158,0.04809619238476959,0.1187845303867403,0.14542836573074158,0.21052631578947367,-0.06577551453426689,0.006418485237484006,-0.007518796992481258,0.04972406181015465
7,1995-09-30,0.16317856868847458,0.2493496332165708,0.20732912241081206,0.3819108286079072,0.1070538202082416,0.5409614472791477,1.241999525897831,1.2625570432399056,1.2333333333333334,0.0,-1.1173384977713765,-0.4992861436729786,-0.8338307681303604,-13.643586833144155,0.15241783202430148,0.1089108910891088,0.03847780126849898,0.0436432637571158,0.11089866156787752,0.056790123456790235,0.11753614079195485,0.21739130434782614,-0.0483761071996367,0.031887755102040886,0.015151515151515138,-0.0959465853530308
8,1995-12-31,-0.11982919747499088,-0.1867129005663316,-0.20167675198437007,-0.2988588935336749,-0.006359237296720277,-0.018019794574341885,-0.25973064774063936,-0.25461468311288915,-0.6417910447761195,0.0,62.460313510823596,0.7518196143168006,-14.122089610643707,33.281443576622685,4.534035454340367,0.029017857142857206,0.19788273615635174,0.21272727272727265,-0.20826161790017214,-0.07242990654205607,0.0714285714285714,0.1785714285714286,0.12911694510739855,0.2039555006180469,0.0149253731343284,0.1599209118399627
9,1996-03-31,-0.08750406694987845,-0.14916380759856618,-0.1833722911415576,-0.31608706577120405,0.019278229003371283,-0.492870151408658,-0.7332220456696006,-0.7331148360824098,-0.5416666666666666,0.0,-1.477616543878841,-0.005375538089221088,-1.0162404759419683,-2.068257821563344,-0.8752236730875683,0.13232104121475066,-0.02855200543847725,-0.002998500749625044,0.023913043478260843,0.4282115869017631,0.029921259842519813,0.18181818181818188,0.11688860705981807,0.0,0.0,0.2441090945552993
10,1996-06-30,0.1091561736041966,0.17588436059807733,0.20843287590450466,0.41462379687446105,0.020562384208679733,0.3268183362093537,1.2182700351346831,1.2182700351346831,1.1818181818181817,0.0,-0.742554262759821,0.05794324103182458,22.875137715754686,-0.967079813495585,-0.2309134053236124,0.02030651340996159,-0.032540237928621374,-0.012030075187970056,0.029723991507430988,-0.003527336860670083,0.02803261977573901,0.15384615384615374,-0.07986373959121873,-0.004106776180698103,-0.007352941176470562,-0.16876888978440466
11,1996-09-30,0.13130185336014533,0.18973906371276605,0.2388909341004304,0.5311334765654532,0.01761582174751486,0.5850917534459803,1.5343098064652376,1.5343098064652376,1.5416666666666663,0.0,-3.120341829467911,0.5162518063216168,-1.5591890727865625,-4.899545759177898,1.1708140496791648,-0.037551633496057064,0.03616636528028927,0.044140030441400364,0.024742268041237248,-0.06548672566371683,0.008428358948934013,0.1333333333333333,-0.10037021801727686,0.03402061855670091,0.014814814814814838,-0.22296019779900134
12,1996-12-31,-0.0624728237449349,-0.1201266614628077,-0.1674378588059009,-0.2351955556405013,0.07255796035841144,-0.03378892190176919,-0.3246948043831507,-0.3246948043831507,-0.3278688524590164,0.0,2.8862677080095844,-0.34176756422991217,3.451944765362821,6.7058261882483245,4.156085854944694,0.09481076863051108,-0.027923211169284312,-0.013848396501457638,0.07444668008048283,0.07007575757575757,0.14945919370698135,0.11764705882352923,0.1440329218106995,-0.005982053838484602,-0.007299270072992692,0.1504242575492889
13,1997-03-31,0.12724700209640716,0.03262856461986141,0.12400958681916108,-0.012402537360678423,0.13047982886985454,-0.41747686983692345,-2.8035538005922995,-2.8285855309547316,-2.756097560975609,0.0,-1.5542220892195608,0.18171992577033655,-1.2698305796868627,-2.005156976787409,-0.7110431960049938,-0.050962223806129685,-0.6502692998204669,-0.6467110125646711,0.050561797752809,-0.11681415929203542,-0.16852010265183914,0.10526315789473696,0.002797761790567677,-0.6389167502507522,-0.0441176470588236,0.04560984869027607
14,1997-06-30,0.09372618200124228,0.16056252225037326,0.18353251036910326,0.3242245035884599,0.004560412636693156,0.4024916368669973,-1.3696242864962076,-1.3508897929279295,-1.3472222222222223,0.0,-0.4818718812839801,0.006246980051080264,1.2654851045316111,-0.7887883001489108,-0.5922203250402671,0.11265490048817114,-0.008213552361396205,-0.004184100418409997,0.008912655971479387,0.058116232464929814,1.8225308641975304,0.11111111111111094,-0.08150657632522929,-0.002777777777777657,-0.015384615384615441,-0.12359958506224078
15,1997-09-30,0.14217437690298484,0.2493222927403216,0.2012698204718646,0.2499550148490808,0.07304711590978474,0.5990720254642956,1.896118147922892,1.969998763685317,1.92,0.0,-1.3588744997102702,-0.17256045275252965,-1.0988871593757579,-1.10717870899965,0.15565613928020472,0.14951063111711105,0.2432712215320909,0.23949579831932755,0.07243816254416968,0.14015151515151492,0.12866776016037915,0.10000000000000007,-0.060533738338034215,0.2311977715877438,0.0,-0.00047345682665556055
16,1997-12-31,-0.06646684425386629,-0.07151531975432879,-0.1422454259273126,-0.25255142664592656,0.032767864582241124,0.03712740629582978,-0.10918304457988083,-0.10669404783378887,-0.09589041095890403,0.0,12.195724281226141,-0.14073122201956556,18.51627740583636,67.26138096275321,9.194173475524783,0.09747504403992946,0.3322231473771857,0.3152542372881357,0.01976935749588149,0.023255813953488413,-0.09914419505893757,0.09090909090909084,0.10623556581986147,0.2850678733031673,0.0234375,0.2421694594114512
17,1998-03-31,-0.09464163514767243,-0.14580198689055202,-0.1908305962342832,-0.3158917833621947,0.009975467462830734,-0.5628497550978152,-0.9350737204618484,-0.9447082153267854,-0.9393939393939394,-0.9444444444444444,-1.3081102513075695,0.6225095277147956,-1.0862454991816697,-1.5792547895899012,-0.5224326459427842,0.08694489031567687,0.7424999999999999,0.7396907216494846,0.012924071082390798,0.06493506493506485,-0.2084602975443628,0.08333333333333348,0.11565762004175363,0.7904929577464788,-0.007633587786259555,0.2486295819629152
18,1998-06-30,0.06770381735957498,0.08615424122959281,0.16913307241192665,0.34092225589816993,-0.02067930048482647,0.22173848920251185,3.7662798958086667,4.468114992040453,4.0,4.0,-0.3880747728000393,-0.10293461778610292,1.3985122210414451,-0.5043973084561082,-0.5421623217750781,-0.020182131429977827,-0.05057388809182206,-0.03777777777777791,-0.01754385964912275,-0.032012195121951185,-0.4633152173913043,0.08791208791208782,-0.08289670658682635,-0.006882989183874089,-0.030769230769230767,-0.18999809123878608
19,1998-09-30,0.4027555975710317,0.3013521157840537,0.7265651461706321,0.9825041061886396,0.06590699875873307,0.9408816448952207,2.3065878378378377,2.385193684282632,2.4,2.3,-1.4406393383240763,13.085496006098573,8.518361921640611,-0.9479812154389085,-0.06159961566051764,-0.11680482290881698,-0.05893464299206652,-0.1039260969976904,0.08441558441558428,-0.10078740157480316,-0.08987341772151891,0.08080808080808087,-0.24015507039379716,-0.06138613861386144,-0.039682539682539764,-0.34357620887925344
20,1998-12-31,-0.1736571236354577,-0.3076608112959276,-0.24558396513698155,-0.3827545729528612,-0.052457927461571414,-0.07717029878238403,-0.7017704655297623,-0.7088352093082081,-0.7205882352941176,-0.696969696969697,10.2291830792944,-0.9119003890830841,-2.116487100064769,-8.464209401709402,0.4899746824790132,-0.1279863481228668,-0.29466077880369324,-0.30927835051546393,-0.0479041916167664,-0.1961471103327496,-0.0890125173852574,0.0747663551401867,0.14688506981740046,-0.28481012658227844,-0.04132231404958686,0.12162550258472148
21,1999-03-31,-0.06682777414764562,-0.13067484364445692,-0.0904606819011068,-0.17343842406417798,-0.03512200321063974,-0.5514716651480609,-1.2998690088335072,-1.3448120091736744,-1.368421052631579,-1.35,-1.2344749610577646,-0.4200186965811966,-1.13534407795209,-3.3221784870822297,-0.7636429532981257,-0.19569471624266144,-0.08366533864541825,-0.12064676616915425,-0.03616352201257866,-0.15468409586056642,0.14096692111959294,0.06956521739130439,0.03394989463825815,-0.09144542772861353,-0.0344827586206895,0.051785942901037
22,1999-06-30,0.2764339127666924,0.4594355432873498,0.4287082998471454,0.7725018277740834,0.08386016037406563,0.5028607921215518,10.443436379928317,9.396251133729717,6.142857142857142,6.142857142857142,0.8937200790952613,1.0449699509544312,1.7648037317373704,0.3440603060916303,0.7706860499850643,0.05190592051905929,-0.9024844720496894,-0.8868458274398868,-0.2610114192495921,0.09020618556701043,0.16859946476360374,0.07317073170731714,-0.15081521739130432,-0.9042207792207791,-0.044642857142857206,-0.1766173696062321
23,1999-09-30,0.1298165144843093,0.2668308058126401,0.17566857238657851,0.2885986375945553,0.053380263192456257,0.7547853490925382,-1.662312684134799,-1.6559246621818111,-1.64,-1.64,-0.4968823490349365,-0.4729706905676099,-0.15845634229651395,-1.0174218904058077,0.04272619917899112,-0.11950655358519667,-2.13375796178344,-1.7125,0.05298013245033095,0.1914893617021276,2.0061068702290084,0.06818181818181812,-0.06773333333333331,0.0,0.0,-0.01692660211397734
24,1999-12-31,-0.10614542866044252,-0.2683065688707829,-0.15181085561805507,-0.26912142115502624,-0.02118282712319508,0.07242088331058749,-0.966866913465304,-0.966866913465304,-1.0,-1.0,-5.303829961541087,1.1291287441780966,-3.509210924496898,46.988944459068186,1.9663696960545332,-0.37215411558669,1.5449438202247192,1.8947368421052635,-0.03354297693920316,-0.4027777777777778,0.0,0.06382978723404252,0.0949656750572081,0.0,0.03738317757009346,0.0011278195488719778
25,2000-03-31,-0.10816454464209437,-0.24331670679707296,-0.10630764441817953,-0.07963416163968129,-0.11115832529588264,-0.6458315559204325,-39.18822479928635,-39.18822479928635,-inf,-inf,-1.3874606605641193,-0.6731656899735089,-1.6644576269908868,-1.177812517141133,-0.2184791145500029,-0.20432357043235705,1.7571743929359824,1.7878787878787876,-0.11062906724511944,-0.17607973421926906,0.0,0.06000000000000005,-0.003396029258098121,0.0,-0.027027027027027084,-0.1778445362373262
26,2000-06-30,0.04992564177707415,0.10711208097012116,0.0979397738708927,0.21934711352969627,-0.027907421992779624,0.1796379718461012,-1.0350685603494592,-1.0350685603494592,-1.025,-1.025,-0.3829754714251793,0.18516471707961069,-0.4496571814918844,1.629607921769442,-0.3965999339341295,0.11744084136722165,-0.8903122497998399,-0.8913043478260869,-0.029268292682926744,0.254032258064516,0.0,0.05660377358490565,-0.07418086500655308,0.0,-0.02777777777777779,-0.0920800219238147
27,2000-09-30,0.008988816939377921,0.21254680400939766,0.13878276665024106,0.02735391536435605,-0.2286516419954088,0.936621190833422,-57.09758534554539,-57.09758534554539,-80.0,-80.0,-1.8723409902198864,-0.0145329257551422,-1.5174961247979948,-0.6025761343906902,-0.26121687369403124,-0.07058823529411773,20.64963503649635,19.58,-0.2286432160804021,-0.041800643086816636,0.0,0.0535714285714286,-0.23556058890147225,0.0,-0.00952380952380949,0.18029982895663554
28,2000-12-31,-0.10951907307671348,-0.2874998830464548,-0.17690927530772227,-0.2830324189621389,0.07264092814037082,-0.005456624507580997,-1.2111462718113437,-1.2111462718113437,-1.2151898734177216,-1.2151898734177216,3.8188944835734313,0.10438737152020194,3.234521381683768,-5.031347777318613,1.425392683817774,0.06582278481012671,-0.05529332434254874,-0.09620991253644318,0.061889250814332275,0.3791946308724834,0.0,0.0,0.20481481481481456,0.0,-0.02884615384615385,-0.006222828403375735
29,2001-03-31,-0.018983877440448937,-0.013405104319333729,-0.0288860354211028,-0.05487993599603835,0.0015551301477159107,-0.5353068113497312,-1.000001124732876,-1.4785597795523562,-1.4705882352941178,-1.4705882352941178,-1.4723546018841698,-0.13691326287727312,-1.6220550803215494,-2.1576874075592722,-0.6803678315238673,0.2866191607284243,-0.27837259100642403,-0.3860215053763441,0.0,0.2116788321167884,0.0,0.0,0.020903781125115373,0.0,0.029702970297029733,0.04391833933779399
30,2001-06-30,0.03891824009952005,0.07827580499740172,0.05770580759116739,0.13307252694627647,0.0011335819196174324,0.16711296430893996,-0.875,-0.8573694879403038,-0.875,-0.875,-0.7787554828836014,0.3642581356867072,-0.6505833892830573,-0.7877490354816268,-0.4517966046931165,0.0572307692307692,0.09099901088031648,0.04728546409807355,0.003067484662576669,0.05823293172690746,0.0,0.0,-0.036434808792532365,0.0,0.02884615384615397,-0.04839769926047677
31,2001-09-30,0.14900271712242066,0.3837490876304153,0.15109613484261653,0.39751832294121736,0.14455462575513225,0.8878979147010415,-47.0,-42.160659114315145,-47.0,-47.0,-0.6071730637560917,0.15211854127921076,0.04027316161196515,-1.7454632140409427,0.6143664047151276,-0.0058207217694995475,-1.7221214868540344,-1.2642140468227423,0.1406727828746177,-0.009487666034155516,0.0,0.0,-0.003750000000000142,7.23728813559322,-0.009345794392523366,-0.009843709524220534
32,2001-12-31,-0.1010997299672951,-0.18838526912181308,-0.18567118774006489,-0.28975211742667506,0.07962462808408421,-0.004765722512923397,649822.1086956522,-0.3095403708059149,-0.3043478260869565,-0.34782608695652184,0.0,0.0,0.0,21.01970659951233,8.379862178073232,0.024590163934426368,0.21845574387947275,3.151898734177215,0.07506702412868638,-0.10153256704980827,-0.5884966988318945,0.028248587570621538,0.20106649937264764,0.2798353909465021,-0.009433962264150941,0.1426702712130461
33,2002-03-31,-0.15677842451626567,-0.21078459482862436,-0.17913581335161488,-0.3052184089854544,-0.12074205991746713,-0.5377280025120228,-1.0000019737812929,-2.8564191392830733,-2.84375,-2.966666666666667,8.191264674219509,-0.5426455880546734,-0.8683323765070015,-1.671486946940005,-0.5998988005267563,0.08171428571428563,-0.7480680061823802,0.022865853658536658,-0.1271820448877805,0.006396588486140553,-0.1283554458500462,0.0,0.04256986158265863,-0.7427652733118969,0.02857142857142869,0.13592307105243062
34,2002-06-30,0.03157808958082109,0.047348213058481685,0.0341700048605611,0.0966010636715866,0.027677810321264703,0.08417971277008672,-1.0677966101694916,-1.0764332702180406,-1.0677966101694916,-1.0677966101694916,-0.8957940589199862,0.4627484078876698,-1.1658135860979462,-0.7976047580427142,-0.3034648809909851,0.10670892762810348,0.2842535787321063,0.02533532041728748,0.02857142857142869,0.26906779661016955,3.6350442477876106,0.0,-0.0037575150300601656,0.33125000000000004,0.0185185185185186,-0.04488040849234076
35,2002-09-30,0.13407376236896784,0.3604019182461749,0.11294877712673344,0.5120071141092939,0.1660631755853481,1.0752519752773346,15.0,13.331085912759221,15.0,14.75,-6.013835737415366,0.11272555602182123,44.32888719512196,-1.3276120001068576,0.14273327203528896,-0.08544152744630062,0.7372611464968155,0.03488372093023262,0.16388888888888895,-0.11185308848080132,-0.3031923018176265,0.0,0.028161931103847012,0.7699530516431925,0.045454545454545185,-0.10023916713562186
36,2002-12-31,-0.004349272404970628,0.015243759917793254,-0.0628805122576035,-0.10379977333445667,0.08024689336045543,3.8336575968633824e-05,359531.671875,-0.1798922565882798,-0.34375,-0.33333333333333337,0.0,0.0,0.0,42.65283157336813,5.4524635245588575,-0.04853862212943627,0.4546287809349221,-0.2261235955056179,0.07637231503579933,-0.18233082706766926,-0.4742437527400263,0.0274725274725276,0.0851063829787233,0.4880636604774535,0.01739130434782621,0.1328277695254476
37,2003-03-31,-0.1060085535687818,-0.19195726683198244,-0.20798590215752288,-0.315179411349062,0.021852599064441813,-0.5535858898057369,-0.8572669703913818,-0.8572669703913818,-0.8333333333333333,-0.8333333333333333,-3.5688169862077794,-0.2523688304341677,-1.1227226486636457,-1.4657537829010352,-0.3935714635235881,0.15469007131102575,0.9168241965973536,0.13067150635208713,0.019955654101995624,0.0735632183908046,-0.12236814675839057,0.0,0.1428893396439035,1.0534759358288772,-0.008547008547008517,0.17991718426501024
38,2003-06-30,0.023822285852882485,0.028576164858305383,0.012226296410332129,0.024538127712337317,0.035091337479821405,0.0318147602991079,-0.3638827147337333,-0.3638827147337333,-0.2857142857142857,-0.2857142857142857,-0.7540834412069657,0.8870393139758503,-1.9603343152702608,-0.6279162572442698,-0.2414819461508028,-0.0047505938242280435,-0.06344510190664054,0.07223113964686999,0.03695652173913033,-0.025695931477516032,-0.5710213776722091,0.0,0.011043186748175948,0.009548611111111159,-0.017241379310344862,0.0039188161665788535
39,2003-09-30,0.12792310590674782,0.29050317594941033,0.14110023836470045,0.2390236565163044,0.11540036456504232,1.216758518271924,11.925090943901973,11.925090943901973,11.2,11.2,-1.3837334076871732,-0.18858909030156207,11.728135254672566,-0.0222046166200478,-0.31129111682660715,-0.05918854415274455,-0.07722007722007708,0.93562874251497,0.1383647798742138,-0.09230769230769233,-0.0669988925802878,0.0,-0.011117612638970265,-0.025795356835769608,0.0,0.041540433465392816
40,2003-12-31,-0.02021919879062739,-0.06536952710708421,0.011066203797740036,0.02402550739198084,-0.05063598047829298,0.0213970530435732,-0.207994637652714,-0.207994637652714,-0.18032786885245897,-0.19672131147540986,24.519904879337677,-0.1635884448287932,1.110826519002595,-5.1409878353277065,1.8716946441650848,0.0,-0.05591479650057063,-0.03248259860788871,-0.046040515653775316,-0.12106537530266348,0.01721068249258151,0.213903743315508,-0.03096646942800785,-0.04324801412180057,0.008771929824561429,-0.08726296358449415
41,2004-03-31,-0.08993582283111101,-0.16775914710529571,-0.17335467499648105,-0.27105166697780136,-0.0035619191407355593,-0.5514777885178122,-0.9579503053313756,-0.9579503053313756,-0.96,-0.9591836734693876,-1.3220087453796854,-0.2298754369553444,-1.1110987201954226,-1.4854522971913529,-0.3164049724078041,-0.05124302384576362,-0.06446414182111204,-0.050359712230215736,0.009652509652509744,-0.005509641873278293,-0.10560093348891486,0.0,0.09485039690616737,-0.05166051660516602,0.0,0.14169271312128462
42,2004-06-30,-0.048050132829783536,-0.09157155923670546,0.016587881347041922,0.026098432486440396,-0.10357342911624956,0.029525804667172032,1.6192594239964415,1.6192594239964415,2.0,2.0,-0.6109449856917784,0.009397775220560069,-6.841809664929974,0.16378038682364804,-0.5386608830065218,-0.036363636363636376,0.018087855297157732,0.015151515151515138,-0.08604206500956024,-0.044321329639889114,0.0045662100456620456,0.0,-0.05818925450827295,-0.0009727626459143933,0.01739130434782621,-0.11471361855172045
43,2004-09-30,0.1547657674163434,0.3838547299051247,0.17444525052725246,0.44096648491484136,0.13559536937456662,1.0739513085788346,9.860963701974104,9.860963701974104,9.333333333333334,9.166666666666666,-0.7888842975206611,-0.3277598327949839,-1.0702932910040788,-0.9237125012074534,-0.08907350352112675,-0.049389567147613785,-0.017766497461928932,-0.02238805970149249,0.13389121338912124,0.03768115942028971,-0.05714285714285716,0.0,-0.016778523489933028,-0.02044790652385597,0.0,-0.039594955129759864
44,2004-12-31,0.05399550613585302,0.05250743538043756,0.04675396239478058,0.09180425072474208,0.061291051534945185,0.10969851768647064,0.11146073564476412,0.11146073564476412,0.09677419354838723,0.09836065573770504,-37.51849677040517,0.1290276992651216,-17.350832266325224,-26.50015441630636,2.4934921785347592,0.06771745475773505,0.11843238587424645,0.12468193384223912,0.05719557195571956,-0.05865921787709494,0.06749311294765836,0.19823788546255505,0.007026701465569385,0.11530815109343928,0.008547008547008517,-0.035987120399015186
45,2005-03-31,-0.1266189452226557,-0.21525131297044156,-0.2604223260836553,-0.35507949126056426,0.006335788402439091,-0.5767785950878171,-0.9771158276037912,-0.9771158276037912,-0.9705882352941176,-0.9701492537313432,-1.334929670066587,-0.7286268619351608,-1.04423364419449,-1.4579560249244576,-0.3268677036915377,0.08747949699289248,-0.025798998844820842,-0.007541478129713397,0.017452006980802626,0.029673590504451175,-0.056129032258064426,0.0,0.1521132376395533,-0.004456327985739804,0.0,0.21677909489815986
46,2005-06-30,-0.05840649169641542,-0.09122541676733507,0.0497797869391583,0.10290442127036116,-0.1374106178944141,0.13242287261211572,-15.443983402489627,-15.443983402489627,-12.5,-12.5,-0.530190727409964,2.9231242312423125,-18.336444837853065,0.10219182719262054,-0.5352156085182669,-0.029663147310206136,-0.21383399209486165,-0.20592705167173253,-0.12006861063464835,-0.04610951008645536,-0.030075187969924918,0.0,-0.08375151410278593,-0.21844225604297215,0.016949152542372836,-0.17600516712417258
47,2005-09-30,0.12524938669535413,0.2903623048541799,0.15110120119679604,0.22857814982678226,0.1022740057411462,0.8787796437395061,-3.397554981008012,-3.397554981008012,-3.4347826086956523,-3.391304347826087,-0.557608134115256,-0.7591315253174479,-0.4973774600816933,-0.5486090783014296,-0.5197925559985521,-0.07150259067357513,-0.07088989441930615,-0.06124401913875587,0.101364522417154,0.05438066465256797,0.18040873854827355,0.0,-0.02058545797922573,-0.06758304696449025,0.0,0.050297210791038
48,2005-12-31,-0.00663588791238301,-0.005890894825935078,0.07168799662056125,-0.030568672179513645,-0.07932842888595104,0.1061030102422058,0.2388445852693053,0.2388445852693053,0.23214285714285696,0.23636363636363636,-15.060557451941586,6.163195574357307,1.0872604700558712,-5.37964045756081,4.740668925955547,-0.11997767857142873,0.018939393939394037,0.010193679918450329,-0.04247787610619469,-0.20057306590257884,-0.06805970149253737,0.18382352941176472,-0.07308137292711138,-0.011056511056511065,0.02500000000000013,0.025436905280179056
49,2006-03-31,-0.1160696866852854,-0.21933056994818656,-0.2478256656889429,-0.3848788772438209,0.026271177166652396,-0.5695181797661113,-0.891925777331996,-0.891925777331996,-0.8840579710144927,-0.8823529411764706,-1.2647490195613147,-0.3577739920499716,-0.6535866453705219,-1.4787549473076087,-0.3953578809582514,0.04311984781230183,0.08709506107275633,0.07467204843592334,0.02402957486136792,0.08960573476702516,0.033311979500320284,0.0,0.16101518618681102,0.05465838509316767,0.016260162601626105,0.2691048034934496
50,2006-06-30,0.08252518875393933,0.1543317413247034,0.2471268338610857,0.15901363945442193,-0.04780643761462955,0.20710735655394166,0.2389791183294663,0.2389791183294663,0.25,0.25,-0.7661411812562697,0.3506401641083681,-2.6018570552774087,-1.055209373779984,0.03609980241085276,0.01823708206686936,0.3004396678065462,0.2769953051643195,-0.019855595667870096,-0.006578947368421018,-0.03843769373837569,0.0,-0.12040852893746645,0.2815076560659597,0.0,-0.0040143369175627
51,2006-09-30,0.1640785273551455,0.3272598145010093,0.2068342055829926,0.4361292771728815,0.11973861542716245,0.8694749152878647,5.39446227929374,5.39446227929374,5.3,5.199999999999998,-0.8564521359709897,-0.1080182256206138,-1.2414626173067878,-4.3347874001285716,-0.11619070474362048,0.06507462686567167,0.021788129226145925,-0.003676470588235281,0.11049723756906094,0.08940397350993368,-0.1843971631205673,0.0,-0.038093298024037485,0.0,0.0,-0.07581210114677794
52,2006-12-31,0.01758705079902789,-0.012255068445676698,-0.0185047438684508,0.056348557910532275,0.05792747488319416,0.1779187091412,0.19800020918313987,0.19800020918313987,0.19047619047619047,0.19354838709677424,-128.70620250564798,5.290080145612541,11.90975432571655,-9.993142857142855,1.1822908087070645,0.21188340807174888,-0.02500000000000013,-0.020664206642066363,0.02653399668325052,0.09118541033434636,0.1549407114624506,0.20186335403726696,0.039601863617111384,-0.035845588235294164,0.008000000000000007,-0.06494989875915058
53,2007-03-31,-0.09852409781988436,-0.1700886062359086,-0.27269343734021423,-0.46498116927432204,0.08208349123336299,-0.5541320781737087,-0.9582227468290776,-0.9582227468290776,-0.96,-0.9594594594594594,-1.2625725412370348,-0.8881400547934976,-1.334050373568584,-1.3389157085834757,-0.1836129839276945,0.1947271045328398,-0.07956259426847656,-0.06254709871891495,0.08077544426494354,0.1615598885793872,0.14784394250513344,0.0,0.2004481564473417,-0.05529075309818876,-0.007936507936507908,0.5511937812326484
54,2007-06-30,0.04038266545199787,0.02942298049939085,0.047734816987469175,0.08711221975768835,0.03525835450629988,0.06632172844889482,0.9062108166847779,0.9062108166847779,1.0,1.0,-0.4945519023936105,3.714023448908916,-0.7579249617151608,0.09135099726683382,-0.2454549241666049,0.06039488966318252,-0.09053666530110616,-0.04903536977491962,0.034379671150971625,-0.01918465227817745,0.09600477042337507,0.0,-0.004921092821992268,-0.03229061553985868,-0.016000000000000014,-0.053083724093496036
55,2007-09-30,0.10338350232270743,0.17839486348429826,0.43848617360868736,0.9021027037245472,-0.1329915006576763,0.8337603790051116,9.381950534993859,9.381950534993859,9.166666666666666,9.166666666666666,-0.2764545856634777,-0.1121604517573751,-8.910295745690338,0.9281592542305528,-0.6272338110557067,-0.11683096020445415,-0.00990990990990992,-0.01775147928994092,-0.06936416184971095,-0.1442542787286063,-0.09249183895538626,0.0,-0.21418826739427024,-0.012513034410844505,0.0,-0.3804717623043774
56,2007-12-31,-0.06299983640609741,-0.09633079639861686,-0.0964752702659214,-0.10300155361100327,-0.023822743284486525,0.19039320690926773,0.3874382259767688,0.3874382259767688,0.4754098360655738,0.4918032786885247,-10.810281446001058,-0.5211496475889501,0.9989123654452104,-2.340334952779859,2.255310233216773,-0.11037618850764784,0.08871701546860787,0.0843373493975903,-0.009316770186335477,-0.045714285714285714,-0.10431654676258996,0.19379844961240303,0.04166666666666674,0.06124604012671586,0.016260162601626105,0.007444017328696041
57,2008-03-31,-0.07573955015706113,-0.15086488829651026,-0.15867968830353862,-0.4737017719362034,0.014103007618537331,-0.5799652384646805,-1.142007330824779,-1.142007330824779,-1.1444444444444444,-1.1428571428571428,-1.225716880602697,-1.061353652697104,-0.9434742426424696,-1.4425346454725432,-0.3065922578755099,-0.1045539033457249,-0.07020476389469288,-0.0968253968253968,0.012539184952978122,-0.09580838323353293,-0.19879518072289148,0.0,0.09729166666666657,-0.09452736318407973,0.0,0.6134092423232995
58,2008-06-30,0.04314946418906085,0.0800048870150285,0.0959286810406914,0.4054099507086388,-0.004281242812941065,0.21008616347891174,-1.2526047249496206,-1.2526047249496206,-1.2307692307692308,-1.2307692307692308,0.003066916255412444,-14.123515439429926,-3.4488799235587644,-0.12968130734567562,-0.384813951218107,0.009859885832900872,0.02112359550561793,-0.019332161687170446,0.0,-0.0033112582781458233,0.12113617376775256,0.0,-0.04556673628251362,-0.03846153846153855,0.016000000000000014,-0.23154022298134316
59,2008-09-30,0.19223464000656126,0.35225728204334583,0.3466763257303653,0.6797091230906576,0.039475644400214886,0.7496051440493838,19.20690825765934,19.20690825765934,21.000000000000004,21.000000000000004,-0.4838904262458247,3.8680801551389785,4.796525911153502,-1.2594944605250025,0.16232014505459058,-0.00411099691675243,-0.003961267605633867,-0.017921146953405076,0.046439628482972006,-0.0033222591362125358,0.01713859910581217,0.0,-0.12810821563556796,-0.014857142857142791,0.0,-0.19495872209467047
60,2008-12-31,-0.15365374136236176,-0.257713639210608,-0.1755563591872834,-0.3542353553188272,-0.12558731013609736,-0.0032666860194778824,-0.2591243941570278,-0.2591243941570278,-0.2575757575757576,-0.2575757575757576,-9.056590404394576,-0.5343410898004494,-3.0885746482244185,1.7387534657114925,0.3824719563835597,-0.23735810113519096,-0.2713212549712771,-0.281021897810219,-0.12573964497041412,-0.27,-0.2637362637362637,0.16233766233766225,0.0333105179101072,-0.2563805104408352,-0.03149606299212604,0.149514563106796
61,2009-03-31,-0.12172946578627475,-0.23177702830089866,-0.19468987108194835,-0.3881088022451257,-0.033579341893643984,-0.5950188586654239,-1.2890346426607557,-1.2890346426607557,-1.2857142857142858,-1.2857142857142858,-1.194762969041132,-1.2656636744191352,-0.9886564391986096,-2.2453742173327877,-0.3445427671306505,-0.08322056833558855,0.021224984839296468,0.006345177664974555,-0.03384094754653133,0.04566210045662111,0.28358208955223874,0.0,0.10024287922278652,0.012480499219968744,-0.008130081300813052,0.2554898648648649
62,2009-06-30,0.0905089176704339,0.17918252998282647,0.12038461949234568,0.3587105544076465,0.06043079251022587,0.14325917779763395,-1.4210763739065626,-1.4210763739065626,-1.4285714285714284,-1.4285714285714284,-0.3715148947659992,-1.6276673393156154,-17.080079974744812,-1.0836990536692634,0.04399662115434011,0.04944649446494465,0.04453681710213786,0.034047919293821005,0.05604203152364273,0.0873362445414847,0.059689922480620224,0.0,-0.027493477824603763,0.06471494607087824,-0.024590163934426257,-0.13214766229397926
63,2009-09-30,0.11423440461285515,0.25035010831620563,0.11936546286711612,0.2760336069634881,0.1087765193781407,0.99496880973773,9.705761796078066,9.705761796078066,9.5,9.5,-1.229646748590772,-0.22552842191668376,-1.800397882323685,-6.555886150564195,-0.2341388977607438,0.2060478199718705,-0.019897669130187645,0.007317073170731714,0.1044776119402986,0.14056224899598369,0.17264081931236294,0.0,-0.00495253817581498,0.00723589001447178,0.0,-0.020105615038030992
64,2009-12-31,-0.04179378629310848,-0.05506692825427262,-0.1292122805530298,-0.20633184505996985,0.0520809345146398,0.09110735960934767,0.428716248553354,0.428716248553354,0.4126984126984128,0.4126984126984128,39.765345289165566,1.7273449920508743,2.2466232789351475,-9.015591055604393,2.450524839520817,0.1259475218658892,0.34048723897911826,0.3946731234866827,0.04504504504504503,0.021126760563380254,0.1584529008109794,0.13966480446927365,0.09788469514724164,0.39942528735632205,-0.008403361344537784,0.19054682092356368
65,2010-03-31,-0.058013975364785024,-0.0991552947817268,-0.1520168779222303,-0.31819424361422755,0.02553665780451841,-0.5498596511328159,-0.9243496082270792,-0.9243496082270792,-0.9213483146067416,-0.9213483146067416,-1.1935414701767937,0.13497846432850813,-1.0851121162059796,-1.3089783039762808,-0.21943299758190934,0.10357327809425176,0.07832107312851577,0.11979166666666675,0.02298850574712641,0.055172413793103565,-0.2030156165858912,0.0,0.08877975066112588,0.1232032854209446,0.0,0.3212624584717609
66,2010-06-30,-0.006104748251027692,-0.010129860536258641,0.0320592327298157,0.4208803970634998,-0.0341525075685134,0.15728193509241195,1.0761210852588357,1.0761210852588357,1.0,1.0,-0.4788579231174906,0.7765571946243617,-4.933573985856731,0.3342064249753167,-0.3750721133719697,0.04082590333176928,0.014847512038523412,0.049612403100775186,-0.021067415730337102,0.019607843137254832,-0.09189189189189197,0.0,-0.028278972935461444,0.027422303473491727,0.016949152542372836,-0.3033379431732461
67,2010-09-30,0.2866847270553932,0.5652924952249843,0.4738819047619047,0.4068054375779018,0.13967710088852092,0.7997551308145385,4.4922346097915655,4.4922346097915655,4.571428571428571,4.5,-0.5642439694057658,-1.130703628157975,-4.422241110852019,-2.2710949110457403,0.7628916308323652,0.0013525698827774324,0.03716884143930388,0.041358936484490405,0.14203730272596848,0.02243589743589736,-0.044642857142857095,0.0,-0.11426530976611328,0.07651245551601417,-0.025000000000000026,0.11265508684863534
68,2010-12-31,-0.05923303744655827,-0.095108141617689,-0.03878960817863975,-0.0660826406497047,-0.07999532399859721,0.15902296492851287,0.14799726048675788,0.14799726048675788,0.15384615384615374,0.1558441558441559,-18.20313962698927,-8.062914721061686,-2.276220264065429,-0.2287791452958554,0.3337459463117294,0.09320126069338143,-0.01372474266107504,-0.03617021276595744,-0.05276381909547734,-0.0438871473354232,0.010903426791277315,0.1356209150326797,-0.021971376738560755,-0.03388429752066113,-0.008547008547008517,-0.03105993025707565
69,2011-03-31,-0.08041666136001901,-0.14718171703428673,-0.11634552331194925,-0.2296683211358812,-0.042293112945981585,-0.5519737318985538,-0.9489304516827396,-0.9489304516827396,-0.9444444444444444,-0.9438202247191012,-1.0437881958978652,-0.8404259020842757,-0.6792001143579507,-1.7229441820711342,-0.18090378519470807,0.016474464579901094,-0.004638577502898977,-0.0345842531272994,-0.039787798408488007,0.0721311475409836,0.016949152542372836,0.03309352517985609,0.04142621599340468,-0.023952095808383308,-0.008620689655172377,0.10708905256109813
70,2011-06-30,-0.03700459468849915,-0.08017190752520609,-0.054300337087222365,-0.13613224824907588,-0.0200713986938178,0.2204230471836075,3.8490997772023845,3.8490997772023845,3.6,3.6,3.419606156199216,2.835695595290013,1.2252250801269144,1.7221565412495687,-0.6012094956654657,0.06807131280388967,0.04699029126213583,0.0266768292682924,-0.006906077348066253,0.11314984709480135,0.07954545454545459,0.03203342618384397,0.017613299030279084,0.018404907975460242,0.008695652173912993,0.06475146475146465
71,2011-09-30,0.08415681854089185,0.17448960966409088,0.1888405461956837,0.5562747269257093,-0.014752613113298785,0.7205963499006169,2.7352382371568007,2.7352382371568007,2.782608695652174,2.7391304347826084,-0.4846431699957823,1.1177055797163242,-1.0336296038949446,-0.7401594897342947,-0.3917309475334309,-0.03376327769347498,0.06824925816023719,0.05270972531551621,-0.0013908205841447474,-0.027472527472527486,-0.07859649122807011,0.031039136302294164,-0.0912096460521198,-0.0025817555938036922,0.05172413793103448,-0.24531383129792686
72,2011-12-31,0.09039409534674614,0.15842352190040687,0.10468194293323796,-0.2570669343985401,0.07410474916189802,0.07754507794832799,0.23199188816303476,0.23199188816303476,0.2298850574712645,0.2325581395348839,-11.353678113884607,-0.2530770572997061,12.595379869431092,-7.799042274141402,4.378646688614238,0.06517471535139374,0.06458333333333344,0.04936530324400557,0.07242339832869082,0.06779661016949158,0.017517136329017413,0.030104712041884918,-0.014979670447250125,0.057808455565142365,-0.008196721311475419,0.5592718035563085
73,2012-03-31,-0.023138641782144757,-0.2728850044443386,-0.05283147693508894,0.09078107433816383,0.01167737875119279,-0.5689159486180873,-0.9788734864818918,-0.9788734864818918,-0.9813084112149532,-0.981132075471698,-0.8261959630230913,11.639573749281194,-1.3087870568741886,-1.5244072361733298,-0.4269092470818697,0.14559528197567273,-0.02348336594911937,-0.03696236559139765,0.006493506493506551,0.06878306878306882,0.057634730538922214,0.039390088945362,0.03562893764935926,-0.007340946166394802,-0.02479338842975209,-0.3333936706187589
74,2012-06-30,0.00707836468243106,0.006018839675060228,0.030865555875937645,0.09081900351469184,-0.019034579688370856,0.2480071603286771,11.289947630604164,11.289947630604164,13.000000000000002,13.000000000000002,-2.3559700535258243,-0.8405199561537575,0.044226464104448304,-0.29451809877721835,-0.5255306349776836,0.043436293436293516,0.008350033400133627,-0.01605024424284729,-0.01935483870967747,0.034653465346534684,0.0573248407643312,0.03789731051344747,-0.02601216698133002,0.02136400986031206,-0.0423728813559322,-0.07775162925416368
75,2012-09-30,0.13069489845278026,0.2990378882130589,0.139248294887087,0.3376310405666567,0.12082756938354565,0.7932133206640828,2.8032073000893805,2.8032073000893805,2.7857142857142856,2.714285714285714,-0.8275304548992289,-0.8419584035373932,-0.44094591277309547,-0.7812850889425117,-0.2422524920691628,0.036386062288005006,0.03643590592911572,0.03191489361702127,0.11315789473684235,0.05741626794258381,0.013386880856760541,0.03651354534746765,-0.008615119534783555,0.06999195494770727,-0.035398230088495415,-0.028854647168514932
76,2012-12-31,0.034544494566282946,0.08693313726514829,0.016079337654636868,0.037787037429015465,0.05619627406023287,0.08570970673052858,-0.16247878733224574,-0.16247878733224574,-0.16981132075471705,-0.16346153846153855,-35.326709716023835,2.77278880866426,6.5274435760077285,-12.682700197369881,3.734968716212624,0.08449866111276405,-0.11409395973154368,-0.10859106529209606,0.05200945626477527,-0.024886877828054318,0.003302509907529672,0.03522727272727266,0.02085596350206376,-0.0909774436090226,-0.01834862385321101,0.047347145022738735
77,2013-03-31,-0.051037991905662605,-0.11282232228081103,-0.09083281089538207,-0.4764255727815423,-0.006147939188351992,-0.5586666991739457,-0.8743441660140956,-0.8743441660140956,-0.875,-0.8735632183908046,-1.045356294623078,-0.019197416422462758,-1.2226759221450934,-1.07232141501268,-0.05704752000994229,0.08998628257887509,0.003246753246753276,0.011565150346954491,-0.007865168539325841,0.03480278422273786,0.18367346938775508,0.039517014270032964,0.047244094488188886,0.02894954507857728,-0.01869158878504673,0.6944565060066579
78,2013-06-30,0.0004393194278482504,-0.008986480191207956,0.04115774906429315,0.15574538655031933,-0.04157880025772687,0.1742687368296294,0.9045986860896886,0.9045986860896886,0.9090909090909091,0.9090909090909091,2.5784585328358447,0.019451219512195198,-3.4714111072301783,4.728329768107193,-0.3465572380414001,0.12559778504908126,-0.055375764113628316,-0.05182926829268309,-0.03963759909399767,0.13452914798206272,0.08120133481646286,0.03801478352692711,-0.04186141028246293,-0.02974276527331188,-0.01904761904761909,-0.14253580478915762
79,2013-09-30,0.08067000925699985,0.16319882474870973,0.12615238611713675,0.4171627065334733,0.02968425246658501,0.8877290312537154,4.764792496046245,4.764792496046245,4.809523809523808,4.761904761904762,-0.84183582142985,-0.3509330701596985,1.381851844000198,-0.04567083550022566,-0.5061341232705442,-0.022137745974955325,0.0631899505138942,0.0562700964630225,0.04834905660377365,0.019762845849802483,0.008744855967078191,0.03662258392675488,-0.047295864262990484,0.051367025683513035,0.009708737864077666,-0.1791798107255519
80,2013-12-31,-0.03832425736475087,-0.07134468358849877,-0.13557682765532042,-0.2882155033165281,0.08090968293337243,-0.04247696266494971,-0.12673235013102002,-0.12673235013102002,-0.11475409836065564,-0.12396694214876025,-29.850186736079674,0.5256295067615822,-0.054639637100482696,-2.519008157327431,1.5567422212709214,0.008689686713926337,0.05871822413175809,0.07838660578386603,0.07424071991001124,-0.03875968992248069,-0.06272310045894958,0.035328753680078595,0.12399821905609976,0.09850275807722596,-0.019230769230769273,0.3046644281726607
81,2014-03-31,-0.08815061620038178,-0.1656054349431748,-0.1297447638333824,-0.3556270526235393,-0.047368662232486036,-0.5522573177564433,-1.0303805832920332,-1.0303805832920332,-1.0277777777777777,-1.028301886792453,-0.9405912241181312,-0.5523307612158918,-0.4700514050074377,-1.2243553982189,-0.1366049021570107,-0.06347766946270683,-0.05884342238755502,-0.04304869442484116,-0.043979057591623016,-0.127016129032258,-0.13220892274211093,0.036018957345971485,0.04476133887898581,-0.04806312769010035,0.0,0.29488372093023263
82,2014-06-30,0.10329192814199127,0.023674695653377098,0.2712256058176954,0.3462341949382317,-0.047124537979691634,0.12267789219141867,-3.5249598858976645,-3.5249598858976645,-3.666666666666667,-3.666666666666667,-3.306695500016508,15.70026310463469,-2.4920114173368235,1.6699891520265986,-0.4224411370693249,-0.05858145727426777,-0.05497664390945012,-0.06342182890855452,-0.042716319824753664,-0.01616628175519641,-0.005015673981191182,0.034766697163769456,-0.13630331753554492,-0.036171816126601364,-0.029411764705882363,-0.2396072796934867
83,2014-09-30,0.06251790539038682,0.15168813866665198,0.08187150917979924,0.3327030804617941,0.03939161807948111,0.9029608793393658,10.71530450132392,10.71530450132392,11.125,11.125,-0.5337388628475328,-0.8391907832016416,-1.4093669378845008,-0.32448547239451553,-0.494088383823765,-0.09668295191565944,-0.11673003802281368,-0.11889763779527562,0.035469107551487467,-0.05633802816901413,-0.04599873976055446,0.0335985853227232,-0.021729587357330996,-0.08600469116497267,-0.03030303030303028,-0.1358254078226364
84,2014-12-31,-0.02345777260987769,-0.04123533881536878,-0.011193012838589313,-0.10073629116037708,-0.03871232928509172,-0.013583493616381335,-0.5481774129389216,-0.5481774129389216,-0.5463917525773196,-0.5567010309278351,-16.853053581569537,0.3087067926045015,1.009530734923405,-3.770911363236931,2.7061547381108584,-0.13692001138627966,-0.28798966853207064,-0.31277926720285976,-0.03646408839779003,-0.16666666666666652,-0.036988110964332965,0.032506415739948835,-0.01570563159075611,-0.29170230966638155,-0.03124999999999989,0.06617834627017971
85,2015-03-31,-0.09149401833905924,-0.1854174781721376,-0.08815298272583305,-0.2699951972039094,-0.0957684640349452,-0.5372293208610377,-1.388025158239457,-1.388025158239457,-1.3863636363636365,-1.3953488372093024,-1.0514196310488986,-0.11672457147244565,-0.3786252249557326,-1.406978088115488,-0.2971666752431431,-0.12467018469657,-0.06045949214026593,-0.10273081924577364,-0.09633027522935787,-0.09253731343283587,0.25514403292181065,0.0314830157415078,-0.004558924093913785,-0.0905797101449275,-0.010752688172043,0.11586970639505068
86,2015-06-30,-0.0015092469828569266,-0.0252456439145814,0.02701826777073202,0.11917407395293722,-0.038314090037549035,0.07087842956210189,-0.8048885298313766,-0.8048885298313766,-0.8235294117647058,-0.8235294117647058,2.533477687817737,-0.2487395688456189,-0.015389632574463463,0.32454925158099623,-0.5600359052756739,-0.00452147701582506,-0.05662805662805659,-0.073913043478261,-0.03934010152284262,0.10197368421052633,0.10218579234972693,0.030522088353413638,-0.03686741470116783,-0.07569721115537864,0.0,-0.12904707936410698
87,2015-09-30,0.09047981551385242,0.2583375433153787,0.1538316980954788,0.6203665612347893,0.003193638615029304,0.8134538006298626,-20.714914985463835,-20.714914985463835,-23.000000000000004,-23.000000000000004,-1.098234601386528,-0.3522273647671391,-1.2021040013879472,-0.9718710534366314,-0.035805694696377184,-0.10333080999242994,-0.22783083219645306,-0.25508607198748035,0.0013210039630118242,-0.06567164179104479,-0.021318790282598088,0.029618082618862118,-0.08012363290537318,-0.23275862068965505,-0.03260869565217395,-0.22342969684180916
88,2015-12-31,-0.014563585697034196,0.004286227243554429,-0.03861592737756714,0.14149159474416595,0.023551860465206742,0.11594849908034074,-0.03853716083366099,-0.03853716083366099,-0.06060606060606066,-0.06060606060606066,50.90642799023596,0.7088887400361712,-11.545341033244886,-57.06218627997768,2.081889008170606,0.0029548332629800718,0.2508833922261484,0.222689075630252,0.02110817941952514,0.0,0.35258358662614003,0.02876608629825883,0.03876970793486678,0.2134831460674156,0.011235955056179804,-0.12019383180109587
89,2016-03-31,-0.08908464906544478,-0.2505287214372339,-0.10858963090343376,-0.2500328153371594,-0.060052695258414175,-0.5652448513409716,-1.339091838631716,-1.339091838631716,-1.3387096774193548,-1.3387096774193548,-1.0932735566598215,-0.2847287550956412,-0.5028232490675508,-1.485985306333597,-0.32829458319426,0.11700336700336698,-0.021892655367231617,-0.03608247422680422,-0.060723514211886376,0.09584664536741228,-0.07977528089887642,0.02796173657100809,0.03184871858671312,-0.030864197530864224,-0.011111111111111072,-0.0006691717712462575
90,2016-06-30,-0.006262078139436689,-0.012548221858739494,0.03648007556188415,0.1127171072622304,-0.06659596302401505,0.1010778710350484,-0.7380172425608904,-0.7380172425608904,-0.7142857142857143,-0.7142857142857143,0.6959990140387438,0.26313385941838385,-0.5558515982584751,-0.03821484377665418,-0.4700704342780153,-0.00452147701582506,0.002888086642599097,-0.014260249554367109,-0.0674002751031636,0.05830903790087461,0.03378103378103381,0.027201145311381403,-0.06076681938750905,-0.017515923566878918,0.011235955056179804,-0.11254764602863908
91,2016-09-30,0.12092925865964264,0.3013294774233144,0.16905873061458945,0.19831608934251466,0.04548828781878611,0.8757129605254912,-13.360050224965994,-13.360050224965994,-12.5,-12.333333333333336,-0.4006857233456429,0.16895399788861742,-3.526911089513724,-0.926521345843458,-0.06517874280607794,-0.10333080999242994,0.052555795536357135,0.03616636528028927,0.04129793510324475,-0.0385674931129476,-0.07637795275590542,0.026480836236933758,-0.06726572528883179,0.03565640194489461,0.0,0.08595971907829814
92,2016-12-31,-0.02332322183614144,-0.045063263181656536,-0.03483580564399713,-0.08507285639105333,-0.003144849377612946,0.0216226000027846,-0.2641481481481481,-0.2641481481481481,-0.26086956521739124,-0.26470588235294124,-11.205632716049383,0.32602187252573245,-2.579757428664266,-28.635512213961572,1.9268367391589725,0.0029548332629800718,-0.09439124487004114,-0.11343804537521818,-0.004249291784702458,-0.034383954154727836,-0.016624040920716118,0.025797691785471862,0.020644095788604492,-0.08763693270735529,-0.033333333333333326,0.0437199358631748
93,2017-03-31,-0.0882173040906441,-0.21043725578762906,-0.09325082745718803,-0.08935402003091186,-0.07967540250736982,-0.598987134757959,-1.6513330840691418,-1.6513330840691418,-1.6470588235294117,-1.66,-1.3348699310367174,-0.5830106824648971,-0.4012231928102792,-1.851866215267224,-0.5608126679784851,0.18265993265993274,-0.10271903323262832,-0.12598425196850382,-0.07965860597439556,0.18694362017804145,0.3385348938014736,0.02514890800794189,0.009439050701186558,-0.10463121783876493,-0.02298850574712641,-0.13298852929127414
94,2017-06-30,0.041708488651020836,0.07808466139534276,0.10674501509856447,0.28551673031645963,-0.06703066552764714,0.3247052138474045,-0.5047734277715467,-0.5047734277715467,-0.5151515151515151,-0.5151515151515151,-0.2289600407688015,0.3766193086474998,-2.360907421168487,-0.7816193780708878,-0.2788573583285108,-0.1925266903914591,-0.10942760942760944,-0.13963963963963974,-0.06800618238021627,-0.12250000000000005,-0.06994818652849744,0.024531956100710017,-0.1044616617686348,-0.13601532567049812,0.0,-0.16136081743547348
95,2017-09-30,0.00515606491823295,0.21079081669349176,0.16084275073363408,0.3034201418439717,-0.30363184765442663,0.6018674632649104,9.75786000891663,9.75786000891663,9.9375,9.9375,-0.2011219222435099,0.11633727733714737,-0.16420609082667104,-0.1164876234834542,-0.3416438206939124,-0.20625826355222565,-3.7835538752362954,-3.528795811518325,-0.3051409618573797,-0.14814814814814806,-0.09122562674094704,0.00945179584120992,-0.3072792362768497,0.0,-0.03529411764705881,-0.07106134234805273
96,2017-12-31,0.006261448164132322,0.026872847266430574,0.04643667690544273,-0.2931621684445679,-0.1265702328650563,0.031960629936392586,-0.533718360804115,-0.533718360804115,-0.5257142857142858,-0.5257142857142858,-4.7306244272810565,-0.1154820487435576,0.5082618905276393,-10.54343320543752,4.952417984865533,-0.11382565241532484,1.0505942275042446,0.7795031055900621,-0.12649164677804306,0.2742474916387958,0.0,0.0,-0.131782945736434,0.0,-0.02439024390243893,0.4527672479150873
97,2018-03-31,-0.1497816062603481,-0.2860012315255105,-0.13238659816167198,-0.39205741090514057,-0.2186869510240923,-0.5602558364315499,0.1065474984268513,0.1065474984268513,0.08433734939759052,0.08433734939759052,-1.3842089897481389,-0.4920169865358659,-2.0277831127383883,-1.6153123966353091,-0.5119405571240738,-0.010025062656641605,0.4427885411491968,0.21815008726003504,-0.2185792349726776,0.13385826771653542,0.0,0.0,-0.0813492063492064,0.0,0.012499999999999956,0.1744598684897194
98,2018-06-30,-0.047255608407851264,-0.07670581139413146,0.015699422254226603,0.11169808109775436,-0.3241791573448852,0.1868735636078218,-0.2259319588887496,-0.2259319588887496,-0.22222222222222232,-0.22222222222222232,0.03340858942323144,0.7601257209513317,-1.2127816918207988,-0.4604169796397084,-0.5659852218619239,-0.04430379746835445,0.0,0.20391595033428844,-0.3251748251748252,0.2222222222222221,0.0,0.0,-0.29049676025917937,0.0,0.024691358024691246,-0.169473450344368
99,2018-09-30,0.08477449627402467,0.2358950983666097,0.0970422176157446,0.361346582288862,0.003673353203679008,0.7097287177608511,-1.0260572529064338,-1.0260572529064338,-1.0285714285714285,-1.0285714285714285,-0.3819115728744296,-0.4577235323355609,2.4999813146978584,-0.9347372516922828,-0.08510712754695847,0.07218543046357627,0.06358315161253293,-0.4053946846489488,0.0,0.5890151515151516,0.0,0.0,-0.07458143074581425,0.0,0.0,-0.09212990209191584
100,2018-12-31,-0.043485359399982985,-0.07206556176867829,-0.05013773418185485,-0.1615759807711229,0.0045842649420027035,0.06040553730179332,1.3754380375915898,1.3754380375915898,1.0,1.0,-5.027241582448253,0.5656041008928268,-2.4653145553942086,-20.805252878289476,1.842366722448004,-0.2211241507103151,-0.2314664940110067,-0.3282188125416945,0.005181347150259086,-0.2216924910607867,0.0,0.0,0.05016447368421062,0.0,0.03614457831325302,0.10672402616536036
101,2019-03-31,-0.030723576871400926,-0.19441686079134854,-0.002219064276344551,-0.19666088672593496,-0.225475566310412,-0.5478222191315119,-13.319318715214912,-13.319318715214912,-14.25,-14.25,-1.2738253317900687,-0.5836766555357995,-0.984154974478178,-1.5563372788589551,-0.3606069832341151,0.05233941316415547,-0.10025273799494527,-0.2313803376365442,-0.22680412371134015,0.04747320061255733,0.0,0.0,-0.20125293657008625,0.0,0.0,0.002822151224707081
102,2019-06-30,-0.007031762956118626,0.010783679474176909,0.01346275622555515,0.06788542626275884,-0.18741912029885235,0.2478316885408112,-0.4122132834017352,-0.4122132834017352,-0.4150943396226415,-0.4150943396226415,0.07727296302059017,0.2763020833333334,-11.350655323062773,-0.13244143412913878,-0.4892885424367349,-0.12057272042200452,-0.25795880149812744,-0.3294573643410852,-0.18666666666666665,0.13742690058479545,0.0,0.0,-0.18137254901960773,0.0,0.011627906976744208,-0.05346997291987465
