,Quarter end,Assets,Current Assets,Liabilities,Current Liabilities,Shareholders equity,Revenue,Earnings,Earnings available for common stockholders,EPS basic,EPS diluted,Cash from operating activities,Cash from investing activities,Cash from financing activities,Cash change during period,Cash at end of period,Price,ROE,ROA,Book value of equity per share,P/B ratio,P/E ratio,Cumulative dividends per share,Equity to assets ratio,Net margin,Asset turnover,Current ratio
0,1993-12-31,0.05949029485849766,0.06673618352450461,0.06347862886161648,0.10207336523125997,0.055078795443906925,0.15896015341998715,0.23154362416107374,0.23154362416107374,-0.3883495145631069,-0.3883495145631069,2.1707317073170733,0.9470468431771896,1.593625498007968,-0.7151898734177216,-0.17832957110609482,0.02023894436519269,-0.03736479842674534,-0.006309148264984299,0.05331841909023116,-0.07025761124121765,0.1696188942565755,inf,-0.004212299915754003,-0.01141226818830232,-0.007194244604316501,-0.03203661327231133
1,1994-04-02,0.05949029485849766,0.06673618352450461,0.06347862886161648,0.10207336523125997,0.055078795443906925,0.15896015341998715,0.23154362416107374,0.23154362416107374,-0.3883495145631069,-0.3883495145631069,2.1707317073170733,0.9470468431771896,1.593625498007968,-0.7151898734177216,-0.17832957110609482,0.02023894436519269,-0.03736479842674534,-0.006309148264984299,0.05331841909023116,-0.07025761124121765,0.1696188942565755,inf,-0.004212299915754003,-0.01141226818830232,-0.007194244604316501,-0.03203661327231133
2,1994-07-02,0.0807635829662261,0.08462505236698781,0.09404430295795208,0.16084349803597275,0.06595681750961258,0.15896015341998715,0.23154362416107374,0.23154362416107374,-0.3883495145631069,-0.3883495145631069,2.1707317073170733,0.9470468431771896,1.593625498007968,-0.7151898734177216,-0.061813186813186816,-0.01992484488333479,-0.03736479842674534,-0.006309148264984299,0.052035398230088514,-0.07025761124121765,0.1696188942565755,1.2307692307692304,-0.0135363790186126,-0.01141226818830232,-0.007194244604316501,-0.0656534954407294
3,1994-10-01,0.07129917184265011,0.09063988670014167,0.08426285160038803,0.12235084594835265,0.056465038845727074,0.040632469203897736,0.03542234332425065,0.03542234332425065,0.03174603174603185,0.03174603174603185,1.6153846153846154,0.05020920502092041,-0.42396313364055305,-2.1333333333333333,0.07467057101024888,0.03120820329915297,-0.03736479842674534,-0.006309148264984299,0.05047106325706596,-0.02015113350125941,0.1696188942565755,0.5517241379310347,-0.013936535162950237,-0.01141226818830232,-0.007194244604316501,-0.028265741343164837
4,1994-12-31,0.0590651044812176,0.053594616928343664,-0.056245107905624536,-0.06109171691526505,0.1944845699277742,0.14010600706713786,0.3552631578947369,0.3552631578947369,0.3076923076923077,0.3076923076923077,1.25,0.5109561752988048,-1.016,-0.8627450980392157,0.0095367847411445,0.11093817552961503,-0.03736479842674534,-0.006309148264984299,0.1556694426649583,0.05912596401028281,0.1696188942565755,0.7333333333333334,0.12785388127853906,-0.01141226818830232,-0.007194244604316501,0.12215444130337748
5,1995-04-01,0.08029197080291972,0.08190476190476192,0.12310426540284357,0.1615683623457833,0.040567282321899656,-0.068495273516194,-0.2776699029126214,-0.2776699029126214,-0.2823529411764706,-0.2823529411764706,-0.5823529411764705,-0.26367831245880025,-98.83333333333331,14.571428571428573,0.1470985155195681,0.06927148194271493,-0.03736479842674534,-0.006309148264984299,0.03991130820399125,-0.07524271844660191,0.1696188942565755,0.2948717948717949,-0.03682282629651057,-0.01141226818830232,-0.007194244604316501,-0.06861575178997603
6,1995-07-01,0.08028927364864867,0.06648715824357909,0.10623483489819607,0.07143896406227257,0.05430533544638138,0.1440692064548328,0.293010752688172,0.293010752688172,0.2950819672131149,0.2950819672131149,-0.12050078247261342,0.22918531781557736,0.22827938671209536,-1.8256880733944956,-0.10588235294117644,0.013830251856165487,-0.012257405515832542,-0.006309148264984299,0.05223880597014907,-0.02624671916010501,0.1696188942565755,0.2376237623762376,-0.024019215372297897,0.008658008658008809,-0.014492753623188246,-0.004626663819488841
7,1995-09-30,0.07412655753725872,-0.024082346086618744,0.0719053976730879,0.0027159152634437245,0.07646056719110139,-0.003780718336483968,0.03118503118503124,0.03118503118503124,0.025316455696202445,0.025316455696202445,0.4003558718861211,-0.27458120903131833,-0.8404993065187241,0.044444444444444516,-0.12368421052631585,0.25021539345203897,-0.01861427094105472,-0.006309148264984299,0.07421479229989858,0.18867924528301885,0.18081688848095467,0.18399999999999994,0.002255947497949329,0.018597997138769532,-0.0220588235294118,-0.026673340961098524
8,1995-12-31,0.0372577563461014,0.0,0.045640569395017705,0.0,0.028486315397505013,0.06524594949642393,-0.12903225806451613,-0.12903225806451613,-0.11111111111111116,-0.2098765432098766,0.0,0.0,0.0,0.0,0.0,-0.10635731924424274,-0.08956796628029495,-0.10476190476190483,0.027352039613298903,-0.16780045351473927,-0.15312864360668488,0.15540540540540548,-0.008594229588704816,-0.074438202247191,-0.03759398496240607,0.0
9,1996-03-30,0.025218192184553345,0.047462686567164125,0.011061005700672144,0.054171180931744216,0.04027878349022451,-0.04699917785694707,-0.11111111111111116,-0.11111111111111116,-0.125,-0.015625,0.20838627700127052,-0.1606425702811245,-0.9565217391304348,-2.276595744680851,0.2687687687687688,-0.22029432555748352,-0.0405092592592593,-0.04373522458628831,0.039706219876061384,-0.24250681198910085,-0.1624598439651216,0.14035087719298245,0.014860681114551078,-0.0273141122913505,-0.015625,-0.006391888913378829
10,1996-06-29,0.00936858316221767,-0.007029543079699829,-0.003702768661112521,-0.018884892086330932,0.02288349430087888,-0.017253774263120025,-0.15104166666666666,-0.15104166666666666,-0.1428571428571428,-0.1428571428571428,-0.2597266035751841,0.02631578947368429,49.0,-0.2,0.1136094674556214,0.13236627379873056,-0.12243667068757548,-0.11742892459826935,0.021854304635761542,0.08992805755395694,0.12438356164383554,0.11794871794871795,0.013219442749643928,-0.08580343213728557,-0.031746031746031744,0.012052647145814888
11,1996-09-28,0.012587412587412585,0.03463120635224337,0.015203986823211446,0.02919994762341238,0.0099523647499149,-0.049305047549378256,-0.3680981595092024,-0.3680981595092024,-0.3703703703703704,-0.3703703703703704,0.2585227272727273,-0.2750582750582751,-1.092,1.5104166666666663,0.2561105207226355,-0.0213261518305552,-0.1972508591065292,-0.19327731092436984,0.00950529271980982,-0.04290429042904287,0.07163742690058482,0.12844036697247696,-0.0026093938177438325,-0.16552901023890787,-0.03278688524590168,0.005333528165412328
12,1996-12-31,0.007701322618449691,0.04660194174757271,0.021798818537315908,0.01717557251908386,-0.006569527499368344,0.1826715912588488,0.15533980582524265,0.15533980582524265,0.1470588235294117,0.1470588235294117,0.8611738148984198,-0.05144694533762062,30.65217391304348,0.3734439834024896,0.2800338409475465,-0.06500074371560327,-0.15753424657534246,-0.15625,-0.00834581639203924,-0.07241379310344831,0.13960891314233748,0.11382113821138228,-0.01408734151740798,-0.15541922290388546,0.0,0.028924418604651118
13,1997-03-29,0.011339092872570287,0.044438554642636234,0.004641315853757932,0.0072545340838023895,0.01831284442560399,-0.13571893298633694,0.36554621848739505,0.36554621848739505,0.35897435897435903,0.35897435897435903,-0.7362037598544573,-0.3525423728813559,-1.0192307692307692,-0.7975830815709971,0.044282881692002674,0.14842507158765514,-0.06199186991869932,-0.05967078189300413,0.017695295640914877,0.1598513011152416,0.2996807661612131,0.10218978102189767,0.00694019187589312,-0.04116222760290555,-0.025423728813559362,0.03686961435230973
14,1997-06-28,0.04616206004353352,0.046269666723058656,0.04765764305397968,0.040481808021855185,0.0446257597202564,0.13233965672990067,-0.17538461538461536,-0.17538461538461536,-0.16981132075471705,-0.16981132075471705,0.4942528735632184,0.6335078534031413,-11.928571428571427,-2.8955223880597014,-0.08037974683544302,0.08131320127441488,-0.06825568797399784,-0.07221006564551412,0.04283290924512295,0.0608974358974359,0.14123426466073075,0.0927152317880795,-0.0014190147982972026,-0.0757575757575758,0.008695652173912993,0.005585831062670188
15,1997-09-27,0.04589172849683987,0.04268736357021585,0.048584248800866536,0.03258145363408516,0.04311787678329471,-0.02233745512564822,-0.0074626865671642015,-0.0074626865671642015,0.0,0.0,0.30000000000000004,-0.15384615384615385,-0.9869281045751634,-3.4803149606299213,0.2167928423950447,0.16903663848321804,0.03255813953488396,0.02830188679245272,0.0402602684017892,0.12084592145015095,0.23782620392789866,0.08484848484848495,-0.0026390580592772213,0.02732240437158473,0.0,0.009754775775640212
16,1997-12-31,0.023872081675549998,0.0,0.03334808912498155,0.0,0.014058679706601572,0.12579899360805125,0.20676691729323315,0.20676691729323315,0.2954545454545454,0.11363636363636355,0.0,0.0,0.0,0.0,0.0,-0.17336036381568132,0.043918918918918866,0.04357798165137616,0.013096168881939095,-0.20485175202156325,-0.21930015214083887,0.07821229050279332,-0.009769997964583776,0.05319148936170226,-0.008620689655172377,0.0
17,1998-03-28,0.028924407947796826,0.05636969837946815,0.0381265172069114,0.09546925566343044,0.01921338155515362,-0.16815655955544814,-0.4392523364485982,-0.4392523364485982,-0.4736842105263158,-0.3877551020408163,-0.9491124260355028,0.10037878787878783,-314.5,-0.7968253968253969,-0.1464932126696833,-0.08842049446543387,-0.1477885652642934,-0.15384615384615385,0.01890796835809394,-0.10169491525423736,-0.13641425389755013,0.07253886010362698,-0.00924974306269266,-0.12878787878787878,-0.02608695652173898,-0.03569032604320399
18,1998-06-27,0.02155556347311793,0.009395184967704084,0.141678129298487,0.21639586410635148,-0.10756265247283214,0.019895440023235626,-8.377777777777778,-8.377777777777778,-8.400000000000002,-8.400000000000002,-8.209302325581397,0.6006884681583478,0.4657097288676235,-6.1875,-0.22001325381047052,-0.06842143532320223,-1.5468354430379747,-1.5272727272727271,-0.10831281954175342,-0.08301886792452817,0.059961315280464327,0.06763285024154597,-0.12655601659751034,0.0,-0.044642857142857206,-0.17016835953805476
19,1998-09-26,0.008998325892857206,0.03403141361256545,0.026506024096385472,0.06557377049180335,-0.015076209410205488,0.018368218709952974,-1.0203313253012047,-1.0203313253012047,-1.0225225225225223,-1.018018018018018,-1.4193548387096775,-0.30537634408602155,-0.3917301414581066,-1.2409638554216866,0.06796941376380627,-0.13604433343740252,0.4583333333333333,0.3940886699507389,-0.01826290082820148,-0.03292181069958855,0.0,0.06334841628959276,-0.02375296912114011,0.0,-0.028037383177570097,-0.029594232059020894
20,1998-12-31,-0.006982371240926377,-0.04845288326300989,-0.0313380281690141,-0.06878306878306882,0.027922624053826842,0.16568791946308714,4.888888888888889,4.888888888888889,4.2,5.75,7.907692307692307,0.25077399380804954,-1.334525939177102,1.4500000000000002,0.15592680986475727,0.08239226669075794,0.22857142857142845,0.1872791519434629,0.024875621890547484,0.102127659574468,0.0,0.059574468085106476,0.0350364963503651,0.0,-0.00961538461538458,0.02185745140388784
21,1999-04-03,0.032546644388749664,0.005468923213362009,0.016297104083363708,-0.09606643356643353,0.054491899852724617,-0.13254168166006952,0.07547169811320753,0.07547169811320753,0.0769230769230771,0.03703703703703698,-0.4162348877374784,-0.8254950495049505,0.07486631016042787,0.3316326530612246,0.17962835512732278,0.3624906101327101,0.0219638242894058,-0.0029761904761903546,0.05255382017728994,0.3320463320463323,0.0,0.05622489959839338,0.021391631405735856,0.0,0.0,0.11227595536016244
22,1999-07-03,0.07025587432154534,0.10679897096655644,0.07713859910581222,0.03723044193018077,0.06129733085040345,0.03885508849557517,0.20467836257309946,0.20467836257309946,0.24999999999999975,0.1785714285714286,0.7130177514792899,4.0638297872340425,-2.109452736318408,1.4674329501915708,0.3757292882147025,0.2354202401372212,-1.5613147914032868,-1.564179104477612,0.053940244636053736,0.17101449275362324,0.0,0.05323193916349811,-0.008515535097813555,-0.4608695652173914,-0.009708737864077666,0.06711766494375171
23,1999-10-02,0.07953507418023742,0.06355425687342288,0.09779179810725558,0.10926720119336196,0.05541745869279136,0.023292958871289796,-0.5582524271844661,-0.5582524271844661,-0.5999999999999999,-0.5757575757575757,-1.1347150259067358,-2.6596638655462193,-2.6771300448430493,0.13975155279503104,0.3112807463952503,0.06143700104130523,0.06081081081081075,0.06878306878306882,0.05213089802130888,0.0074257425742574315,2.032846715328467,0.05054151624548742,-0.02228412256267409,0.09677419354838723,-0.029411764705882363,-0.041242253721774924
24,1999-12-31,0.08913982259570498,0.0,0.0578241580963903,0.0,0.13216957605985047,0.10535900104058273,2.8351648351648358,2.8351648351648358,3.1428571428571423,3.0,0.0,0.0,0.0,0.0,0.0,0.2779594506213212,0.21019108280254767,0.2178217821782178,-0.03508137432188063,0.21621621621621626,0.1526273565984757,0.04810996563573866,0.03964862298195637,0.2941176470588234,-0.06060606060606055,0.0
25,2000-04-01,0.15624079084844755,0.16509522322822345,0.07653814993089636,0.12539922676080018,0.2585658345570241,0.03177218168980933,0.2836676217765044,0.2836676217765044,0.0862068965517242,0.05357142857142838,4.737179487179487,-1.4843881856540084,-4.3957219251336905,-1.3569482288828338,0.0591849935316946,0.28812691914022515,0.1807017543859648,0.2154471544715446,0.25374812593703155,0.3333333333333333,0.002958065077431682,0.04590163934426239,0.08837634163050923,0.2765151515151516,-0.043010752688172116,0.0352897473997027
26,2000-07-01,0.05750828332445135,0.07192239669864398,0.06990127938377078,0.10388349514563112,0.04389888186679625,0.055542883211678884,-0.5446428571428572,-0.5446428571428572,-0.8571428571428572,-0.8474576271186439,-0.9586592178770951,1.2961672473867596,0.018897637795275646,-0.267175572519084,-0.058625954198473273,-0.1938816050854192,-0.10846953937592874,-0.09030100334448166,0.030343796711509663,-0.3560606060606061,-0.3481089521165857,0.0438871473354232,-0.012798992866135173,-0.05341246290801194,-0.0449438202247191,-0.028919985647649863
27,2000-09-30,-0.032076422514844105,-0.028898555072246368,-0.026853690830850763,0.04661389621811796,-0.03795464071159127,0.025715829281469427,1.6029411764705883,1.6029411764705883,1.6666666666666663,1.5555555555555558,4.648648648648648,-0.6570561456752655,-0.7357032457496135,0.6979166666666667,-0.10574116120661692,-0.17605435471379285,0.29166666666666674,0.32352941176470584,-0.03960539677934138,-0.20000000000000007,-0.14437791084497684,0.04204204204204198,-0.006163655685440972,0.3322884012539187,0.0,-0.07219923145137441
28,2000-12-31,-0.04151481540167956,0.0,0.009013988689995369,0.0,-0.09904153354632583,0.060149583903929216,-0.7457627118644068,-0.7457627118644068,-0.7083333333333333,-0.7826086956521741,0.0,0.0,0.0,0.0,0.0,-0.3189916684469132,-0.16387096774193555,-0.16388888888888886,-0.10241691842900302,-0.2911764705882353,-0.4965785381026439,0.040345821325648235,-0.05988023952095811,-0.1741176470588236,0.0117647058823529,0.0
29,2001-03-31,-0.06664619889946387,-0.03881995572259689,-0.03598668408410943,-0.11945701357466065,-0.10573823339780786,-0.2297297297297297,-4.948148148148149,-4.948148148148149,-4.428571428571427,-5.8,-1.2679425837320577,-1.5287610619469023,0.5789473684210527,-3.2883435582822087,0.4678998911860719,-0.1482527134701047,-0.7314814814814815,-0.7375415282392026,-0.10720296196566824,-0.05394190871369309,0.05746061167747917,0.03878116343490312,-0.04208371246587817,-0.7378917378917379,-0.011627906976744208,0.09159697331740337
30,2001-06-30,-0.02006528174894362,0.045262199367936067,-0.0196704113301569,-0.0511672294817207,-0.02060802691660657,-0.02966976264189891,0.424015009380863,0.424015009380863,0.4583333333333333,0.4583333333333333,15.535714285714285,-0.8200836820083682,-2.1870370370370367,-0.4584450402144772,0.09982703236965662,-0.2946375957572185,-2.9942528735632186,-2.924050632911392,-0.02808671065032975,-0.20614035087719285,2.0742039146947127,0.03733333333333344,-0.0004749465685109922,0.0,0.0,0.10164173659248443
31,2001-09-29,-0.1153945465812849,-0.027313723480578037,-0.10933250100325498,-0.1222437137330754,-0.12373474019998774,-0.015421430470619503,0.855072463768116,0.855072463768116,0.8285714285714287,0.8285714285714287,-0.6911447084233262,46.6046511627907,1.478939157566303,1.2772277227722773,0.20669512469108065,0.2021720969089389,3.4899135446685867,3.361842105263157,-0.12878200155159036,0.2320441988950275,0.0,0.03598971722365052,-0.009503444998812059,0.0,0.0,0.10816002119486036
32,2001-12-31,-0.025132082080621117,0.0,-0.013416770963704637,0.0,-0.041514981797815764,-0.011072103699702908,-0.12144886363636365,-0.12144886363636365,-0.140625,-0.140625,0.0,0.0,0.0,0.0,0.0,0.0035615010423906135,0.6591784338896021,0.6274509803921569,-0.06032947462154947,0.15246636771300448,0.0,0.03473945409429269,-0.016790597265531337,0.0,-0.03529411764705881,0.0
33,2002-03-30,-0.04928438828672377,-0.14293240609030078,-0.04952554929720399,-0.15486998677831645,-0.04893725805273541,-0.17790824685963955,-0.6370250606305579,-0.6370250606305579,-0.6363636363636364,-0.6363636363636364,-0.4335664335664336,-1.0576453346360528,-0.8162366268093141,-1.2206521739130434,0.0945820145224352,-0.18990738336362845,0.04061895551257266,0.03429101019462477,-0.049040511727078906,-0.1361867704280154,0.0,0.033573141486810565,0.00048792388387419727,0.0,0.0,0.014105552567091006
34,2002-06-29,-0.05004409171075841,0.021207278091959655,0.020874486145961324,0.02492699207342519,-0.1520620536057139,0.11958146487294476,4.169265033407572,4.169265033407572,4.1,4.1,2.2530864197530858,-0.2627118644067796,-1.2568493150684932,-3.527093596059113,0.08725973805068897,0.13195854257933526,0.5472118959107806,0.4982078853046594,-0.16243148978574995,0.18918918918918906,0.0,0.03248259860788871,-0.10753474762253112,0.0,0.03658536585365857,-0.003654152177756997
35,2002-09-28,0.001922885654609852,-0.002166977668091264,-0.011139002196422942,-0.03154574132492116,0.024544878181324226,-0.05488799881323248,-1.047824213700991,-1.047824213700991,-1.0490196078431373,-1.0490196078431373,-0.7419354838709677,0.3448275862068966,-2.453333333333333,-1.2105263157894737,-0.01689612015018771,-0.14206154427034168,-0.23690533397405103,-0.2577751196172248,0.02349791790600841,0.02272727272727271,0.0,0.031460674157303366,0.022677595628415315,0.0,-0.0117647058823529,0.03034605146406388
36,2002-12-31,0.030806392905595507,0.03360077215418955,0.053096409117351584,0.03078701271409057,-0.0064533239038189185,0.18442944592685606,0.5675675675675675,0.5675675675675675,0.4000000000000001,0.4000000000000001,0.0,0.0,0.0,0.0,0.0,-0.2472219166024865,-0.3287153652392947,-0.3505237711522965,-0.012496367335076973,-0.26296296296296306,0.0,0.030501089324618924,-0.03606732567459259,0.0,0.03571428571428581,0.0027557698932139107
37,2003-03-29,-0.039548022598870025,-0.05375277226567055,-0.06804600010043693,-0.13792048929663614,0.010944034166740836,-0.1991783726477604,-0.028735632183908063,-0.028735632183908063,0.0,0.0,2.522058823529412,-2.8974358974358974,7.733944954128439,1.009259259259259,0.0009548058561426043,-0.08988599824612686,-0.22091932457786126,-0.2369727047146403,0.010888758092995944,-0.08040201005025127,0.0,0.029598308668076,0.052383592017738234,0.0,0.011494252873563315,0.09761822970342382
38,2003-06-28,-0.0005013368983957099,-0.039412816875346916,-0.02753529475158956,-0.015726617003665618,0.043654286217215336,0.01985768657951348,-0.29585798816568043,-0.29585798816568043,-0.2857142857142857,-0.2857142857142857,-0.3799582463465553,-2.5900900900900896,-0.9674369747899159,-0.6451612903225806,-0.012241653418124,-0.007387184840211947,-1.3016255267910897,-1.3073170731707318,0.03842794759825319,-0.016393442622950838,0.0,0.02874743326488693,0.04424545693968929,1.3804347826086958,-0.02272727272727271,-0.02404673725940221
39,2003-09-27,0.018926600902859025,0.05156029279568508,0.026209342272953903,0.05922633349351281,0.007842806544105184,0.108064254421548,-0.02521008403361347,-0.02521008403361347,0.0,0.0,2.707070707070707,-0.7563739376770539,4.354838709677419,-12.363636363636365,0.14083373571543545,0.21064552661381647,-0.0059880239520958565,0.005291005291005346,0.007569386038687842,0.16666666666666674,-0.5767366720516963,0.027944111776447175,-0.010844892812105987,-0.0091324200913242,0.023255813953488413,-0.007268840192410475
40,2003-12-31,0.05339503134127521,0.09342370397508692,0.04800215982721378,0.06986503345809236,0.0617521546314117,0.17484258310147904,3.2155172413793105,3.2155172413793105,3.1999999999999997,3.1999999999999997,-0.1880108991825613,-3.255813953488372,0.9096385542168676,-0.09828571428571432,0.11131489841986464,0.2258452492315917,0.4979919678714859,0.5368421052631579,0.05592654424040089,0.2142857142857142,0.22586439155815,0.02718446601941737,0.007904130545639987,0.5207373271889402,0.0,0.022020027996123792
41,2004-04-03,0.007850956445884405,0.04808175573797957,-0.009377093101138656,0.0185518922930139,0.03420285286468605,0.06705721051975577,0.2453987730061349,0.2453987730061349,0.2380952380952381,0.19047619047619047,-0.04026845637583898,-0.3402061855670103,0.8328075709779179,-0.4942965779467681,0.050653802208962866,0.2625095388640575,0.4410187667560321,0.4623287671232876,0.03267457180500655,0.19607843137254896,-0.20256410256410265,0.026465028355387558,0.026309132304578764,0.3666666666666667,0.07954545454545459,0.02902597060527845
42,2004-07-03,-0.005533230293663038,0.024456521739130373,-0.009361834919644265,0.0031223980016652497,7.620208793723826e-05,0.01623642097885769,-1.3333333333333333,-1.3333333333333333,-1.3461538461538465,-1.36,0.15850815850815847,-2.8125,-0.3752151462994836,-0.02005012531328321,0.047245045915901514,0.12036957084880395,-0.26046511627906976,-0.2552693208430913,-0.007655014034192331,0.08524590163934431,-0.2397795130914101,0.025782688766114337,0.005422726152329194,-0.3015521064301552,0.06315789473684208,0.02124500870277468
43,2004-10-02,0.07394858723695252,0.14370416601653924,0.0185331023258255,0.09908694749948133,0.055089911612313365,-0.008735632183908049,-3.3596059113300494,-3.3596059113300494,-3.2222222222222223,-3.2222222222222223,0.2766599597585513,-0.3879310344827587,-3.724517906336088,4.457800511508951,0.2462212991808008,-0.12061657032755302,0.3094339622641509,0.3176100628930816,0.053741321676523464,-0.11480362537764345,0.17250755287009056,0.0251346499102334,-0.017406227016425583,0.2857142857142858,0.01980198019801982,0.040603539024512525
44,2004-12-31,-0.10596237337192473,-0.04129149613460659,-0.09494845360824744,-0.0018880392712168348,-0.03726438939842569,-0.36943413729128016,0.3507306889352819,0.3507306889352819,0.4000000000000001,0.30000000000000004,0.0,0.0,0.0,-1.1148078725398314,-0.02268308489954629,0.1113935144609992,0.1018251681075888,0.12649164677804306,-0.07076622742801364,0.05460750853242313,-0.1811388817315125,1.2872154115586691,0.07684630738522946,0.20740740740740726,-0.06796116504854377,-0.03950093935160648
45,2005-04-02,0.003043154521026992,0.02865003320368076,-0.020104795534798936,-0.025442164002648204,0.033530867901882866,0.5007355645457889,0.06955177743431218,0.06955177743431218,0.0,0.0769230769230771,-0.6548463356973995,-5.056338028169014,-1.044489383215369,-4.877551020408163,-0.6403940886699507,-0.11103225297689456,0.041848299912816016,0.06355932203389836,0.032825630252100835,-0.04207119741100318,-0.182819383259912,0.01071975497702904,0.030352177942539305,0.06748466257668717,0.0,0.0555193339686042
46,2005-07-02,0.04150663266952837,0.07055243013926038,0.02400464981110151,-0.0026203416149068732,0.06336188125997966,0.08136257811542702,0.34826589595375723,0.34826589595375723,0.3571428571428571,0.3214285714285714,1.324200913242009,-2.1909722222222223,-2.1136363636363638,-0.6210526315789473,0.09483667017913587,0.04728111416659275,0.6560669456066945,0.703187250996016,0.056191202644291886,0.0135135135135136,-0.0007701193685021313,0.01060606060606073,0.02091297503935241,0.6973180076628351,0.01041666666666674,0.07336310937945445
47,2005-10-01,0.03697046701168305,0.026102687801516256,0.004427290271313389,0.10518633842561063,0.07610402020339913,0.06787535410764868,0.8767416934619507,0.8767416934619507,0.8684210526315788,0.8648648648648647,0.10314341846758346,0.902332361516035,-23.102040816326532,-4.611111111111111,-0.31280076997112605,0.246315432830764,0.4133400707427993,0.4748538011695904,0.06668271545498318,0.17999999999999994,-0.2701348747591521,0.010494752623688264,0.03788546255506597,0.4255079006772009,0.030927835051546507,-0.07153607791057992
48,2005-12-31,0.06535771920387301,0.16988498027033838,0.07233273056057876,0.0994893467159712,0.05752885957122932,0.10706706281833613,-0.3135351227869788,-0.3135351227869788,-0.323943661971831,-0.3333333333333333,0.8040961709706145,-0.2574712643678161,-0.8965835641735919,-1.706153846153846,0.3214285714285714,0.057088487155090524,0.07543796925277091,0.09674861221252984,0.053712480252764434,-0.008474576271186529,-0.2666314677930306,0.010385756676557722,-0.0074278438030560565,-0.015835312747426774,0.1100000000000001,0.06403165824353962
49,2006-04-01,0.0016830766641420247,0.008791129929312191,0.008062816188870059,-0.003203074951953821,-0.005577880405445934,-0.04025687721652449,-0.42928452579034937,-0.42928452579034937,-0.4166666666666666,-0.4130434782608695,-0.660908193484699,-1.5490196078431373,6.169642857142858,-0.5359477124183006,0.11287758346581865,0.010158158673010176,-0.04521276595744683,-0.03543022415039776,0.006425358749196919,-0.03988603988603978,-0.10223182145428368,0.01027900146842886,-0.007269617276031702,-0.049074818986323376,0.018018018018017837,0.012008782542456407
50,2006-07-01,0.008261222660953749,0.01116881269118597,-0.02101521250457417,-0.03165167095115684,0.042038600723763635,0.08618795565764502,1.0174927113702623,1.0174927113702623,1.0,1.0370370370370372,-0.25473071324599705,-2.343984962406015,-0.25280199252801994,-2.875586854460094,-0.1902380952380952,-0.03653258655804481,0.0553621169916434,0.06971514242878563,0.05043626303468818,-0.04451038575667654,-0.031275060144346445,0.010174418604651292,0.033598966185655936,0.043147208121827374,0.026548672566371726,0.044232897941111286
51,2006-09-30,0.03899566714809466,0.04119178274940194,0.08239440380199703,0.1275095404015265,-0.00804537824853857,-0.02510114012504594,-0.3005780346820809,-0.3005780346820809,-0.2857142857142857,-0.2909090909090909,2.10546875,0.1398601398601398,0.9283333333333332,-0.5168961201501877,-0.1134960305792414,0.022195798652397958,-0.17321016166281755,-0.17869656622284513,0.005267423014586603,-0.02795031055900632,-0.07119205298013243,0.01258992805755388,-0.04542613044384247,-0.18004866180048673,0.0,-0.07657734056987797
52,2006-12-31,0.031677715996578204,0.04648805702895365,0.05826344351258018,0.1349422411890222,0.0002333994631811276,0.07394133735735164,-0.356404958677686,-0.356404958677686,-0.35,-0.35897435897435903,-0.5635220125786163,-0.9226993865030676,-0.5004321521175454,-1.5103626943005182,0.06533996683250409,0.05105337986299574,-0.14245810055865915,-0.1544368600682594,0.01168883514711827,0.04792332268370614,0.23975044563279854,0.01243339253996445,-0.030342719930146256,-0.155291790306627,0.0,-0.0779226742584258
53,2007-03-31,-0.057601119373979714,-0.2342534301856336,0.005594144795114442,-0.03863857374392221,-0.13668183409170453,-0.17159919206112229,-1.2905296950240772,-1.2905296950240772,-1.3076923076923077,-1.32,-0.9884726224783862,-34.1904761904762,3.3754325259515565,-3.411167512690356,-0.14788293897882945,-0.17449581898671918,-0.21637971149371804,-0.2401614530776992,-0.10836653386454187,-0.1859756097560975,-0.05535585909417684,0.012280701754386005,-0.08397118415128324,-0.2259953161592505,-0.017241379310344862,-0.2034759225138192
54,2007-06-30,-0.0483090459169645,-0.08052616046207682,-0.0890547494321079,-0.1317013959134129,0.011081829853368363,-0.07431357998515853,-0.8453038674033149,-0.8453038674033149,-0.875,-0.875,-13.125,-0.7900526064084169,-1.0332147093712931,-1.9031578947368424,0.012056996711728107,-0.048488008342022826,-0.4875296912114014,-0.50066401062417,0.020330652368185875,0.06741573033707883,0.2511415525114156,0.0121317157712304,0.06242319980339151,-0.4795763993948563,-0.04385964912280682,0.05895592372616454
55,2007-09-29,0.004506977147314517,-0.006602778669356657,0.003816793893129722,0.0019415967691829292,0.005413352937245097,0.009047182775996363,-3.1428571428571432,-3.1428571428571432,-4.0,-4.0,-4.525773195876289,-2.132118451025057,-5.7857142857142865,-2.060606060606061,-0.16425992779783394,-0.055029354207436376,-0.645422943221321,-0.6515957446808511,0.009415371140792715,-0.0736842105263158,0.9075425790754256,0.011986301369863115,0.0009252833680313266,-0.6395348837209303,-0.027522935779816567,-0.008560632896445819
56,2007-12-31,0.0012367338721275267,0.025709669974613325,-0.01825095057034221,-0.031082861793659374,0.02678808827439516,0.09476790375666776,0.6666666666666667,0.6666666666666667,0.3333333333333335,0.3333333333333335,0.3362573099415205,-1.6961770623742454,-0.057213930348258724,-1.9604395604395608,0.18876889848812084,0.0016567263088138606,-1.107843137254902,-1.1068702290076335,0.04034707158351414,-0.007575757575757569,1.8992346938775515,0.011844331641285956,0.025421770279639544,0.0,-0.018867924528301886,0.058655392127672235
57,2008-03-29,-0.01950476847064231,-0.07825578255782561,-0.02127549703072551,-0.05791999999999998,-0.017284909691202218,-0.22786647314949204,-2.94,-2.94,-3.25,-3.25,-1.7592997811816191,0.5982658959537572,0.08443271767810034,-1.1350114416475972,-0.021438953488372103,-0.2711710221634138,0.24242424242424246,0.2857142857142856,-0.0175145954962469,-0.2977099236641222,0.0,0.0117056856187292,0.002253775073247644,0.0,-0.03846153846153855,-0.02159973000337501
58,2008-06-28,-0.01154308147540506,-0.012888737001415795,-0.0220545560069646,-0.017153532608695676,0.0015810276679841804,0.08512352309344795,-1.0206185567010309,-1.0206185567010309,-0.8888888888888888,-0.8888888888888888,-1.5994236311239192,-0.992766726943942,-0.8199513381995134,-2.084745762711864,0.023765317489788274,-0.30182684670373305,-0.5121951219512195,-0.5,-0.002971137521222467,-0.2880434782608695,0.0,0.011570247933884392,0.013267371261524552,0.0,-0.010000000000000007,0.0043118316660917255
59,2008-09-27,-0.01837635970242157,-0.017359908996488427,-0.004046398705152443,0.025833765336098047,-0.03584583004472508,-0.07448651323929723,-100.25,-100.25,17.0,17.0,-0.13461538461538458,46.75,0.12162162162162173,2.390625,0.07870874138556405,-0.03185437997724694,15.099999999999998,14.888888888888891,-0.03618561089825445,-0.03053435114503822,0.0,0.011437908496731986,-0.017754105636928585,0.0,-0.03030303030303028,-0.042074532028164136
60,2008-12-31,-0.15851927896373685,-0.12608214213811153,-0.005308775731310944,-0.10553356354754484,-0.35145644314073266,-0.04598930481283425,8.211586901763225,8.211586901763225,7.777777777777778,7.777777777777778,0.1166666666666667,-0.7591623036649214,-0.07228915662650602,-0.5852534562211982,0.030262273032952255,-0.38190364277320793,8.664596273291925,8.20979020979021,-0.35446113074204944,-0.3622047244094487,0.0,0.011308562197092087,-0.2293267058291911,0.0,-0.02083333333333337,-0.02300705151189197
61,2009-04-04,-0.0755678352291076,-0.0951448482405114,-0.11197037359764728,-0.14726930320150655,-0.014831177027453403,-0.2473374439461884,-0.936833470057424,-0.936833470057424,-0.9367088607594936,-0.9367088607594936,-6.044776119402986,33.32608695652174,1.831168831168831,1.2333333333333334,0.06560052219321144,-0.2463335143943509,0.12917737789203088,0.07896735003796508,-0.021553198768388567,0.1728395061728394,0.0,0.011182108626198062,0.0656698915274112,0.0,-0.010638297872340273,0.0611658205394825
62,2009-07-04,-0.02557931917866707,0.0001909490166125405,-0.05059487305286403,-0.0962897526501767,0.016762758915225273,0.023459318562651262,-1.1125541125541123,-1.1125541125541123,-1.1,-1.1,-1.1479289940828403,-1.4148195060164657,-0.9220183486238532,-2.91044776119403,-0.11761102603369067,0.4126126126126126,0.1260671599317018,0.0717804363124559,0.015384615384615332,0.442105263157895,0.0,0.0,0.04346629986244843,0.0,-0.021505376344086,0.10674966856879342
63,2009-10-03,-0.002190885914595264,-0.02475499554537353,-0.02254376332278274,-0.07135874877810366,0.030137561692743956,-0.008004366017827945,-0.5384615384615384,-0.5384615384615384,0.0,0.0,3.1066666666666665,-0.1923664122137405,-3.1764705882352944,-1.4401041666666667,0.05866018743491841,0.3714285714285712,0.018701036138488725,-0.02560735390676283,0.023415977961432462,0.35036496350364965,0.0,0.0,0.03242815713155811,0.0,-0.01098901098901095,0.05015363783136295
64,2009-12-31,0.02211665136332797,0.04613376835236549,0.0388580491673276,0.08697368421052643,-0.0035677879714577365,0.04951402897487611,10.833333333333336,10.833333333333336,5.0,5.0,0.4237012987012987,1.0094517958412097,-1.3243243243243243,-2.0710059171597632,-0.05934426229508194,0.10863095238095256,-0.9868518977921112,-0.9865229110512128,-0.004710632570659512,0.08648648648648627,0.0,0.0,-0.0250255362614914,0.0,-0.033333333333333326,-0.0375421543344574
65,2010-04-03,-0.013396867554583471,-0.008483033932135675,-0.032124681933842214,-0.046967679457692764,0.01728900255754473,-0.1186440677966102,-0.5140845070422535,-0.5140845070422535,-0.5,-0.5,-0.4469783352337514,-0.8466603951081844,-5.083333333333333,-2.7624309392265194,0.11118856744510276,-0.16023489932885915,-5.811320754716982,-5.95,0.012508451656524809,-0.15920398009950246,0.0,0.0,0.031168150864326893,-0.07258064516129026,-0.011494252873563204,0.040397794610192106
66,2010-07-03,-0.017735550277117932,0.00742325113236042,-0.0409464344396977,0.001778229391591557,0.01729686242960571,0.07335448057097538,1.347826086956522,1.347826086956522,1.3333333333333337,1.3333333333333337,-0.5010309278350515,-0.9447852760736196,-10.673469387755102,-1.924764890282132,-0.09253450439146804,-0.02097902097902093,0.5215686274509805,0.5454545454545452,0.013021702838063476,-0.029585798816568087,-0.3000439947206335,0.0,0.035560071120142256,0.5478260869565217,0.0,0.005596552919617803
67,2010-10-02,0.04485732709979051,0.08486324466092167,0.05393366228070184,0.10422213769494104,0.03212732305259003,-0.09678611008496496,-0.3271604938271605,-0.3271604938271605,-0.2857142857142857,-0.2857142857142857,-0.22314049586776866,-25.66666666666667,-2.0274261603375527,-4.23728813559322,0.33010715520221234,0.08775510204081627,0.23453608247422664,0.24183006535947715,0.0253790375741596,0.07317073170731714,-0.2961973601508485,0.0,-0.012263919548687774,0.2865168539325842,-0.03488372093023262,-0.017533490937746362
68,2010-12-31,-0.013423336547733866,-0.012605767570367798,-0.05130372585993892,0.00011482374555060734,0.04252466238866015,-0.19550102249488754,1.688073394495413,1.688073394495413,16.0,15.2,2.292553191489361,-0.11711711711711716,-2.0882956878850103,-0.6230366492146597,0.0935550935550935,0.10525328330206384,0.2776617954070981,0.31052631578947354,0.03921568627450967,0.07386363636363624,-0.1053806653270819,0.0,0.05686615346411705,0.43231441048034935,-0.0843373493975903,-0.012682975736915902
69,2011-04-02,-0.3525433006216523,-0.3668532120788154,-0.30404386566141195,-0.4369690011481057,-0.420303169499311,-0.5210981189628876,0.6962457337883958,0.6962457337883958,0.7294117647058824,0.7777777777777777,-0.6268174474959612,5.4642857142857135,4.507547169811321,-5.011111111111111,-0.34315589353612164,-0.3063995925988796,0.8366013071895426,0.8353413654618473,-0.42530157748221453,-0.3333333333333333,-0.4517095083603694,0.8293838862559242,-0.10479323308270673,1.0060975609756095,-0.0921052631578948,0.12449860370652455
70,2011-07-02,-0.0581521739130435,-0.05450695147776452,-0.13600551506795355,-0.15762642740619906,0.06798732171156896,0.09076433121019112,-0.29778672032193154,-0.29778672032193154,-0.30612244897959184,-0.3055555555555556,-0.5584415584415585,-0.9802683504340964,-0.762247344981158,-0.6114958448753463,-0.20296671490593346,0.11698482623592765,0.29181494661921703,0.30634573304157553,0.057050592034445735,0.9523809523809524,-0.32771961766044605,0.0,0.13412073490813636,0.4863221884498481,-0.1159420289855072,0.12240935566893918
71,2011-10-01,-0.05295890235301659,-0.05394877787515828,-0.018237774991451072,0.009198741224885064,-0.09511797002522626,0.024330900243308973,-0.6332378223495703,-0.6332378223495703,-0.6274509803921569,-0.62,3.6078431372549016,-5.8,0.057636887608069065,-0.2549019607843137,-0.18974126191556973,-0.06792287467134095,0.16253443526170794,0.170854271356784,-0.04633401221995925,-0.11788617886178865,-0.1997291807718348,0.003799654576856604,-0.04466558666975229,0.2985685071574642,-0.0983606557377048,-0.06255531418456839
72,2011-12-31,-0.057003588111840815,-0.09747812660833766,0.004876349703935912,-0.084912449028544,-0.14496556247950146,0.025653206650831258,0.4375,0.4375,0.5263157894736841,0.4999999999999998,-0.9042553191489362,-11.45,0.6089918256130791,-1.229665071770335,0.05378151260504205,0.03479078514339462,0.12618483412322254,0.08869814020028599,-0.12439935931660452,0.08294930875576045,0.02622673434856182,0.003785271851342253,-0.093265503875969,0.11181102362204708,-0.018181818181818188,-0.013732137493026708
73,2012-03-31,-0.1066838969057362,-0.1586450729927007,-0.037203928365106886,-0.060812581913499364,-0.2165324127349444,-0.09402501157943488,-0.1467391304347826,-0.1467391304347826,-0.13793103448275856,-0.14035087719298245,0.5333333333333334,-0.08133971291866028,0.1947502116850126,-2.677083333333333,-0.08559276980329611,0.09836437982735123,-0.2225144660704893,-0.24178712220762155,-0.14695121951219506,0.2553191489361701,0.17559769167353667,0.0037709976002742174,-0.12289607266898216,-0.2995750708215297,0.07407407407407396,-0.10416394726537004
74,2012-06-30,-0.020091617777063364,-0.020875694726853692,-0.0015600624024960652,-0.16550376779235276,-0.05801713586291313,0.09815950920245407,0.15923566878980888,0.15923566878980888,0.24,0.2448979591836735,2.6666666666666665,-0.9704861111111112,-0.8618001417434443,-1.3229813664596273,0.03023255813953485,0.015305067218200684,-0.08457374830852492,-0.1542461005199306,-0.03931379556826309,0.18983050847457614,0.4109396914446004,0.003756830601092887,-0.03868413036856533,-0.21334681496461086,0.0862068965517242,0.17329642041867022
75,2012-09-29,-0.014188468793570053,0.006645438183580321,-0.02367788461538467,0.045150501672240884,0.006237006237006293,0.002327746741154657,0.13186813186813184,0.13186813186813184,0.17741935483870974,0.18032786885245897,-0.2806324110671937,3.5882352941176467,0.8256410256410256,-0.8653846153846154,0.003950338600451575,-0.012426156039926806,0.2660753880266076,0.18032786885245897,0.026785714285714413,0.028490028490028463,0.1754473161033796,0.0044232732221842755,0.020595690747782003,0.11311053984575835,0.06349206349206349,-0.03684232313615099
76,2012-12-31,0.054825291181364484,0.01787924632100113,0.15585374861504375,0.06719999999999993,-0.15676652892561982,0.13376683697166736,0.6310679611650485,0.6310679611650485,0.6301369863013699,0.625,2.0989010989010994,-4.493589743589744,-0.0365168539325843,-45.42857142857143,-0.17481731309724569,0.08766501650165015,0.3648569760653824,0.2395833333333335,-0.1427536231884058,0.05817174515235446,-0.06723044397463007,0.004403794037940445,-0.20055883266066432,0.1697459584295613,0.059701492537313376,-0.04620277646452076
77,2013-03-30,-0.006467387017903614,-0.004729090663423864,0.009159654915326554,-0.1337331334332834,-0.05145482388973965,-0.19172470299057764,-0.4285714285714286,-0.4285714285714286,-0.4117647058823529,-0.4188034188034188,-1.0549645390070923,-0.7357798165137615,-1.6180758017492711,-1.0064308681672025,0.0013623978201635636,0.13749288829888107,0.11291702309666365,0.0364145658263304,-0.036348267117497834,0.32722513089005245,-0.09066183136899364,0.0043844856661046094,-0.04504854368932043,0.03751233958539002,-0.014084507042253502,0.14892754145638087
78,2013-06-29,-0.03469079939668174,-0.07127341840890578,-0.014142480211081774,-0.032883350640359965,-0.09880529544720697,0.06791687785098842,0.34375,0.34375,0.37142857142857133,0.3823529411764704,-3.645161290322581,-4.138888888888889,-3.6084905660377364,-7.5,-0.008843537414966018,0.0018339446482162907,0.17063797079169873,0.08378378378378383,-0.07894736842105265,0.03944773175542382,-0.05782652043868398,0.004365345869711268,-0.06669377795851973,0.08848715509039007,0.0,-0.039690944032631285
79,2013-09-28,-0.008388157894736792,-0.03815231691273202,0.0012846590300823466,0.01646385110952031,-0.04120386958079536,0.002373042240151779,0.18992248062015493,0.18992248062015493,0.21875,0.23404255319148934,0.853658536585366,0.2721238938053097,-0.12477396021699814,-21.30769230769231,0.18119423472889504,-0.04809452487934762,0.21339461588969133,0.10099750623441417,-0.015238095238095271,0.034155597722960174,-0.13756613756613745,0.005182213306586414,-0.033115468409586124,0.10664335664335643,0.0,-0.05374719215846446
80,2013-12-31,-0.01716702604080278,0.06686930091185417,-0.1273388217684166,0.1338028169014085,0.3673393124065769,0.18560606060606052,0.1140065146579805,0.1140065146579805,0.12820512820512842,0.1293103448275863,3.875,0.96,-0.21074380165289253,4.696969696969697,0.8739105171411969,0.1090909090909089,-0.027056277056277108,0.022650056625141524,0.3936170212765957,0.12660550458715591,-0.014723926380368237,0.005155496424413597,0.3916178458765212,-0.0015797788309634966,0.014285714285714237,-0.059044412792956136
81,2014-03-29,-0.019913931313813138,-0.034045584045584,-0.036020583190394466,-0.060248447204968913,0.01585132549877022,-0.2807507987220448,-0.6286549707602339,-0.6286549707602339,-0.6212121212121212,-0.6259541984732825,-0.9379217273954116,-1.0159716060337178,-0.7015706806282722,-1.055851063829787,-0.026046511627906943,0.02317150063051709,-0.1045606229143492,-0.039867109634551534,0.014573213046495503,-0.2671009771986971,-0.011830635118306287,0.005129053606882872,0.03626943005181338,-0.04034810126582289,0.014084507042253502,0.027888628961974197
82,2014-06-28,0.0217821782178218,0.042029199233151404,-0.021479410269445887,-0.0337078651685393,0.11353241861716445,-0.22654081066074405,5.488188976377954,5.488188976377954,5.5,5.571428571428572,0.826086956521739,0.6666666666666667,1.8421052631578947,2.1547619047619047,-0.08436803565743389,0.003697427206901915,0.4006211180124224,0.5570934256055364,0.12859097127222996,-0.008888888888888946,0.052930056710775115,0.0051028806584363364,0.09000000000000008,0.6892003297609233,-0.08333333333333326,0.0784059975902538
83,2014-09-27,0.02755308392315481,0.014435324087177959,0.16287829588258207,0.03419972640218871,-0.22420874607393093,0.03086862885857866,-0.8216019417475728,-0.8216019417475728,-0.8153846153846154,-0.8167701863354038,-2.369047619047619,0.6666666666666667,-1.5061728395061729,-0.8830188679245283,-0.010778859527120987,-0.03069838833461258,-0.1328159645232816,-0.1022222222222222,-0.19151515151515155,-0.14125560538116588,-0.3883901855176541,0.005568293481821085,-0.2451261467889909,-0.014641288433382194,-0.09090909090909094,-0.01911776876603488
84,2014-12-31,-0.14530545305453058,-0.040318080357142905,-0.14475594772701886,-0.2559523809523809,-0.1482404235440673,-0.12883008356545966,0.36734693877551017,0.36734693877551017,0.4666666666666668,0.5593220338983051,5.086956521739131,-67.12,-9.78658536585366,-36.774193548387096,0.3898066783831282,0.0006334125098970134,-0.037330605983124536,-0.07013201320132023,-0.05397301349325345,0.23759791122715399,0.10176125244618396,0.005537459283387669,-0.003418154196733636,0.0941059930658743,-0.1499999999999999,0.2897823152210597
85,2015-04-04,-0.09574978413124824,-0.1446431167320832,-0.04257542118323099,-0.1213333333333333,-0.23729433272394884,-0.022382094324540414,-0.6318407960199005,-0.6318407960199005,-0.6136363636363635,-0.6304347826086956,-1.2157142857142855,-1.0054446460980035,-0.5267175572519084,-1.5419296663660955,-0.15199797673242288,0.047634119322677686,0.08764940239043817,0.007098491570541431,-0.21632329635499206,0.10759493670886068,0.12611012433392532,0.00550696469063805,-0.1566310975609757,0.06382978723404252,-0.058823529411764726,-0.02652667386255847
86,2015-07-04,-0.02811671087533152,-0.04282800815771581,0.0008184422316190876,-0.0030349013657056108,-0.12991371045062314,0.1185609157808667,0.9189189189189187,0.9189189189189187,1.0,1.0,-0.07284768211920534,1.4444444444444446,-0.4809384164222874,-0.5990016638935108,-0.07187593200119291,-0.09607250755287013,-0.4405372405372405,-0.5171806167400881,-0.11223458038422662,0.15238095238095228,-0.0694006309148264,0.005476804123711432,-0.1048350655219159,-0.5451063829787234,0.0625,-0.03991667226664864
87,2015-10-03,-0.11724890829694325,-0.15003551136363635,0.14270137658443516,0.02942668696093365,-1.169146005509642,0.039473684210526334,-0.1901408450704225,-0.1901408450704225,-0.1470588235294119,-0.16176470588235306,1.1428571428571428,0.5227272727272727,2.1610169491525424,2.784232365145228,-0.2930591259640103,0.056149732620320865,0.0,0.047445255474452434,-1.1981776765375851,0.1900826446280992,1.1169491525423731,0.005446972124319105,0.0,-0.05425631431244149,0.11764705882352923,-0.1743193112619864
88,2015-12-31,0.03722483304476865,-0.042824315855441775,0.011808206106870278,0.08082799408575657,-0.6547231270358307,0.18284106891701835,1.4260869565217391,1.4260869565217391,1.7586206896551726,1.7368421052631584,0.3799999999999999,4.955223880597014,-0.7971403038427167,-0.7587719298245614,-0.09999999999999998,0.08924050632911397,0.0,0.21254355400696867,-0.6494252873563218,0.0,0.09807846277021603,0.006532823454429737,0.0,0.05934718100890213,0.14035087719298267,-0.11439833849023028
89,2016-04-02,0.07893167998092276,-0.12680052378873852,0.08287162560414951,-0.0734154126766986,0.3867924528301887,-0.2907253269916765,-0.9390681003584228,-0.9390681003584228,-0.9375,-0.935897435897436,-0.9685990338164252,0.5614035087719298,-3.5418502202643167,-0.8181818181818181,-0.020202020202020218,-0.008861127251597933,0.0,-0.08333333333333337,0.3770491803278688,0.0,-0.2103536274152388,0.00649042266898836,0.0,-0.08870214752567684,0.0,-0.057624198334449976
90,2016-07-02,-0.06431649906066972,-0.11347163209197696,-0.0044633137382974475,0.00639763779527569,3.6870748299319733,0.1986588432523051,5.294117647058823,5.294117647058823,5.199999999999998,5.1,21.384615384615387,-0.9341894060995184,-2.088388214904679,8.875,-0.20360824742268047,0.021544775025648555,0.0,-0.0438871473354232,3.916666666666667,0.0,0.105724838411819,0.006448568732305704,0.0,-0.07377049180327877,0.030769230769230882,-0.11909598781107167
91,2016-10-01,0.01795204913192383,0.07245559627854514,0.013340623291416165,0.056723716381418036,-0.043541364296081235,0.07132867132867138,0.794392523364486,0.794392523364486,0.8548387096774193,0.8524590163934425,0.19587628865979376,0.3902439024390243,-0.7770700636942676,-1.359493670886076,0.09190938511326864,0.026398852223816327,0.0,0.12950819672131164,-0.03874092009685226,0.0,0.051774530271398785,0.006407251132989567,0.0,0.12721238938053106,0.0149253731343284,0.014874603632170746
92,2016-12-31,-0.018099547511312264,-0.08832807570977919,0.015970648537822374,0.2346136048125869,0.4628224582701062,0.2291122715404699,0.2708333333333333,0.2708333333333333,0.2782608695652176,0.2654867256637168,0.4741379310344826,3.929824561403509,5.078571428571427,-5.626760563380282,-0.38944872554831056,0.08540676544590431,0.0,-0.06095791001451389,0.4735516372795967,0.0,-0.09329098848749506,0.00636645962732918,0.0,-0.0902845927379784,0.02941176470588225,-0.2615463273305686
93,2017-04-01,-0.0381661349403285,-0.11389850057670126,-0.02527881040892188,-0.10607196401799103,0.08921161825726133,-0.3197026022304833,-0.6844262295081966,-0.6844262295081966,-0.6802721088435375,-0.6853146853146853,-0.723196881091618,-0.5693950177935942,-0.7250293772032903,-0.6940639269406392,-0.19514563106796112,0.055505473277527306,0.0,0.13755795981452867,0.09743589743589752,0.0,0.09719789842381776,0.007251967288998573,0.0,0.0916936353829556,0.042857142857142934,-0.008769905377336795
94,2017-07-01,0.01904176904176902,0.04490725675235918,0.010242998801351266,0.01048218029350112,-0.059047619047619015,0.16861826697892268,0.7012987012987013,0.7012987012987013,0.7021276595744683,0.7333333333333334,0.2183098591549295,-0.4380165289256198,-0.35470085470085466,-0.8805970149253731,-0.02895054282267795,0.02964860907759892,0.0,0.044836956521739024,-0.054517133956386236,0.0,-0.06983240223463683,0.007199754901960676,0.0,0.027667984189723386,0.013698630136986356,0.034070624757470025
95,2017-09-30,0.038939119951778116,0.03892868265337901,0.017797432855139572,0.06348547717842322,-0.15991902834008098,0.09886439545758187,0.6183206106870229,0.6183206106870229,0.625,0.6025641025641024,0.5606936416184971,2.323529411764706,0.006622516556291425,2.6666666666666665,-0.10931677018633544,0.04645100130347202,0.0,0.029908972691807586,-0.15650741350906094,0.0,-0.0004290004290002925,0.0071482889733840435,0.0,0.012500000000000178,0.0135135135135136,-0.02311618132692883
96,2017-12-31,-0.047574843351125606,0.18405275779376493,0.052882577363289496,0.14358174014826375,1.0987951807228915,0.18966565349544065,-3.712264150943396,-3.712264150943396,-3.7230769230769236,-3.832,1.8185185185185184,-0.8539823008849557,0.2171052631578947,-7.261363636363638,0.7684797768479776,0.01834446835013037,0.0,-1.2348484848484849,1.109375,0.0,-0.012875536480686732,0.007097553609181517,0.0,0.0,0.026666666666666616,0.03541794714197888
97,2018-03-31,0.10270467836257313,-0.08329113924050635,0.06592853548062405,0.056294779938587565,-0.10792192881745122,-0.2498722534491569,-1.203478260869565,-1.203478260869565,-1.2062146892655368,-1.194915254237288,-1.6570302233902758,32.0,-7.210810810810812,-1.7441016333938295,-0.32334384858044163,0.10908484376737436,0.0,-0.27419354838709675,-0.11296296296296306,0.0,0.0,0.0077972709551656924,0.0,0.0,0.0,-0.13215107219707645
98,2018-06-30,-0.018782454977350538,-0.011046672190002773,-0.02049102927289892,-0.05620155038759689,-0.030244530244530218,0.19891008174386915,0.5384615384615385,0.5384615384615385,0.5205479452054795,0.5217391304347827,-1.85,-0.9384756657483929,-1.1975630983463879,-1.202439024390244,0.09673659673659674,0.11068778824944857,0.0,-0.437037037037037,-0.030271398747390488,0.0,0.0,0.007736943907156845,0.0,0.0,0.025974025974025983,0.04779411764705888
99,2018-09-29,0.009233194460083416,0.02317788327282888,-0.0014460618914489134,0.056810403832991074,-0.0637027206370272,0.05795454545454538,0.37222222222222223,0.37222222222222223,0.36936936936936937,0.3619047619047617,-0.2047058823529412,-0.4029850746268657,0.7092511013215859,-2.0843373493975905,-0.09564293304994688,0.10714930492868756,0.0,-0.5394736842105263,-0.07104413347685667,0.0,0.0,0.0076775431861804124,0.0,0.0,0.012658227848101332,-0.03182374541003663
100,2018-12-31,0.0497601249581614,0.1659388646288209,0.03156980111990726,0.002590673575129543,-0.08362863217576189,0.20998925886143935,0.7085020242914979,0.7085020242914979,0.6973684210526316,0.7062937062937062,1.4023668639053253,0.75,-0.19072164948453607,-5.511111111111112,0.4770857814336076,-0.012556053811659251,0.0,-31.4,-0.08574739281575905,0.0,0.0,0.0076190476190476355,0.0,0.24976258309591626,0.012499999999999956,0.16291613990729026
101,2019-03-30,0.06206823254330951,-0.1306179775280899,0.037248479176415605,-0.03779069767441856,-0.14307811291569994,-0.2645361739902352,-0.6421800947867299,-0.6421800947867299,-0.6434108527131783,-0.6475409836065573,-0.6908866995073892,5.171428571428573,-0.3598726114649682,-1.8866995073891624,-0.28639618138424816,0.05507389976054822,0.0,0.009398496240601515,-0.14828897338403044,0.0,-0.009565217391304335,0.008288497891522528,0.0,0.00911854103343468,0.0,-0.0964632555442818
102,2019-06-29,-0.0019013309316521234,0.03150242326332786,-0.013985383019038178,-0.034575360859348765,-0.12454873646209386,0.1225105612552806,0.3708609271523178,0.3708609271523178,0.3586956521739131,0.372093023255814,0.0,-0.8657407407407407,-0.4527363184079602,-1.1861111111111111,0.0746934225195095,0.20715291907966812,0.0,-0.002793296089385389,-0.12797619047619035,0.0,0.17164179104477606,0.008220363426593602,0.0,0.013554216867469826,-0.012345679012345734,0.06850084222347007
