,Quarter end,Assets,Current Assets,Liabilities,Current Liabilities,Shareholders equity,Revenue,Earnings,Earnings available for common stockholders,EPS basic,EPS diluted,Cash from operating activities,Cash from investing activities,Cash from financing activities,Cash change during period,Cash at end of period,Price,ROE,ROA,Book value of equity per share,P/B ratio,P/E ratio,Cumulative dividends per share,Equity to assets ratio,Net margin,Asset turnover,Current ratio
0,1993-12-31,0.024588081677446198,-0.02478827361563518,-0.1808648686564024,-0.24929854684031996,0.040631769793472605,0.0,0.0,0.0,0.0,0.0,0.9054640069384214,-0.7079517606087966,-0.5756559766763849,-1.2838697945080924,-0.26688733365042083,-0.2773809523809524,-0.010595542564852069,-0.04389233954451344,0.03649635036496335,-0.09029345372460484,-0.0010111223458038054,-0.1562605467431657,0.015631737818025068,-0.01016060308095701,0.0,0.2990721706761485
1,1994-03-31,0.024588081677446198,-0.02478827361563518,-0.1808648686564024,-0.24929854684031996,0.040631769793472605,0.0,0.0,0.0,0.0,0.0,0.9054640069384214,-0.7079517606087966,-0.5756559766763849,-1.2838697945080924,-0.26688733365042083,-0.2773809523809524,-0.010595542564852069,-0.04389233954451344,0.03649635036496335,-0.09029345372460484,-0.0010111223458038054,-0.1562605467431657,0.015631737818025068,-0.01016060308095701,0.0,0.2990721706761485
2,1994-06-30,0.10957912353561028,0.16331779379977385,0.8550265456413771,1.0968425750306818,0.06375783287583991,0.2816244204949123,0.22632554355195955,0.22632554355195955,0.2142857142857142,0.0,0.9054640069384214,-0.7079517606087966,-0.5756559766763849,-1.2838697945080924,0.10334189550618332,-0.05766062602965416,-0.010595542564852069,-0.04389233954451344,0.06338028169014097,-0.09029345372460484,-0.0010111223458038054,1.0,-0.04129073346778478,-0.01016060308095701,0.0,-0.44520571379693774
3,1994-09-30,0.06363500260322974,0.11398277276456105,0.07510501777223832,0.05267638608066405,0.062405522087111365,0.12762783924083346,0.056321415407298174,0.056321415407298174,0.0588235294117645,0.0,1.573155312800283,-0.6759412609031688,-0.06046032291308834,4.792312620115312,0.5425231906493382,0.2395104895104896,-0.010595542564852069,-0.04389233954451344,0.0596026490066226,0.1662531017369726,-0.0010111223458038054,1.0,-0.001217891939769733,-0.01016060308095701,0.0,0.058247637255053115
4,1994-12-31,0.06770602459248852,0.052351162970518006,0.24761700300558176,0.31017488879902944,0.04819069486911376,0.08600918625602794,0.11099867401772624,0.11099867401772624,0.11111111111111116,0.0,-0.2934019929636982,2.50221465076661,0.32029250457038394,-0.5120219425335664,0.17162750894663148,0.13540197461213,-0.010595542564852069,-0.04389233954451344,0.049999999999999815,0.07021276595744674,-0.0010111223458038054,0.25,-0.01817980268262942,-0.01016060308095701,0.0,-0.19679773889479746
5,1995-03-31,0.07471858047683423,0.1594642538496258,0.0922153009601816,0.08699677861152377,0.07245958237153771,0.06156074076205265,0.04406545431703246,0.04406545431703246,0.049999999999999815,0.0,-0.16753358738282664,3.1728767389823918,1.8679036278039325,-2.0571143647160146,-0.15485288942304498,-0.1254658385093168,-0.010595542564852069,-0.04389233954451344,0.0714285714285714,-0.16699801192842936,-0.0010111223458038054,0.7999999999999998,-0.0021451958902563018,-0.01016060308095701,0.0,0.06667754983584563
6,1995-06-30,0.046329098628526966,0.05016250079213469,-0.06971468183322037,-0.0906816205568668,0.0615874778343084,-0.013533291173547736,-0.0022561819385115145,-0.0022561819385115145,0.0,0.0,-0.12099037690457093,-0.8099456787820857,-0.6482232522209348,-1.6222717722224604,0.11401634192331865,0.265625,-0.010595542564852069,-0.04389233954451344,0.06111111111111112,0.18138424821002386,-0.0010111223458038054,0.22222222222222232,0.014596062457569612,-0.01016060308095701,0.0,0.15489652592378444
7,1995-09-30,0.026090714708157048,-0.027499525870243624,-0.18264801517409568,-0.22558107765266103,0.05014264583634165,-0.1051084328522236,-0.11128531371544004,-0.11128531371544004,-0.4047619047619048,0.0,-0.3626791348310335,-0.6187438665358194,-0.00439198462805379,-0.3087789415656009,0.07074447077409163,0.05162738496071828,-0.0487444608567208,-0.04389233954451344,0.041884816753926746,-0.008080808080808133,-0.0010111223458038054,0.18181818181818188,0.023419203747072403,0.0026490066225166586,-0.05000000000000005,0.25577183579716123
8,1995-12-31,0.044754841691151626,0.08084541833611092,0.16329279157947085,0.16823748802983718,0.03412406114234967,-0.06545566187381667,-0.2562084407653684,-0.2562084407653684,-0.28,0.0,0.7591554336156507,-5.747425997425998,0.0962227736421284,3.0148539527464857,0.26526283896379343,0.01921024546424777,-0.12461180124223604,-0.11909917713295805,0.04020100502512558,-0.022403258655804503,0.010121457489878471,0.15384615384615374,-0.010134030728996324,-0.048546895640686934,-0.06578947368421062,-0.07480624245195644
9,1996-03-31,0.12951186788147462,0.03699046192286981,0.3459675121117127,0.04825488588808846,0.10767486406549298,0.03630131736002373,-0.19002006933041413,-0.19002006933041413,-0.16666666666666666,0.0,-0.8981826812232997,-1.733310742121315,0.8357645875251509,-1.3753383159933454,-0.07868982175578876,-0.02827225130890065,-0.1835920177383592,-0.1828908554572272,0.0869565217391306,-0.06666666666666654,0.056613226452905785,0.06666666666666665,-0.019374724790841014,-0.09580006942034024,-0.09859154929577464,-0.010746828544995979
10,1996-06-30,0.028514080019190532,0.01368999915640301,0.14060184204954473,0.22173063072332555,0.01477351441581587,0.04130650717501117,-0.21100349138416485,-0.21100349138416485,-0.2,0.0,8.466200466200466,0.3315157116451017,-0.41224825318536784,-1.6436888065625823,0.054977963611707585,-0.09374999999999988,-0.2265073329712114,-0.2310469314079422,0.013333333333333195,-0.1651785714285715,0.04314841156946425,0.125,-0.013358778625954248,-0.16468330134357012,-0.07812500000000011,-0.17028145377214676
11,1996-09-30,0.07467182584676157,-0.05925814194803403,0.4743192602647546,0.18785581943742624,0.019605210151738998,0.10592330251768267,0.238170009278424,0.238170009278424,0.16666666666666674,0.0,-1.0819291518626657,1.029221906017908,0.4375291375291375,-4.877800616649537,-0.20208344491457345,-0.16171224732461364,-0.1811797752808989,-0.20031298904538344,0.021929824561403688,-0.1737967914438504,0.030000000000000027,0.11111111111111116,-0.05120036409147799,-0.1704963235294118,-0.03389830508474578,-0.20803804406565074
12,1996-12-31,0.02036376567549758,0.05132762934192159,0.0198227832163429,0.04951576081562048,0.0204715496102299,0.04587955698699764,0.042252709246022535,0.042252709246022535,0.0714285714285714,0.0,-9.586517818806355,-0.6722079698990935,-0.2425814820820497,-1.1522355622697518,0.0385557696051122,-0.007092198581560294,-0.08919382504288154,-0.10861056751467713,0.017167381974249052,-0.029126213592233,0.1778464254192409,0.09999999999999988,0.00011991845545034074,-0.10526315789473684,-0.01754385964912264,0.001735129549841119
13,1997-03-31,-0.0036952377047499993,-0.0033710051485398296,-0.0907056599405841,0.06391947578193613,0.013629470753715456,0.04128758301822244,-0.2430175322161385,-0.2430175322161385,-0.2666666666666666,0.0,-0.977947794779478,-0.3776479181884588,3.9334189681010487,-5.973363509749303,-0.18463318317250832,0.03571428571428581,-0.07627118644067787,-0.08671789242590566,0.012658227848101113,0.020000000000000014,0.09142000749344326,0.04545454545454541,0.017386091127098213,-0.11207430340557277,0.03571428571428559,-0.06325172239305599
14,1997-06-30,0.012747241441395165,0.0033797688776318053,-0.025246096401900897,0.040421100754324035,0.019533452572225496,-0.08003403911127582,0.21268356834952876,0.21268356834952876,0.2727272727272729,0.0,-6.4852607709750565,0.6653252850435949,-0.7912688769310884,-0.3992718871425071,-0.1360299946098481,-0.14206896551724146,0.022426095820591074,0.015625000000000222,0.02083333333333348,-0.15359477124183007,-0.07621009268795054,0.08695652173913038,0.006599882144961544,0.01673640167364021,0.0,-0.035610404720352366
15,1997-09-30,0.03589496782189538,0.07378366083707387,0.012362338397248871,0.026620610528628408,0.0399136519943446,0.4099992673187529,0.8310037353898061,0.8310037353898061,0.7857142857142856,0.0,0.8846630839189749,-0.5168143374949657,0.3669438669438669,-0.07155760153837187,-0.14618101747786594,0.4067524115755627,0.17048853439680967,0.17988165680473367,0.04081632653061207,0.3783783783783783,0.3548866592344853,0.08000000000000007,0.003980798501346472,0.08916323731138531,0.0862068965517242,0.04595200137877553
16,1997-12-31,-0.0009512613406655881,-0.02301884851883507,-0.15032033366298314,-0.20569492331470696,0.023880801859683217,-0.15873469520314376,-0.2766608535421671,-0.2766608535421671,-0.28,0.0,-10.180960737003726,1.5286518024588456,0.16395437262357415,-2.385049896441348,0.23713223442436224,0.08342857142857141,0.024701873935264015,0.03811434302908734,0.0235294117647058,0.04201680672268915,-0.09983543609434996,0.07407407407407396,0.02483965014577261,0.0176322418136019,0.015873015873015817,0.22998496426438186
17,1998-03-31,0.040209427681313636,0.07804522246535384,0.04537219776327106,0.06791001212411496,0.03949716411283233,0.256692171684026,0.446799799845335,0.446799799845335,0.44444444444444464,0.0,-0.575401376146789,-0.2215080346106304,1.5740232588527374,-1.515406924052927,-0.09879266915660556,-0.029535864978903037,0.1828761429758936,0.19227053140096628,0.034482758620689724,-0.05376344086021512,-0.07251675807434488,0.06896551724137945,-0.000682749203459343,0.12252475247524752,0.0625,0.009478038079608677
18,1998-06-30,0.050894541216604416,0.08811945184585834,0.12495159166602132,0.20941608499425346,0.04061977393161542,0.024299134324140104,0.07473667662317253,0.07473667662317253,0.0769230769230771,0.5555555555555558,1.5142358766599149,-0.3214777177940087,-0.8518706533326565,-4.108405134517319,0.34075137823354784,0.325,0.13352073085031613,0.13857374392220434,0.04074074074074074,0.28125,0.08574244415243082,0.032258064516129004,-0.009792757913914762,0.06449834619625139,0.07352941176470584,-0.10029361511537238
19,1998-09-30,0.037635018110919516,0.04041470262693436,0.00793500524984081,-0.006408844901317656,0.0420895695780974,0.06522391103540115,0.08873091100579256,0.08873091100579256,0.0714285714285714,0.0714285714285714,-0.7267417138509052,-0.5444617784711389,2.4880054832076763,-1.0251166737378024,-0.00638339168002533,0.04347826086956541,0.020458772473651576,0.02491103202846956,-0.007117437722419906,0.0044345898004436455,-0.107110438729198,0.0625,0.004254829806807693,0.018125323666494,0.0,0.047126500359533134
20,1998-12-31,0.2530051015330561,0.09121566114616186,0.14726425082823869,0.0507733221359088,0.2683448282696157,0.04844249740979323,-0.7808948004836759,-0.7808948004836759,-0.8,-0.8,3.198034398034398,-0.4256849315068493,-1.030457850265278,-57.18355855855856,0.3609457181511036,0.052672955974842665,-0.192588092345079,-0.19027777777777774,0.2652329749103941,0.05960264900662238,0.0010166045408335214,0.0588235294117645,0.012252376044887159,-0.18311291963377416,0.0,0.038490659060095515
21,1999-03-31,0.04174001327793087,0.09717762729473044,0.0922352135632578,0.06964378878195521,0.03511401923922075,0.023754665807352412,3.3975962717684576,3.3975962717684576,3.833333333333333,3.666666666666667,0.07881696515665837,23.99284436493739,-38.58064516129032,-0.9652241887314346,0.009223130654815614,-0.03286034353995526,-0.05267118133935278,-0.05317324185248706,0.03399433427762033,-0.2354166666666666,0.0958023019634393,0.05555555555555558,-0.0063348416289593645,-0.003735990037359804,-0.0547945205479452,0.025737974533308398
22,1999-06-30,0.028545714164956108,0.057112078207901325,0.04250592820736454,0.09440541297827963,0.026612762464560458,-0.07094293298639165,-0.10890177924033684,-0.10890177924033684,-0.13793103448275856,-0.1071428571428572,-0.1931353756012876,-0.4405792952067378,-0.20841201716738197,5.887031700288183,0.06293949401893073,-0.14208494208494205,-0.09610802223987304,-0.09510869565217384,0.024657534246575352,-0.17166212534059944,-0.1606425702811244,0.02631578947368429,-0.001935336976320534,-0.03312499999999996,-0.05797101449275355,-0.03406780501512463
23,1999-09-30,0.015084932310374775,0.038274864381999014,-0.0931866609148071,-0.17121508088528134,0.030308460893731626,0.09821847031254416,0.1600162739022939,0.1600162739022939,0.15999999999999992,0.1200000000000001,-0.4672329553095164,-1.5441207830426067,-0.3989373237909347,1.5931877144530922,0.15354958919315356,-0.05220522052205223,-0.07469244288224952,-0.07007007007007016,0.03208556149732611,-0.07236842105263164,-0.02024291497975716,0.0512820512820511,0.015056461731492997,-0.023917259211376884,-0.04615384615384621,0.25277226367307826
24,1999-12-31,0.039064062713322745,0.06880157539384846,0.08963001938920412,0.17076268277613793,0.03280643587362664,0.048270082112612966,0.0908649436140938,0.0908649436140938,0.06896551724137945,0.10714285714285697,1.3365865971141306,-4.602915817526258,-0.1280894822298394,-0.8468985993674563,0.020379407519417247,-0.09591642924976253,0.2469135802469136,0.2475780409041981,0.031088082901554518,-0.12411347517730488,-0.0751314800901578,0.048780487804878085,-0.006068097539049465,0.2562913907284769,-0.016129032258064502,-0.08709549633231806
25,2000-03-31,0.02458897422695383,0.0042172251126688645,-0.0903871087238377,-0.14225961867346834,0.03960030055187547,0.05300745057068723,0.10780531236088442,0.10780531236088442,0.09677419354838723,0.129032258064516,-1.0849071890247195,-0.6487621285297829,1.7258431615973515,-8.174325463743676,-0.14328837021319596,0.22478991596638664,0.028179741051028277,0.033649698015530534,0.060301507537688474,0.1862348178137652,-0.04874086108854592,0.046511627906976834,0.014697569248162791,0.028993147074327874,0.0,0.17077404198650334
26,2000-06-30,0.017586841928677318,0.03045958767870505,1.4266951740989615,2.2296228779765297,-0.14338360518458582,-0.22092470794283686,-2.698680597414775,-2.698680597414775,-2.735294117647059,-2.685714285714286,-10.486429177268873,-2.7079591204707336,6.173371792925459,-0.34805347436462464,-0.1090406058193648,-0.06089193825042893,-0.6970370370370371,-0.7078464106844742,-0.13033175355450233,-0.11604095563139938,-0.116140051238258,0.04444444444444429,-0.1582172701949861,-0.6967213114754098,-0.03278688524590168,-0.6809340013291754
27,2000-09-30,-0.022424235319287944,-0.03136516765018427,-0.1857682279960442,-0.1924406626591031,0.03043657043548431,0.2409494484469821,-1.4403921723245148,-1.4403921723245148,-1.4576271186440681,-1.4576271186440681,-0.8410299968706693,0.29189483227561186,-0.9502550210577554,-2.7141376357654696,0.20978577416935096,-0.06666666666666654,-0.0635696821515892,-0.08857142857142875,0.029972752043596618,0.07335907335907342,2.1739130434782608,0.021276595744680767,0.054136333553937765,-0.09121621621621624,0.0,0.19943921490086125
28,2000-12-31,0.04726381769627497,0.14304241773503645,0.11048174279814947,0.1649658823837774,0.03109800171668642,0.0755606947556069,0.12342952639589355,0.12342952639589355,0.11111111111111094,0.11111111111111094,-3.6418728908886386,-0.5455030316640468,-0.07594128908742825,-1.1825161035888,-0.031649638231231125,0.14090019569471626,-0.052219321148825104,-0.08150470219435735,0.03174603174603185,0.1079136690647482,0.17442922374429215,0.04166666666666674,-0.015444500251130087,-0.08921933085501854,0.016949152542372836,-0.01880176329147754
29,2001-03-31,0.04916719925168533,0.12214764415413025,0.10512430440244057,0.09190893852863202,0.03375643738236556,0.11382470726310046,0.11735954310001318,0.11735954310001318,0.13333333333333353,0.10000000000000007,-2.8072276331896324,-1.5435735902661971,0.9265653775322285,-3.418035148372227,0.0790312480873081,-0.10720411663807894,-0.05234159779614322,-0.0887372013651877,-0.012820512820512777,-0.1331168831168832,-0.08009331259720054,0.040000000000000036,-0.0147940313735494,-0.10408163265306124,0.01666666666666661,0.02767094380722246
30,2001-06-30,0.04707385470264458,0.07676542041618517,0.05173690982104562,0.05554162788860762,0.04570097550982921,-0.04309304719925355,0.20409861398378612,0.20409861398378612,0.2058823529411764,0.21212121212121213,0.6793791966073743,10.377911600954436,-0.7309116979328474,-3.702490170380079,-0.1979378924265761,0.19212295869356374,3.2587209302325584,3.2808988764044944,0.09090909090909084,0.20599250936329594,0.2689489997182304,0.03846153846153855,-0.0012944983818770073,3.068337129840547,0.049180327868852514,0.02013645095051997
31,2001-09-30,0.07350249058295155,0.12693431412521994,0.14430490920704453,0.15904802186361278,0.05253678562924402,0.2033975951213156,0.2663086400252725,0.2663086400252725,0.24390243902439024,0.25,1.2099956159579133,0.060906558015518815,0.2766429840142095,-1.372850718631514,0.09201442723548704,0.14504431909750215,0.13993174061433455,0.12598425196850396,0.05000000000000005,0.049689440993788685,-0.7269901187964916,0.0185185185185186,-0.01944264419961117,0.0929451287793952,0.03125,-0.02772547237192391
32,2001-12-31,0.053930466371365116,0.0979408354571094,0.021174002103196088,0.018644472203118708,0.06447586186425648,0.037939007012936184,0.2189098166396408,0.2189098166396408,0.21568627450980385,0.22,-0.032866494743106545,0.5866561241010579,-0.7798260869565218,-3.797091167080525,-0.23568621004020265,0.0830401125967628,0.15089820359281436,0.14374514374514358,0.06349206349206349,0.032544378698224914,-0.07970719804798697,0.03636363636363616,0.00991407799074695,0.12499999999999978,0.015151515151515138,0.07783491385067443
33,2002-03-31,-0.0690768676216722,-0.09330781359779604,-0.4766332105878362,-0.5173511313439171,0.0567917442607977,-0.04910310204548585,-0.13923710601719194,-0.13923710601719194,-0.14516129032258066,-0.11475409836065564,-0.6591977552242725,-0.8072318462268628,1.6508688783570302,-1.1557176072711899,0.04801757233270098,-0.051981806367771284,0.04942767950052018,0.08220108695652173,0.057569296375266525,-0.10888252148997146,-0.2116659301811754,0.035087719298245716,0.13520942408376954,0.07331511839708571,0.0149253731343284,0.8785897952229005
34,2002-06-30,0.0116266986658089,0.022539690908988108,-0.016594318112938322,-0.029500933501573005,0.01594307389824423,-0.02521249265741443,-0.08087262784027582,-0.08087262784027582,-0.07547169811320764,-0.09259259259259267,-0.478501612980885,0.715046317668421,23.878426698450536,-11.290620333921542,-0.4714907643510169,-0.13091158327621655,-0.002974714923153155,0.02699309478970502,0.01814516129032251,-0.17684887459807064,-0.21973094170403584,0.033898305084745894,0.0042661132249510745,0.008909630886720477,0.014705882352941124,0.05362885271854734
35,2002-09-30,0.04493163282089285,0.08579576269703804,0.1372847443483538,0.1666372514413461,0.031258708615431015,0.1599648604400432,0.10315445682226064,0.10315445682226064,0.10204081632653073,0.10204081632653073,3.785199889206906,-1.7203330522009082,-0.6769989939155847,-2.7189457994222472,1.5334965109026937,0.07649842271293372,-0.025360517155643917,0.006112469437652868,0.055445544554455495,0.0546875,0.03089080459770122,0.03278688524590168,-0.013088404133180244,-0.01387720773759471,0.014492753623188468,-0.06928988433425687
36,2002-12-31,0.02658583153939187,0.0390748958825371,0.25871420412145074,0.324903557651093,-0.011314209945232691,0.002988680567943103,0.0029752744434183853,0.0029752744434183853,-0.3148148148148149,-0.3148148148148149,0.2414501673789517,-0.7817996113796024,6.362503708098488,-0.7071096957372521,0.1772831569853317,0.04981684981684986,-0.05612244897959184,-0.038274605103280734,-0.011257035647279643,-0.003703703703703765,0.030662020905923407,0.03174603174603185,-0.036877617496510084,-0.05373134328358209,0.014285714285714237,-0.2157439795506525
37,2003-03-31,-0.00524672428848605,0.0023970148717755717,-0.01004557438295728,0.011555369478752464,-0.004249213771528315,0.10356512134392526,0.0790711947626841,0.0790711947626841,0.1351351351351351,0.08108108108108114,-0.5404359482457163,1.6366023518666513,-0.2264696401950119,-0.8574722280444351,0.02146278337581187,0.22540125610607095,0.016756756756756808,0.005685407454200986,0.02277039848197337,0.23791821561338297,0.2569303583502367,0.030769230769230882,0.0009663002778113051,-0.03289770166741768,0.042253521126760514,-0.00904899753404098
38,2003-06-30,-0.030071801712445945,-0.0397447995499145,-0.24092729456557735,-0.2890909843436643,0.013502432359928427,-0.06298807416748188,0.13569329523448406,0.13569329523448406,0.11904761904761907,0.1499999999999999,-0.4829300461624309,-1.7050749112323549,-0.1530347818160509,-10.328125,-0.1960008033927896,0.16457858769931666,0.0728335991493887,0.07160804020100509,0.012987012987013102,0.13813813813813813,0.1328671328671327,0.02985074626865658,0.04501025702908179,0.0349487418452934,0.04054054054054057,0.3507454612338521
39,2003-09-30,0.06358385600632355,0.08135265847942508,0.17704072637517632,0.20481213513356167,0.046023463343386466,0.08645536619514305,0.08841801509604941,0.08841801509604941,-0.276595744680851,-0.28260869565217395,0.4095948199744923,0.9140821715900018,-0.6010362694300518,-0.7238742733274215,-0.06731457505632765,0.16674816625916875,0.06689791873141715,0.06447831184056274,0.04395604395604402,0.15303430079155667,0.06885090218423562,0.028985507246376937,-0.016512702078521957,0.04637550652859068,0.012987012987013102,-0.10246387491589516
40,2003-12-31,0.044768525615817234,0.04735118317189957,0.08814927709354525,0.0887249819887892,0.037213245724161625,-0.028534133200022183,-0.07296391244330502,-0.07296391244330502,-0.058823529411764726,-0.06060606060606066,2.1389662212323683,4.2332916225494905,0.3761223939265483,3.532757636311733,-0.32714208452445337,0.017183570829840678,0.0269391546679052,0.0319383259911894,0.04035087719298236,-0.02517162471395884,-0.06263882718791647,0.042253521126760514,-0.007279558529998842,0.02925989672977636,0.0,-0.03801806304215905
41,2004-03-31,-0.003020778618714193,-0.01339415391710308,-0.2583907745356813,-0.29885043557556895,0.04363911882971738,-0.08671873659894902,-0.11543643196483022,-0.11543643196483022,-0.15625,-0.16129032258064513,-0.877363231881273,-0.7561708336909739,-0.8392002016298412,-0.5446758931242424,-0.22137761038642897,-0.0049443757725587964,-0.031207598371777445,-0.014941302027748238,0.04215851602023602,-0.04460093896713602,-0.056872037914692086,0.04054054054054057,0.046836191602601884,0.028010033444816118,-0.03846153846153855,0.4071359655633071
42,2004-06-30,0.07644577638658556,0.10169360340132072,0.30545424172397473,0.3827344505317434,0.04671198972398893,0.061226534106738624,0.09596526386105553,0.09596526386105553,0.14814814814814814,0.15384615384615374,7.99632375097933,0.7769424189087251,-0.12661093695576453,-3.5447629586085267,0.7235259996263999,-0.07329192546583851,-0.047152194211017684,-0.04821235102925237,0.04530744336569592,-0.11056511056511063,-0.0678391959798994,0.038961038961039085,-0.02768048808044288,-0.010980073200487994,-0.040000000000000036,-0.20324635082213627
43,2004-09-30,-0.01239393891356988,-0.02190642742363746,-0.2550545981914349,-0.30062220372489856,0.02690062855432496,-0.09456007456963178,-0.4068972242877866,-0.4068972242877866,-0.4193548387096775,-0.4,-0.9448337308073635,-0.2587839080785068,-0.3924227318045862,-1.641278943363409,-0.2692050996834089,-0.22028596961572836,-0.1602155805977462,-0.1496869664200341,0.02631578947368429,-0.2541436464088398,-0.2161725067385446,0.03749999999999987,0.03985591447827086,-0.09292763157894746,-0.05555555555555547,0.3985105502689283
44,2004-12-31,0.0175383684727699,0.013829071048102382,0.01905770754005753,0.009259534761935972,0.017359890810541234,-0.05206952159111266,-0.2853619435195461,-0.2853619435195461,-0.2777777777777777,-0.2777777777777777,6.858166363084396,-0.9475000477272292,1.218903839842468,-2.169686182272794,0.4308807918071687,0.03839541547277947,-0.19836639439906656,-0.18741633199464536,0.016591251885369473,0.011111111111111072,0.1870701513067401,0.03614457831325302,-0.00022348865795063238,-0.13281958295557572,-0.07352941176470595,0.004532276196674623
45,2005-03-31,0.05278483521098853,0.061653550417103624,0.356649872640096,0.44757339371104776,0.017030059073533943,0.08751013843256407,0.09677883232671848,0.09677883232671848,0.0769230769230771,0.0,-1.286067499072815,16.85127272727273,-2.8121579647981068,-2.002717342077136,-0.24864575889325904,-0.07064017660044153,-0.1746724890829694,-0.1795716639209226,0.016320474777447913,-0.08424908424908427,0.12166859791425245,0.03488372093023262,-0.033977869676986794,-0.15107161526398327,-0.031746031746031744,-0.2665983413438884
46,2005-06-30,0.024047688948635848,0.02502073993818588,0.05925028560384081,0.07574122122790805,0.01852231063265464,0.02194131496199847,0.12534417202045356,0.12534417202045356,0.1428571428571428,0.23076923076923084,-6.749567847882456,-3.0724165325619768,-1.2508161932745674,-4.705443442756229,1.4891129939811083,0.04631828978622332,-0.20811287477954146,-0.2088353413654619,0.2554744525547445,0.028000000000000025,0.2298553719008265,0.0674157303370786,-0.005322226078907755,-0.1816502463054187,-0.03278688524590168,-0.04714329312366483
47,2005-09-30,-0.12481213114948984,-0.1915056855354743,2.53010061778276,0.019515187313992263,-0.5581888883038221,-0.07849637266604402,-0.16649190259815916,-0.16649190259815916,0.0,0.0,-0.16718027734976892,-0.3133275013023777,102.88675561340708,-1.7837250121891761,-0.4688638491627118,0.05505107832009082,0.060133630289532336,-0.0685279187817257,-0.5511627906976744,-0.15953307392996094,0.30113397732045377,0.06315789473684208,-0.4951727346748866,-0.07148231753197888,0.0,-0.20698897542227168
48,2005-12-31,-0.04124994840817675,-0.07678753007901074,-0.0071736991439926845,-0.024708827287042826,-0.08569440481736834,0.02889655496419397,0.3476935979871401,0.3476935979871401,0.4375,0.375,0.3839037927844589,-0.5119238476953908,-0.4720997105662127,-0.9268392828258948,-0.06458309306885024,0.07530930607853681,0.3046218487394958,0.11444141689373287,-0.06476683937823835,1.3981481481481481,0.1126533247256294,0.059405940594059466,-0.04631336405529951,0.07455429497568877,0.05084745762711873,-0.05339795506238965
49,2006-03-31,0.01930022647168439,0.019240636223704533,0.006735587516153219,0.010079854380947715,0.03709521539794447,0.017631806395851383,0.19588441512643384,0.19588441512643384,0.13043478260869554,0.18181818181818188,-0.19451056475805395,-1.3109364460216442,-0.3566923200161397,0.7182823129251701,-0.11863371905290288,0.10155077538769386,0.3961352657004831,0.15647921760391206,0.03878116343490312,0.1776061776061777,-0.0464171743545112,0.05607476635513997,0.017395506160908347,0.12217194570135748,0.032258064516129004,0.009072331634142559
50,2006-06-30,0.06080321791838239,0.08463965097743098,0.02847235368809886,0.10420735155513673,0.10525219926084016,0.11787404931236399,0.3111361665221162,0.3111361665221162,0.3846153846153846,0.34615384615384603,-0.05993259859732214,6.097623089983022,-0.872334341794569,-1.1880041569753057,0.025305747248940857,-0.013169845594913632,0.5426758938869667,0.20824524312896409,0.10133333333333328,-0.05081967213114746,-0.17371463340432006,0.05309734513274345,0.04179529802897175,0.15389784946236573,0.046875,-0.017714476466006438
51,2006-09-30,0.025904367371211382,0.031176176648499032,-0.031308952893355224,-0.11245480400558573,0.09909792970674958,0.025737623606248983,0.02585100612539204,0.02585100612539204,0.0277777777777779,0.02857142857142869,-0.3185953126850327,-0.1926537229730627,-1.2398670616284952,0.5433008686496446,0.03809047380833275,-0.030372756557754288,0.14766355140186915,0.17322834645669286,0.09200968523002427,-0.11917098445595865,-0.21649484536082475,0.05042016806722693,0.07134716206975145,0.138031450203844,0.02985074626865658,0.16182967443757226
52,2006-12-31,0.08399581266232438,-0.04344355878015371,0.02401194618654512,0.09934065257699444,0.15162888015860831,0.108802960594355,0.7467533304961247,0.7467533304961247,0.7297297297297298,0.75,0.4972746662453591,-1.4857617856202263,-0.15271084337349394,20.67729831144465,0.795401349304695,-0.007593735168486049,0.2136807817589577,0.2751677852348995,0.10864745011086474,-0.09019607843137256,-0.17434210526315794,0.048000000000000036,0.06255319148936178,0.2517911975435005,0.014492753623188468,-0.1298896298896297
53,2007-03-31,0.9277505972860194,0.8915440426860062,1.318910371009366,1.4513258543344834,0.4963721917951185,0.2193338912808931,-1.5263317213629148,-1.5263317213629148,-1.5,-1.5079365079365081,0.4692202173683655,-22.152959913252687,514.6501955207963,6.596873180480588,3.3654663970998326,0.002391200382592107,-0.490606548577563,-0.5152046783625731,0.3260000000000001,-0.0969827586206895,-0.2544109277177007,0.04580152671755733,-0.22386864237084506,-0.4403107113654947,-0.12857142857142856,-0.22836780887922736
54,2007-06-30,0.052106471593963866,0.08705479667866745,0.05936255757670384,0.18333416603024832,0.04616462283031919,0.12199503824684732,-2.1183632818527403,-2.1183632818527403,-2.0,-2.0,-0.3927591605739812,-0.9499507404945172,-0.9959511183544704,-0.9345511264949244,0.050458133211962915,-0.2313931297709925,-0.14120126448893566,-0.17611580217129075,0.045248868778280604,-0.42004773269689744,0.20534351145038165,0.04379562043795615,-0.0056759545923632535,-0.09203798392987583,-0.0983606557377048,-0.08135110801312763
55,2007-09-30,0.00023505643253596278,-0.0020857932650502065,-0.05836598959053019,-0.07573039698805861,0.09373563388307926,-0.12955193298802858,0.8792504421337815,0.8792504421337815,0.875,0.875,-0.9506451727359818,-3.5115705918125664,-33.94091605652988,-2.7710469679706287,-0.08507119037791601,-0.06145251396648044,0.13312883435582812,0.11566617862371895,0.09379509379509376,-0.10288065843621397,-0.03293223559214686,0.0,0.09366891541255827,0.2469831053901852,-0.10909090909090913,0.07967119822952884
56,2007-12-31,1.5361310984987848,0.16920951403658635,2.097435429862996,1.613390429776465,0.8039318990963449,1.4632768839966128,-10.127720637802263,-10.127720637802263,-9.4,-9.4,17.92283728732327,-91.25921064369369,-33.33901748146923,5.428383787840882,-0.5977189211733399,0.0,-4.022739577693557,-3.5853018372703414,0.4749340369393139,-0.08715596330275233,-0.19515389652914214,0.16783216783216792,-0.2887307236061684,0.0,-0.12244897959183675,-0.5525915080527086
57,2008-03-31,0.02166865025258136,0.13962405137644196,0.06259941822454262,0.10896291409448187,-0.07275815604628988,-0.08700109654776511,-0.7008033905171109,-0.6754169228980555,-0.7103174603174603,-0.7103174603174603,3.1854872411828037,-0.992712511736592,-1.0109395686413098,-1.2895992571990118,0.4302935551691236,-0.15542328042328046,0.11427547913308245,-0.015228426395939132,-0.07245080500894463,-0.4271356783919599,0.0,0.0,-0.09239492995330224,0.0,-0.046511627906976834,0.027619608613129062
58,2008-06-30,-0.008295583551394703,-0.00323996910326918,-0.008220497957062034,-0.051287235992439666,-0.008316435869331396,0.117510798531268,-1.0645029632797702,-0.98115311572834,-0.9794520547945206,-0.9794520547945206,-1.5090845277104568,-0.3903398302786065,-0.6066596534291809,-2.0273291448483075,-0.3090646031844586,-0.04306969459671095,-0.07233563735733818,-0.152577319587629,-0.008678881388621051,0.035087719298245716,0.0,0.0,0.0,0.0,-0.02439024390243893,0.05063371759760527
59,2008-09-30,-0.041610413039702254,-0.01645911249477361,-0.03908804159877555,-0.13507334875119148,-0.04812155342262825,0.003160222967543591,6.833819573371727,-21.559287592636863,-19.666666666666668,-16.0,-1.5166056485355648,-0.4873994978866749,-5.3195275064076375,-1.8276748130048637,0.370229964807276,0.02782324058919805,-0.09842315023392822,-0.17396593673965932,-0.04863813229571989,0.033898305084745894,0.0,0.0,-0.006982726938625561,0.0,0.0,0.13712415130940836
60,2008-12-31,-0.0557367761219536,-0.07117873561385613,-0.042226774388326886,-0.15226749852916646,-0.09246396806933976,-0.0003811890748188773,-1.025106646417551,-1.2325013517520451,-1.2142857142857142,-1.2666666666666666,0.5562688387289754,2.324178549287043,-2.6154911167294435,-1.556108106887637,-0.1502579057019885,-0.31130573248407645,-0.7943494137997309,-0.8799705449189985,-0.09304703476482623,-0.2786885245901639,0.0,0.0,-0.03886010362694303,0.0,0.049999999999999815,0.09569250453139988
61,2009-03-31,-0.04930085988676691,-0.08266079687577277,-0.055987032843304974,-0.13250056647136887,-0.031711009654489815,-0.01864171025974415,-21.431130803313426,-2.7829207301825454,-2.916666666666667,-2.916666666666667,-0.06614722710942234,-0.44793823085100426,0.021638569352546263,0.05649671636943121,-0.1868178416109214,0.3583815028901733,-1.6373831775700936,-2.914110429447853,-0.03269447576099205,0.5,0.0,0.0,0.018482864844050928,-0.7341935483870967,0.04761904761904767,0.05741254318104416
62,2009-06-30,0.034965388266972035,0.03788236732260808,0.01144959803604495,0.0607724127843412,0.10630198588268368,0.07483639488446214,-0.1243470553847894,-0.18496753110141795,-0.17391304347826084,-0.17391304347826084,0.6614948624986148,4.970136144049189,-0.6503824430503742,-0.7734063505788538,-0.05205689287558879,0.1676595744680851,0.36950146627566,0.23397435897435906,0.10489510489510499,0.21212121212121213,1.1065907241659887,0.0,0.06880907372400746,0.32038834951456296,0.04545454545454541,-0.02153407260847551
63,2009-09-30,0.05075661808955534,0.07918877116366008,0.04914877722840627,0.1139137916600126,0.05620822547101168,-7.166757711030146e-05,-1.056659847098094,-1.6886992135740222,-1.6842105263157894,-1.6842105263157894,0.0021153937776929865,-0.5664376817826869,-1.2416095380029806,-7.569175323298706,0.3607504010692075,0.02478134110787167,-0.8126338329764453,-0.5272727272727272,0.05590717299578052,-0.07500000000000008,-0.2757821552723059,0.0,0.005305978068623984,-0.8143382352941176,0.021739130434782483,-0.03117799200564308
64,2009-12-31,0.003639094312807067,0.007191143645370656,-0.004439141630722676,0.08514364607385927,0.023640045965212183,0.06356414070787153,-8.393576586849107,-1.1036205991854278,-1.1538461538461535,-1.0,-0.7217520705164168,-0.320608196293396,-14.053047125585985,-2.316011979294409,-0.3488897368461579,0.2318634423897581,0.8285714285714285,0.22527472527472514,0.01998001998002019,0.16891891891891886,4.433599999999998,0.0,0.020056298381421426,0.8415841584158414,0.021276595744680767,-0.07183768566158633
65,2010-03-31,0.0019232097365107226,0.02107027910875625,-0.0016333757197771748,-0.04554150488869689,0.011369639103382623,-0.04299504464907456,1.4638735381056418,13.73306004340487,9.0,inf,3.1123109782144383,-0.4669099990394775,-0.7315798427340088,-1.696078864121239,0.3729856300392098,0.15588914549653565,-0.15000000000000002,-0.06278026905829602,0.003917727717923425,0.13294797687861282,-0.3224381625441696,0.0,0.009313556398758305,-0.12365591397849462,0.0,0.06976257713628288
66,2010-06-30,-0.020761361414563084,0.08189267902975317,-0.0032925040848871268,-0.00632050734800904,-0.06317589096188958,0.07075396778824894,-0.10045171453310664,-0.15759926675177582,-0.15000000000000002,-0.20000000000000007,-0.5077885762009033,-0.03992792792792788,-5.0318298651455935,1.022011315676369,0.5493001150364729,0.011988011988012026,-0.0845588235294118,-0.03827751196172247,-0.06439024390243908,0.010204081632652963,0.12878458641170498,0.0,-0.04374572795625442,-0.10429447852760733,0.02083333333333326,0.08877590926867418
67,2010-09-30,0.07635751057434659,-0.045750342763178235,0.03218840293996661,0.056952443488479824,0.18992383415287906,-0.009808291488130337,0.6605163056083871,1.1065884318716122,1.0588235294117645,1.0625,2.1893180935658694,20.256211996096393,-1.1918599573828903,-1.6916906522451198,-0.245237027455428,-0.12290227048371186,1.827309236947792,0.6616915422885572,0.18769551616266944,-0.06565656565656564,-0.008470225872689863,0.0,0.10578984989278052,1.8904109589041096,0.0,-0.097162356321839
68,2010-12-31,0.011375693310824442,0.02776496880851553,0.007286529000581244,0.05066998927622346,0.020325325313983008,0.06911231757056413,-0.8613871758518818,-0.9761215229100568,-1.0,-1.0,-0.4853115165438987,-0.8151006166255819,-0.3644598192949317,-1.2575869017632242,0.08369494582769299,0.12042768711311205,-0.04261363636363635,-0.06886227544910184,-0.276558384547849,-0.054054054054054064,-0.6264561221848305,0.0,0.009049773755656076,-0.028436018957345925,0.0,-0.02178237517406023
69,2011-03-31,0.029585403375146143,0.05543283036137958,0.005017797983513761,0.3225376489545826,0.08379987223335372,0.00013114591156071498,4.248904116491158,39.237543453070685,inf,inf,-1.234397498662937,-0.5857606723331106,-1.6438316920322291,-2.055426258043066,-0.08151172415459818,0.1330989452536413,0.13056379821958464,0.0,0.0788834951456312,0.5657142857142858,0.13305613305613329,0.0,0.05253042921204365,0.15609756097560967,0.020408163265306145,-0.20198271479410254
70,2011-06-30,0.010746645619573723,0.0007612957253244622,0.020554691149558657,0.053387819227169515,-0.008952239353477555,0.08621298892031383,0.4057691384689226,0.4057691384689226,0.4166666666666667,0.4347826086956521,-5.1449319877139095,0.5729106628242076,-17.70465543133656,2.2085240433614377,-0.2847421503830866,0.05008865248226968,0.27427821522309714,0.135048231511254,0.021372328458942658,-0.029197080291970882,0.0061162079510701526,0.0,-0.019476567255021338,0.3101265822784811,0.0,-0.049945849525387054
71,2011-09-30,-0.07393583504605072,-0.04005066478916841,-0.061639623916433524,-0.05795913769331217,-0.10008661669900687,0.0011938671192222028,0.07000532619532107,0.07000532619532107,0.08823529411764698,0.09090909090909084,0.4978986481479522,-0.3924221326493221,-0.5673502412322322,-1.4498925774481946,0.1791009773784369,-0.11397214014352065,0.13697219361483004,0.03966005665722405,-0.10132158590308372,-0.13157894736842113,-0.2832826747720365,0.0,-0.028243327126008636,0.09178743961352652,0.040000000000000036,0.018976731710588
72,2011-12-31,0.04317502296701648,-0.011137039842750385,0.0615662604615621,0.07925357083607376,0.0029348937845912197,-0.028254374408220536,-0.1736269767323131,-0.1736269767323131,-0.18918918918918928,-0.16666666666666666,0.039202521626052984,3.3179822445237868,0.7908634051362562,-2.768736039436185,-0.268664312442355,-0.11100524059075743,0.318840579710145,0.2561307901907357,0.002450980392156854,-0.008658008658008698,-0.13994910941475813,0.0,-0.038326413286489995,0.2920353982300885,0.01923076923076916,-0.08370623848381152
73,2012-03-31,0.028974638439964062,0.04771685173126095,0.0075962260919784095,-0.176296721697782,0.07849417559837035,0.03995078479187364,-0.0004942428431319311,-0.0031816883026619673,0.0,0.0,-1.371078528049618,-0.40688533932252813,-1.3950400295655836,-0.15069566921418776,-0.31200140778977004,0.18595927116827424,0.056318681318681126,0.04555314533622545,0.07457212713936423,0.1834061135371179,-0.10552268244575937,0.0,0.048156758551976216,0.021689497716894882,0.018867924528301886,0.2719046251077275
74,2012-06-30,-0.02783798991050501,0.003420307033332293,0.030412613858763708,0.024976317684058943,-0.15419323984249012,0.06225100602358191,0.07501525956716915,0.07337367038790199,0.10000000000000007,0.10000000000000007,-3.7652319731693678,-0.4652650219948945,-2.896178489453588,-1.4810541967902373,0.21815391531479866,-0.009489380930862934,0.034460338101430336,-0.004149377593360981,-0.10693970420932876,-0.08118081180811798,-0.0633958103638369,0.0,-0.1302281368821292,-0.03128491620111728,0.0185185185185186,-0.021005081874647
75,2012-09-30,0.009002522071465345,-0.0003179699391805402,-0.03816181414639086,0.002569763938462533,0.13321093347992852,0.0698979685339427,0.5239693537258511,0.5247708408516779,0.5757575757575757,0.5454545454545454,0.5233574247681159,-0.13199337655016907,1.3112558086168322,-0.6804874582533931,0.0572201189832342,0.046532846715328535,0.08862350722815847,0.0854166666666667,0.12866242038216558,0.17269076305220876,0.046497939964685216,0.0,0.12313296903460835,0.058823529411764726,0.03636363636363616,-0.002883838966432184
76,2012-12-31,0.019261143758919186,0.0405208687152967,0.061108126493563335,0.011029820153551029,-0.07446285362673022,-0.05933288834173589,-0.2442522366168488,-0.2333319132620457,-0.23076923076923075,-0.2352941176470588,-0.3546190006939324,2.085499746321664,-0.6866075085324232,-0.0185144000889581,0.053121125675561716,0.12816041848299894,0.06466512702078543,0.042226487523992384,-0.046275395033860016,0.0,0.010686164229471109,0.0,-0.09179370742783001,0.027233115468409563,0.017543859649122858,0.029153169828783018
77,2013-03-31,-0.003927707388020507,0.012216361063331016,0.04917999143896812,0.04051373533567082,-0.14046142176621912,-0.041649019938404315,-0.3288902201587539,-0.34008792077251737,-0.325,-0.3076923076923077,-0.7048648211378552,-0.06430629184809056,-1.0522659950260578,-4.1466606242565005,-0.15872262971863227,0.13214837712519326,0.03199566160520595,-0.033149171270718265,-0.10887573964497033,0.18835616438356184,0.0656649972175849,0.0,-0.13714285714285726,-0.040296924708377535,0.0,-0.027203237410071912
78,2013-06-30,0.02748658985520613,0.06629845023053392,0.029846607630275687,0.019261557065681775,0.019886984951293263,0.04303489448295728,0.6608643903890501,0.6624782470387904,0.7407407407407405,0.7037037037037037,1.1297152842018705,-0.3751414653348423,-18.325049249886348,-0.6932022755094693,-0.05788309937130842,0.02286689419795218,0.08460325801366264,0.05142857142857138,0.018592297476759608,0.14697406340057628,0.04334203655352487,0.0,-0.007450331125827825,0.061878453038674223,-0.017241379310344862,0.04616362375779981
79,2013-09-30,0.056491919928337575,0.031068069954198307,0.043437064791647766,0.10105651299986418,0.09791021658612142,0.03862311886753322,-0.10745397948672007,-0.10569590689350494,-0.1063829787234042,-0.13043478260869568,1.2236271986271987,0.4853925505945349,0.8215747673360856,-6.136779720690059,0.3156006763309407,0.15815815815815815,-0.05038759689922479,-0.1032608695652173,0.0951760104302477,0.13819095477386933,0.06556556556556559,0.0,0.03919933277731436,-0.07388137356919887,-0.01754385964912264,-0.0635665764621417
80,2013-12-31,0.18096760906847487,0.029492994397866786,0.269682590573902,0.15407334126382088,-0.08506216645999977,0.02325415604387393,0.13502443185738566,0.13419085256878185,0.1428571428571428,0.125,0.00771230544395185,10.402662809278935,-5.844495022976417,-1.8410573331353308,-0.20176203003398008,0.17689426678190734,0.06428571428571428,-0.03030303030303028,-0.05833333333333335,0.07284768211920523,0.2625645843118836,0.0,-0.2251203852327448,0.014606741573033766,-0.0535714285714286,-0.10792639773531497
81,2014-03-31,0.007787893431894233,-0.028864346962601095,-0.009215542559020018,-0.10377629758429263,0.07902700949787156,-0.05138217531846378,-0.3556195392071799,-0.35693994407208485,-0.35416666666666663,-0.3555555555555556,-0.3583975494184655,-0.8663672549296999,-1.1135890573892355,-0.34399065560188513,-0.16578839862269254,0.2178702570379436,-0.010546500479386434,-0.04999999999999993,0.07332490518331225,0.29423868312757184,0.17150297619047628,0.0,0.07042982910409122,0.0022148394241416898,-0.056603773584905766,0.08356472299352125
82,2014-06-30,0.01613806577661991,0.03106720095803972,0.007136221255744645,-0.01811799343222742,0.050310304634092466,0.07093728141757992,0.08576329331046306,0.08024158757549604,0.09677419354838723,0.10344827586206916,-0.3308466989929131,-0.4130218687872763,-0.014834205933682345,0.016563146997929712,-0.20205761316872428,0.0054271356783919256,-0.11191860465116288,-0.13377192982456146,0.04946996466431086,-0.06359300476947538,-0.007303906001905225,0.0,0.03386550556361878,-0.10055248618784528,-0.040000000000000036,0.050091519219036096
83,2014-09-30,-0.027475837670161814,0.2994572379442049,-0.039371107174635316,0.7198708338138624,0.01604679064187153,0.1342731181625212,2.944707740916272,2.986421725239617,2.9117647058823533,2.9375,1.4565217391304346,2.3666384419983064,-0.7679362267493357,-1.1160896130346232,0.0293965961835998,-0.021991203518592628,0.5646481178396072,0.5240506329113923,0.015712682379349197,-0.06791171477079783,0.07197696737044135,0.0,0.04445484323818438,0.5184275184275184,0.02083333333333326,-0.24443669746092625
84,2014-12-31,0.04695500886378756,0.16657499398398026,0.07161916415982605,0.18592279666510206,-0.03884870848708488,-0.0006238003838771045,-0.6185422507008411,-0.6209176517731918,-0.6165413533834587,-0.6269841269841271,-0.7127297481279782,-0.790241448692153,-0.4770992366412213,3.543859649122808,0.12975951903807625,0.06929681112019613,-0.01429567642956764,0.0,-0.049723756906077436,0.052823315118397,-0.3270665472993136,0.0,-0.08198924731182801,-0.025889967637540482,0.020408163265306145,-0.01630267609966174
85,2015-03-31,0.39260760641043396,0.094225640572279,0.033305314576626,-0.0033360348304652954,1.7867256365367488,-0.10131079848273873,-0.7028871391076115,-0.7008456659619451,-0.7254901960784313,-0.7234042553191489,1.1090047393364928,0.04916067146282965,6.9562043795620445,0.996138996138996,0.2292682926829268,0.12636207226151794,-0.3537318712415989,-0.15614617940199338,1.1534883720930234,0.18512110726643585,0.11662971175166305,0.0,1.001464128843338,-0.08222591362126241,-0.07999999999999996,0.0978736710444028
86,2015-06-30,0.030320288558023382,0.06261445653344833,0.014941752490292169,0.015393343419062068,0.05451158894779185,0.2671368274830368,1.9664310954063609,1.964664310954064,1.4285714285714284,1.4615384615384617,-0.5704119850187266,1.0605714285714285,-3.0403669724770643,2.1431334622823983,0.5862193362193362,0.13849287169042768,-0.20963327859879588,-0.05314960629921262,0.050755939524838034,-0.4715328467153285,0.22200158856235094,0.0,0.023408924652523755,-0.018099547511312264,-0.0434782608695653,0.046496724579891735
87,2015-09-30,-0.06484430523018614,-0.17810527916466026,-0.1303410886709564,-0.31387119603680114,0.025679616216724762,0.13640005059661853,1.5527099463966647,1.5542312276519668,1.5588235294117645,1.59375,7.498692240627724,1.0604547975596228,-2.9428956834532367,-0.09353846153846156,0.3350011371389583,-0.1572748956469886,-0.2645429362880887,-0.14553014553014554,0.025693730729702047,-0.19889502762430944,-0.15729606759831005,0.0,0.09697402906838204,-0.13917050691244234,0.0,0.19786350955977405
88,2015-12-31,0.04462271010719388,-0.002035184014554603,0.08697995913576495,0.11891642463559625,-0.005013450721447765,-0.0758756307509647,-0.5459636024265049,-0.5459636024265049,-0.5402298850574712,-0.5421686746987951,-0.3311448502256873,1.5044414535666217,-3.1372367507521406,3.4059742023082142,1.1056218057921634,-0.17654342826817626,-0.16478342749529196,-0.06812652068126512,-0.003006012024048155,-0.19655172413793096,0.025838796760509156,0.0,-0.047567332754126834,-0.03747323340471098,-0.02272727272727271,-0.10809429139449013
89,2016-03-31,0.016903407177211838,0.02393128060932836,-0.010614386613234772,-0.039493474358352376,0.052128138953750465,-0.12020717067491073,-0.9285714285714286,-0.9285714285714286,-0.925,-0.9210526315789472,-0.8765337423312883,-0.828030954428203,-0.9669734704926908,-1.0563944530046223,-0.029611650485436906,0.014822771213748753,-0.07891770011273969,-0.05483028720626626,0.01557788944723626,0.017167381974249052,0.06992481203007506,0.0,0.03466362599771955,-0.08120133481646262,0.023255813953488413,0.0660425423512927
90,2016-06-30,0.27345754523253296,0.8387802522783512,0.4960547165540212,-0.04667373844521894,0.005499639846594072,0.16857573130105408,11.115107913669064,11.115107913669064,10.000000000000002,10.000000000000002,4.175155279503104,6.133125,192.1114754098361,-142.05191256830602,4.304235451058863,-0.0745131244707875,-0.01835985312117505,-0.06353591160221006,-0.044532409698169295,-0.08860759493670889,-0.015108924806746303,0.0,-0.21049151421644247,-0.018159806295399483,-0.045454545454545525,0.9287890554991338
91,2016-09-30,0.2671008416475067,-0.34641043104367875,0.3352985679546068,1.5311291262650348,0.14495784083098573,0.19385324325379785,-1.7114014251781473,-1.7114014251781473,-1.6969696969696968,-1.6969696969696968,1.881901104176668,4.064663103478489,-1.090154331992054,-1.9889200968523,-0.8024803910781371,0.006861848124428249,-0.6957605985037406,-0.7256637168141593,0.14448472294148118,0.055555555555555365,0.0003567606136281043,0.0,-0.09631490787269692,-0.6917385943279901,-0.11904761904761907,-0.7417766214458279
92,2016-12-31,-0.04959973726343448,-0.05556741283850797,-0.04456144752870328,-0.4723989951852627,-0.060123612320647994,0.06892152693729359,-4.4849749582637735,-4.4849749582637735,-4.434782608695652,-4.3478260869565215,-0.7088955522238879,-0.9067349445530508,-0.9156308851224104,-0.9495034571915459,-0.20515677224255924,-0.1583371194911405,0.8073770491803278,0.6774193548387097,-0.060633484162895934,-0.26315789473684204,1.5909415121255353,0.0,-0.011121408711770142,0.7319999999999998,-0.027027027027027084,0.7900923593618807
93,2017-03-31,-0.013062183596247223,-0.06075108009305419,-0.0420185864473116,-0.10246592735135997,0.048559759630089516,-0.16778872636024236,-0.8409580838323354,-0.8409580838323354,-0.8481012658227849,-0.8441558441558441,0.2958512160228899,-0.6956037840845855,11.850446428571427,0.06671838634600458,-0.27533039647577096,0.09365721997300967,0.07482993197278898,0.019230769230769384,0.047687861271676235,0.1607142857142858,-0.38031658637302135,0.0,0.062480474851609014,0.06004618937644346,-0.02777777777777779,0.046435272045028286
94,2017-06-30,0.03599376761611306,-0.014096666902554622,0.0025070081267741795,0.14267715839264405,0.10096945778997934,0.08924434638720348,3.4728915662650603,3.4728915662650603,3.666666666666667,3.583333333333334,0.2536983881651578,1.7550274223034736,-0.5568872676741359,-0.5963636363636364,-0.15335728101685553,-0.04763079960513328,0.17721518987341778,0.17610062893081754,0.1002298850574712,-0.09230769230769233,-0.1341625944024879,0.0,0.06262863863569534,0.20043572984749455,-0.02857142857142847,-0.13722225779599162
95,2017-09-30,0.00880691259554678,0.04316742990855449,-0.006439292030714583,-0.035920846470781635,0.035744064085280865,0.008405914522989777,-0.7026936026936027,-0.7026936026936027,-0.6964285714285714,-0.7090909090909091,-0.033814723494188126,-0.7193098871930989,0.6585652685221481,-1.0189189189189192,0.003426892950391558,-0.10365379632029026,0.27419354838709675,0.3262032085561495,0.035520267446719656,-0.1807909604519774,-0.2665469471523858,0.0,0.026840066408411637,0.32123411978221417,0.0,0.08208401365593021
96,2017-12-31,-0.00035176959649796386,-0.007334929678253886,-0.0012695706986634026,0.2811597110754413,0.001203767793192645,0.0842958052961067,1.766704416761042,1.766704416761042,1.6470588235294117,1.9375,-0.0967918337586584,0.27895981087470445,0.5107539588749705,-154.71428571428572,-0.5249634086843389,0.06331309627059832,-0.2334739803094233,-0.20564516129032265,0.043179983857950084,0.020689655172413838,-0.1958726827562085,0.0,0.0016168148746968927,-0.19780219780219788,0.0,-0.2251714677640605
97,2018-03-31,-0.01736565911585386,-0.06266202708884971,-0.021819038433331658,0.00023491456940161196,-0.0098364844149208,-0.1711692241192998,-0.6434711420384773,-0.6434711420384773,-0.6222222222222222,-0.6382978723404256,0.2548940464177598,1.6426370918052988,-0.8100750938673342,-1.2329615861214374,0.5237932214994865,0.16802610114192484,0.0,0.020304568527918843,-0.011218568665377291,0.12162162162162148,0.43758155719878206,0.0,0.007532956685499138,0.03424657534246589,-0.029411764705882363,-0.06293706293706293
98,2018-06-30,-0.054370532478790416,-0.06855190569860825,-0.04293932151328162,-0.23855451869480804,-0.07346300667086603,0.046116595269137584,-0.5694603903559128,-0.5694603903559128,-0.588235294117647,-0.588235294117647,-0.3081376648440013,-0.29167638144089536,0.3879736408566721,-1.8098404255319152,-0.13682318580094366,-0.09846368715083807,-0.35412844036697244,-0.3482587064676617,-0.07355242566510167,-0.0843373493975903,-0.13192133131618744,0.0,-0.020293724966622184,-0.35430463576158944,0.0,0.22331381069336853
99,2018-09-30,0.005533264205100474,0.03872780971132772,0.015506010596881612,0.06555354499095256,-0.011672004390311795,0.01926432361214969,3.712,3.712,3.8571428571428568,3.8571428571428568,0.5192933519293352,-0.005595786701777517,0.33412462908011875,-2.952380952380953,0.30947423217074443,-0.03640588690937252,0.22159090909090892,0.20610687022900764,-0.011824324324324342,0.039473684210526334,0.4952945277100034,0.0,-0.016898337421640708,0.20769230769230784,0.03030303030303028,-0.025173745173745155
100,2018-12-31,-0.02154198400267815,-0.02659859058043013,-0.0384115496460864,-0.11466615206483988,0.00836220185311043,0.07556595863610949,-0.710243350311262,-0.710243350311262,-0.6764705882352942,-0.7058823529411764,-0.026774785801713552,-0.418735518040384,1.5631672597864767,-1.957106812447435,-0.22619757503478435,-0.147374062165059,-0.3395348837209301,-0.3354430379746836,0.007692307692307666,-0.1392405063291139,-0.29370629370629364,0.0,0.03049625727751581,-0.3460721868365181,0.0,0.09949302915082404
101,2019-03-31,-0.025303269599112888,-0.01655228732509384,-0.02687696301986597,-0.09377043463097777,-0.02264302915238636,-0.1894306038262903,-1.48828125,-1.48828125,-1.4545454545454546,-1.5,-1.062411570507782,-0.5694760820045558,-0.930406108989934,0.3919156414762741,-0.4068841510403288,-0.08516656191074799,-0.29929577464788737,-0.3047619047619048,-0.021628498727735312,-0.09558823529411777,0.41287128712871296,0.0,0.002690341673392549,-0.30519480519480524,0.0,0.08515850144092219
102,2019-06-30,-0.002811330571104387,0.0004950257892468722,-0.005041219085685778,0.09685876467192613,0.000941841299741064,0.1426567822079743,5.74,5.74,5.6,5.6,-17.848866498740552,1.0952380952380951,12.261845386533668,-0.88510101010101,-0.07882200086617586,-0.21848162143593264,-0.8542713567839196,-0.8493150684931506,0.0,-0.19512195121951212,0.15533753795842098,0.0,0.0037563724174940467,-0.8598130841121495,0.02941176470588225,-0.08783694064533265
