,Quarter end,Assets,Current Assets,Liabilities,Current Liabilities,Shareholders equity,Revenue,Earnings,Earnings available for common stockholders,EPS basic,EPS diluted,Cash from operating activities,Cash from investing activities,Cash from financing activities,Cash change during period,Cash at end of period,Price,ROE,ROA,Book value of equity per share,P/B ratio,P/E ratio,Cumulative dividends per share,Equity to assets ratio,Net margin,Asset turnover,Current ratio
0,1993-12-31,0.10660219529114134,0.07593749999999999,0.10736768983632183,0.18564935959234274,0.09464043419267297,0.09080076263107716,0.8291814946619218,0.8291814946619218,0.8695652173913042,0.1785714285714286,-2.5103092783505154,-0.25204081632653064,-0.6337249481686247,-3.1975308641975313,-0.12071535022354694,0.1210720887245842,0.0066489361702126715,0.10119047619047628,0.10176991150442503,-0.1117318435754191,0.04494382022471921,inf,-0.00364963503649629,0.04566210045662111,0.015151515151515138,-0.09250434914151727
1,1994-03-31,0.10660219529114134,0.07593749999999999,0.10736768983632183,0.18564935959234274,0.09464043419267297,0.09080076263107716,0.8291814946619218,0.8291814946619218,0.8695652173913042,0.1785714285714286,-2.5103092783505154,-0.25204081632653064,-0.6337249481686247,-3.1975308641975313,-0.12071535022354694,0.1210720887245842,0.0066489361702126715,0.10119047619047628,0.10176991150442503,-0.1117318435754191,0.04494382022471921,inf,-0.00364963503649629,0.04566210045662111,0.015151515151515138,-0.09250434914151727
2,1994-06-30,0.009458138977488595,0.028947623196824424,0.0001568258448991777,-0.008363340689975574,0.15649209792376828,0.09080076263107716,0.8291814946619218,0.8291814946619218,0.8695652173913042,0.1785714285714286,-2.5103092783505154,-0.25204081632653064,-0.6337249481686247,-3.1975308641975313,0.3016949152542372,-0.0206100577081616,0.0066489361702126715,0.10119047619047628,0.17269076305220876,-0.1117318435754191,0.04494382022471921,inf,0.16117216117216104,0.04566210045662111,0.015151515151515138,0.03758959826637765
3,1994-09-30,-0.005479251899473958,0.04554008280015065,-0.015366522932183437,0.06641677404240376,0.129689174705252,0.013655232685164886,-0.09727626459143968,-0.09727626459143968,-0.09302325581395343,0.1785714285714286,-0.4215017064846417,-0.3383356070941337,-1.3471698113207546,-1.926966292134832,-0.21484375,-0.02609427609427617,0.0066489361702126715,0.10119047619047628,0.1369863013698629,-0.16981132075471694,0.04494382022471921,inf,0.1451104100946372,0.04566210045662111,0.015151515151515138,-0.01951964013173746
4,1994-12-31,-0.023433482700359942,-0.0108891288696904,-0.016303049605860376,0.019332161687170446,-0.1083965844402277,-0.046448970794266575,-2.0258620689655173,-2.0258620689655173,-2.051282051282051,0.1785714285714286,4.123893805309733,1.0659793814432992,-0.8586956521739131,-3.975757575757576,0.8142620232172472,-0.02765773552290407,0.0066489361702126715,0.10119047619047628,-0.11445783132530117,-0.14393939393939392,0.04494382022471921,inf,-0.0950413223140496,0.04566210045662111,0.015151515151515138,-0.02965754546944122
5,1995-03-31,0.027888521137355186,0.08361386589027386,0.02412125381953589,-0.0007543103448275358,0.07741420590582604,0.04385171790235076,-1.6995798319327733,-1.6995798319327733,-1.6829268292682928,0.1785714285714286,-1.1185952792170408,-0.1207584830339321,-38.115384615384606,-1.2505091649694502,-0.11243144424131624,-0.038222222222222164,0.0066489361702126715,0.10119047619047628,0.08163265306122458,0.08554572271386429,0.04494382022471921,inf,0.0547945205479452,0.04566210045662111,0.015151515151515138,0.08443093549476544
6,1995-06-30,0.004573812180976633,0.019143576826196496,-0.006283467367464325,-0.03267550954383691,0.14024691358024688,0.06647899523603296,0.7717717717717718,0.7717717717717718,0.7499999999999998,0.1785714285714286,0.10194174757281547,-0.4267877412031782,-0.5730569948186528,1.5853658536585369,-0.3274974253347065,0.12661737523105354,0.02906208718626146,0.10119047619047628,0.14779874213836466,0.040760869565217295,0.04494382022471921,inf,0.14430014430014415,0.06986899563318771,0.02985074626865658,0.05356586733104951
7,1995-09-30,-0.00185761896956782,-8.238589553466458e-05,-0.012805472152074948,0.02519509476031212,0.11736682546556955,-0.02314720812182736,-0.049152542372881365,-0.049152542372881365,-0.061224489795918324,0.1785714285714286,-4.770925110132159,-0.013861386138613874,-1.3082524271844658,-1.7264150943396226,0.3537519142419603,0.10254306808859726,0.04321780059905866,0.10119047619047628,0.12328767123287655,-0.039164490861618766,0.014148273910582931,inf,0.1261034047919296,0.09387755102040818,0.0,-0.024682234702926298
8,1995-12-31,-0.007572025471198952,0.0025541731894207498,-0.011561625073015502,-0.033384080034797765,0.03081395348837201,-0.07254209104136355,-0.6310160427807487,-0.6310160427807487,-0.6304347826086956,0.1785714285714286,1.4567757009345796,1.9297188755020083,2.4645669291338583,-0.09090909090909094,0.2375565610859729,-0.0044642857142855865,0.5295324036095161,0.6702702702702703,0.03658536585365857,-0.11413043478260874,-0.0892857142857143,inf,0.05039193729003344,0.6753731343283582,0.0,0.037202606455523535
9,1996-03-31,0.0023165171348726865,0.005752794214332725,-0.005216717950808025,0.0007874901563731385,0.0718180109043054,0.015015688032272491,0.9130434782608696,0.9130434782608696,0.9411764705882352,0.1785714285714286,-0.7384688540180695,-0.4797806716929404,-1.5113636363636362,-1.1857142857142855,-0.03564899451553927,0.14947683109118093,-0.05148833467417535,0.03883495145631066,0.07294117647058806,0.11042944785276076,-0.3265931372549019,inf,0.07249466950959492,0.04231625835189301,0.0,0.004967492146979335
10,1996-06-30,0.004163762427088269,-0.047393364928910005,-0.007968535551139966,-0.04485161870503596,0.1080512190843712,0.06392139545153452,0.6818181818181819,0.6818181818181819,0.6666666666666667,0.1785714285714286,0.24909090909090906,0.7048748353096179,1.3155555555555556,1.3333333333333337,-0.08625592417061613,0.03641092327698292,-0.04099519366694948,0.04361370716510926,0.11184210526315796,-0.033149171270718265,0.0,inf,0.10735586481113324,0.04914529914529897,-0.014492753623188246,-0.0026895398706113798
11,1996-09-30,0.01685998721344406,0.03851432492708873,0.005719831502436712,0.12392609156172775,0.1022637327845497,0.05229843312234106,-0.06906906906906908,-0.06906906906906908,-0.07272727272727275,0.1785714285714286,0.6754002911208152,-0.3817619783616693,-1.3224568138195778,-2.7802197802197797,0.1680497925311204,0.027603513174403904,-0.04923349056603776,0.029850746268656806,0.10650887573964507,-0.07714285714285718,-0.012738853503184709,inf,0.08797127468581699,0.018329938900203846,0.014705882352941124,-0.07602040816326516
12,1996-12-31,0.09673420995904293,0.06145205253159336,0.10370598501180583,-0.05246073298429321,0.04796782995835125,-0.051276994379252594,-0.6306451612903226,-0.6306451612903226,-0.6274509803921569,0.1785714285714286,-0.31364031277150306,5.71,-31.101190476190478,1.9814814814814812,0.4289520426287745,0.15995115995116005,-0.06728682170542633,-0.020289855072463947,0.03030303030303028,0.049535603715170407,0.1225806451612903,inf,-0.04290429042904287,-0.0060000000000000045,-0.014492753623188246,0.1202966001419894
13,1997-03-31,0.09660458945506356,0.3237102171037274,0.10458367438053418,0.16211736103436847,0.03782376319035219,0.09791082008107256,1.3842794759825328,1.3842794759825328,1.3157894736842106,0.1785714285714286,-0.3417721518987342,-0.7486959761549925,-0.7233537670555665,0.04347826086956519,0.3132380360472342,0.2794736842105263,0.0043218085106382365,0.02366863905325456,0.03633217993079585,0.2418879056047196,0.2635467980295567,inf,-0.0525862068965518,0.03822937625754519,-0.014705882352941237,0.13899450781580058
14,1997-06-30,0.019506803483144486,0.04708717888425129,-0.057580248576914024,0.028813236972232707,0.6239271094678462,0.159235065795702,-0.956043956043956,-0.956043956043956,-0.9545454545454546,0.1785714285714286,0.24615384615384614,-0.4232765011119348,-0.7069335239456755,-0.4464285714285714,0.13203975390440134,0.18017276840806276,-0.4352863290301224,-0.3497109826589595,0.4373956594323871,0.13776722090261284,0.10331384015594547,inf,0.6105550500454959,-0.35465116279069764,0.0149253731343284,0.017804154302670794
15,1997-09-30,-0.005699049181768889,-0.04547496070065127,-0.01753069211386904,-0.07181809779092341,0.04813790860302492,0.012249897917517405,30.41666666666667,30.41666666666667,25.5,0.1785714285714286,0.7530864197530864,1.8161953727506428,0.7097560975609756,-2.3154121863799286,-0.15342809364548493,0.16347159288950852,-0.07092614302461897,0.044444444444444516,0.048780487804878085,-0.1899791231732777,0.6949352179034158,inf,0.05536723163841817,0.039039039039038936,0.0,0.0283649173955296
16,1997-12-31,0.008590204514645983,-0.030525820491706827,0.0009822110662447423,0.03943437562238605,0.04103956555469357,-0.08172650262202498,-0.5291777188328912,-0.5291777188328912,-0.5094339622641509,0.1785714285714286,0.8908450704225352,-0.4559561843906892,-1.9800285306704708,-1.4277929155313351,0.07753086419753097,0.02037147992810073,-0.06561514195583595,0.051063829787234116,0.04097452934662238,-0.028350515463917536,0.002779708130646208,inf,0.03372591006423975,0.04046242774566466,0.014705882352941124,-0.0673321126926939
17,1998-03-31,0.007319104176710446,0.04343869441242498,0.001217473469981023,-0.039087947882736174,0.03234220135628596,-0.034879634510630815,1.2647887323943665,1.2647887323943665,1.192307692307692,0.1785714285714286,-0.8035381750465549,-0.15268456375838926,-2.14410480349345,-0.24840764331210186,0.054078826764436316,0.17351732237228412,0.013504388926401044,0.14574898785425106,0.03191489361702127,0.1273209549071619,0.10810810810810813,inf,0.02537545313309164,0.1444444444444446,0.0,0.08593502628079297
18,1998-06-30,0.580722821673048,0.28181871039013906,0.5152725094829307,0.24925224327018936,0.841045260954306,0.2608101957214384,0.25497512437810954,0.25497512437810954,0.1578947368421053,0.1785714285714286,2.144549763033176,34.90891089108911,44.600508905852415,6.838983050847457,0.4021739130434783,0.08206154615961969,0.2911392405063291,0.31448763250883394,0.3793814432989693,0.04941176470588226,-0.012820512820512777,inf,-0.0373737373737375,0.4587378640776698,-0.10144927536231874,0.026067179846046118
19,1998-09-30,-0.002321228691487653,-0.03919078290846412,-0.016528925619834656,0.0270550678371908,0.04418914680050179,0.04953068592057752,0.12586719524281476,0.12586719524281476,0.06060606060606055,0.04545454545454541,0.7844762622456669,-0.9433660527186499,-1.01442441828023,-1.3081081081081078,-0.08837209302325577,-0.15884393063583813,-0.019607843137254943,0.0,0.05381165919282505,-0.390134529147982,-0.42667089008552417,inf,0.056663168940188864,0.08319467554076554,-0.08064516129032262,-0.06450696220517205
20,1998-12-31,0.01716004083096534,0.02780662826928526,0.045999269272926524,0.031237858419457695,-0.07175847696293791,-0.05806274078150798,-2.6452464788732395,-2.6452464788732395,-2.7857142857142856,-2.8115942028985508,-0.0050675675675675436,0.4576436222005842,-1.6092843326885882,-0.2070175438596491,-0.07687074829931972,-0.17866959868059384,-0.7031578947368421,-0.706989247311828,-0.07943262411347507,-0.22058823529411764,-0.23922651933701666,inf,-0.09334657398212508,-0.6866359447004609,-0.07017543859649111,-0.003341433778857761
21,1999-03-31,-0.014230564069181884,-0.011575031004547376,-0.01114254776625101,-0.0004521136312259921,-0.024959546925566345,-0.045427987145778566,-1.3707865168539326,-1.3707865168539326,-1.3279999999999998,-1.3279999999999998,-0.950339558573854,-0.6035404141616567,1.7714285714285714,0.3849557522123894,-0.11532792925571113,-0.08366800535475237,-0.16666666666666666,-0.1834862385321101,-0.03235747303543912,-0.004716981132075526,2.0123456790123457,inf,-0.016429353778751432,-0.13725490196078427,-0.056603773584905766,-0.011155135629381308
22,1999-06-30,-0.006025698641695665,0.039546447325619294,-0.020722948310373246,-0.052544289483603464,0.045761938347923525,0.08882938026013765,0.6002886002886003,0.6002886002886003,0.6585365853658538,0.6341463414634148,9.461538461538463,-2.300758213984836,-3.870561282932417,-1.980830670926517,0.1278633902540609,0.04200146092037982,0.10425531914893617,0.101123595505618,0.056528662420382014,0.07582938388625604,0.34860173577627784,inf,0.0623608017817372,0.09659090909090916,0.020000000000000014,0.09721366046110223
23,1999-09-30,-0.003580128441721397,-0.030978989718372874,-0.0013706865456294404,0.047342457033736414,-0.010870427675950143,0.0021783430538964144,-0.3011722272317403,-0.35166816952209196,-0.32352941176470595,-0.31343283582089554,0.6470588235294117,-2.117227979274612,-0.6436552274541101,-3.127035830618893,-0.24113737075332356,-0.09533824044865058,-0.3776493256262041,-0.33673469387755106,0.02411454408440084,-0.14537444933920707,-0.11279942795852692,inf,-0.009433962264150941,-0.3886010362694301,0.0,-0.07477948199337038
24,1999-12-31,-0.003935622476571421,-0.02671033814642243,0.012136389905605949,-0.03281926612474362,-0.05747633563292154,-0.04178937035478891,-0.4761290322580645,-0.435326842837274,-0.5,-0.5652173913043479,0.12748015873015886,0.22028985507246368,-1.4412094064949608,-1.790199081163859,0.2510948905109489,-0.1328942270437815,3.5510835913312686,3.246153846153846,-0.05003679175864606,-0.14948453608247425,0.5549063066693531,inf,-0.06666666666666665,3.491525423728813,0.0,0.006315278115132328
25,2000-03-31,0.003226016381097541,0.0027964735993932788,0.002343452607537211,-0.020501138952163992,0.006383250351078784,-0.015366603248939016,0.44581280788177335,0.31034482758620685,0.5652173913043477,0.7999999999999998,-0.9480862296524416,-0.21330166270783849,1.098984771573604,-2.449612403100775,-0.2909373784519642,-0.14834673815907062,-0.0496598639455782,-0.03623188405797106,0.010844306738962084,-0.10303030303030304,-0.8581054814046909,inf,0.0045351473922903285,-0.06226415094339621,0.019607843137254832,0.02377504223992277
26,2000-06-30,-0.014410156611991519,0.0050574278016732865,-0.017813697914812354,-0.0607056936647955,-0.002283394646708125,0.07699167657550543,0.5076660988074957,0.6635338345864661,0.5833333333333333,0.5833333333333333,6.457627118644068,-0.34842995169082125,-0.8621523579201935,-0.8061497326203209,-0.07953922106417988,-0.2439664218258132,-0.06156048675733716,-0.0714285714285714,0.0007662835249042653,-0.2567567567567567,-0.2210045662100457,inf,0.01185101580135428,-0.08450704225352113,0.0,0.07002239773664964
27,2000-09-30,-0.02133421089746601,-0.008135816403310736,0.032189463508941474,0.10928028686075296,-0.20906971816062725,-0.01304167816726465,-6.075706214689267,-6.075706214689267,-6.473684210526318,-6.473684210526318,1.1204545454545456,-0.0129749768303985,-8.06140350877193,-0.7103448275862069,-0.02502979737783073,-0.18875780707841786,-2.14187643020595,-1.991902834008097,-0.2588055130168454,-0.18181818181818188,-0.13833528722157096,inf,-0.24261015058561064,0.0,0.01923076923076916,-0.10581689985678087
28,2000-12-31,-0.006283265761005352,-0.01299132331326158,-0.009622588499719087,0.014392365119679784,0.00900225056264059,-0.07222261064112423,-1.0719056099732858,-1.0719056099732858,-1.0576923076923077,-1.0576923076923077,-0.579849946409432,-0.2103286384976526,-1.1180124223602483,-8.833333333333332,0.4040342298288509,-0.4704875962360992,0.10354041416165673,0.04489795918367357,0.01962809917355357,-0.2888888888888889,0.0,inf,0.01840942562592041,0.0,0.0,-0.027043676461529054
29,2001-03-31,-0.04371954520844612,-0.022721813902099264,-0.04519987707146401,-0.060698027314112335,-0.03706850770047798,-0.015749811605124342,0.5139318885448916,0.346749226006192,0.6666666666666667,0.6666666666666667,-0.5306122448979591,-1.1866825208085612,-11.53684210526316,-2.699088145896656,-0.24336090552895084,0.2390953150242325,0.1289346246973364,0.05859375,-0.049645390070921835,0.21875,0.0,inf,-0.005061460592914013,0.0,0.0,0.04045840192478156
30,2001-06-30,-0.0010110201193003212,-0.005701926858041717,-0.031023298422837912,-0.04264943457189019,0.1326935804103242,0.06408391394227086,3.979550102249489,4.597701149425287,4.466666666666667,4.266666666666668,0.9429347826086956,19.019108280254773,2.9880119880119884,-0.4991055456171736,-0.16110471806674342,-0.06649282920469357,-0.5201072386058981,-0.5461254612546125,0.16524520255863528,-0.02564102564102566,0.0,inf,0.17805232558139528,0.0,0.018867924528301886,0.03858090427797722
31,2001-09-30,0.004594676652160734,0.01666007514336565,-0.0037305805396565814,0.04151198110023624,0.03632291362352702,-0.02129802849330842,-0.7149897330595483,-0.7149897330595483,-0.7317073170731707,-0.7215189873417722,1.2867132867132869,-1.3525294304804327,-0.9546593186372746,-2.017857142857143,0.19547325102880664,-0.16759776536312854,-3.8625698324022335,-4.203252032520325,0.04666056724611156,-0.2763157894736842,0.0,inf,0.04133251079580513,0.586813186813187,0.0,-0.02384719048456096
32,2001-12-31,0.01815361057382336,-0.03369803063457333,0.020107719928186718,-0.0023493195074529853,0.010994174027438408,-0.010145566828407615,-1.07492795389049,-1.07492795389049,-1.1590909090909092,-1.1590909090909092,0.6287461773700307,1.9819494584837547,-2.1436464088397797,-1.6561403508771932,-0.1072862880091796,0.14932885906040272,-0.13466042154566735,-0.09137055837563446,0.013111888111888126,0.09090909090909084,-0.6272108843537414,inf,-0.00414691943127965,-0.09972299168975064,0.0,-0.031452581032413
33,2002-03-31,-0.04042902657669245,0.02556360708534622,0.04117011112787239,0.012180267965895329,-0.3420856956966261,-0.026366607248960228,134.63461538461542,134.63461538461542,68.42857142857143,68.42857142857143,-0.8633120540743522,-0.7042978208232445,-0.06763285024154586,1.1604278074866312,-0.2596401028277635,0.9824817518248176,-2.207938655841227,-2.120111731843576,-0.43572044866264015,0.95,1.2043795620437954,inf,-0.4092801903628792,0.0,0.0185185185185186,0.013262270699058163
34,2002-06-30,0.033707981027015776,0.04818449460255159,0.01964430170363296,0.08736462093862807,0.11598502507593422,0.14219238690975655,-1.1373883453849425,-1.1373883453849425,-1.127572016460905,-1.127572016460905,4.5989010989010985,0.27328556806550663,-3.6994818652849735,-1.5965346534653464,0.20920138888888884,0.20324005891016195,0.4873039581777448,0.3665835411471323,0.16972477064220182,1.1367521367521367,0.0,inf,0.13293051359516614,0.0,0.0,-0.036024464831804215
35,2002-09-30,-0.018763279434208857,-0.038900851980151696,-0.0269863824748372,-0.06617972554227536,0.02519146781441872,-0.016830294530154274,0.01031991744066052,0.01031991744066052,0.016129032258064502,0.016129032258064502,-0.17124631992149164,-0.1808681672025724,-0.4932821497120922,0.5684647302904564,0.27135678391959805,-0.2717258261933905,0.04468993221190076,-0.05109489051094896,0.0352941176470587,-0.376,0.0,inf,0.05511111111111111,0.0,0.03636363636363616,0.029185965357528158
36,2002-12-31,0.0033039199739752782,-0.08080463689055573,-0.002263572306531514,0.025045429406652442,0.03154905229363458,-0.07608178792201614,-0.4862104187946884,-0.4862104187946884,-0.5396825396825398,-0.5555555555555556,0.1486086441681469,0.4779195289499509,2.715909090909091,-2.341269841269841,-0.28627893845285146,0.0831932773109243,-0.011535688536409627,-0.1019230769230769,0.04166666666666674,0.04487179487179471,0.0,inf,0.03959561920808752,0.0,0.0,-0.1032612046113065
37,2003-03-31,0.028674779366317793,0.08165536244171268,0.025504665487589232,-0.0134885154925235,0.0442303088340914,0.019336813469597924,-0.31610337972166996,-0.4234592445328032,-0.31034482758620685,-0.2857142857142857,-1.3345360824742267,-0.2589641434262948,-2.80632008154944,-1.0414201183431953,0.01661392405063289,-0.10783553141970527,-1.5548261609530756,-1.5995717344753748,0.06060606060606055,-0.14723926380368102,0.0,inf,0.031604538087520284,-0.2615384615384615,0.0,0.0964526330262616
38,2003-06-30,0.026703308609871582,0.08465193749081458,0.015890384889861497,0.05055082428314717,0.07881011062073706,0.1393537218695904,-0.5058139534883721,-0.6,-0.6000000000000001,-0.6000000000000001,-1.5639445300462251,-0.12903225806451613,-0.5507900677200903,9.333333333333334,0.16887159533073934,0.002608695652173809,-0.3518843120070113,-0.2928571428571428,0.1051428571428572,-0.050359712230215736,0.10264900662251653,inf,0.077769049489395,-0.3208333333333334,0.017543859649122858,0.03247852529939177
39,2003-09-30,-0.01720168083350926,-0.0016711078993721928,-0.025898000280990985,0.04209430313847995,0.022261183721177247,0.005634337807039813,0.7,1.0258620689655171,1.0,1.0,3.6612021857923502,-1.7304526748971192,-4.061557788944723,-1.087557603686636,-0.012649800266311573,0.11621856027753695,-0.4279918864097364,-0.3535353535353536,0.029989658738366117,0.007575757575757569,0.6246246246246245,inf,0.047376093294460686,-0.4079754601226993,0.0,-0.04202344082103615
40,2003-12-31,-0.0695815152136352,-0.04008324285197251,0.02498798076923081,-0.026976876962603532,-0.4785094329816537,-0.05288007554296503,-38.062283737024224,-46.57872340425532,-46.8125,-46.8125,0.2356389214536929,-1.9014084507042253,-0.4439885104636848,-8.947368421052632,0.10182063385030338,-0.09790209790209793,-11.035460992907801,-8.671875,-0.6255020080321285,-0.12030075187969935,0.4898336414048059,inf,-0.5977731384829506,0.0,0.034482758620689724,-0.01343898573692548
41,2004-03-31,0.002874739017762584,0.026769723819398683,0.0006566681129001051,-0.00014669209329620791,0.021726131154076175,0.027185111332668654,-1.0457473625245075,-1.0407058164503782,-1.0409276944065484,-1.0395634379263299,-0.9079696394686908,0.06093750000000009,-1.399261992619926,-1.2913907284768211,-0.026927784577723383,0.07321274763135244,0.16171967020023548,0.0,0.03217158176943702,1.8547008547008548,0.0,inf,0.03633217993079585,0.0,0.05000000000000005,0.02692282978860128
42,2004-06-30,0.17537949721196397,0.2523639034242173,0.19492588035389932,0.5115170187793427,0.012680452594615588,0.11058625598550532,0.6734693877551021,0.8807339449541285,0.7333333333333334,0.7931034482758623,9.376288659793817,8.539027982326951,9.918669131238447,-33.45454545454545,0.8981132075471698,0.2303370786516854,0.0,-0.08553971486761702,0.020779220779220783,0.19161676646706585,0.0,inf,-0.13021702838063445,0.0,0.0,-0.17150544362407705
43,2004-09-30,0.014410196615962434,-0.01634657674827733,-0.00020594494405157257,0.041785974278087945,0.15796570988248892,0.0008739730816291758,-0.1585365853658537,-0.1585365853658537,-0.1923076923076924,-0.1923076923076924,0.27570789865871825,-0.8341824918943955,-1.3265617064499746,-1.2780112044817926,-0.1315440689198144,0.011741682974559577,0.0,-0.07015590200445433,0.26972010178117056,-0.0075376884422110315,0.0,inf,0.26295585412667943,0.0,-0.015873015873015928,-0.055735971603353314
44,2004-12-31,-0.057936299026059464,-0.10544749981369694,-0.09832463608898656,-0.11185129972980523,0.2845616369988355,-0.33117941553149377,-0.4855072463768117,-0.4855072463768117,-0.4761904761904762,-0.5238095238095237,-0.484423676012461,-11.817504655493483,5.6863659927423535,-1.397984886649874,0.060282334986646376,0.2669245647969052,-1.3110615431410322,-1.2622754491017965,0.4468937875751502,-0.002531645569620267,0.0,inf,0.5455927051671734,0.94300518134715,-0.08064516129032262,0.007198272414620677
45,2005-03-31,-0.03226317211061125,-0.01307897367544153,-0.038031417257734616,-0.0988722790453711,0.0020721362429578787,0.4477326138045086,2.309859154929577,2.309859154929577,2.409090909090909,2.65,-1.984138972809668,-0.9103115854708212,-0.96565358970383,-6.050632911392405,-0.2871536523929471,0.1938931297709925,0.1251629726205996,0.269406392694064,-0.0027700831024930483,-0.17512690355329952,0.01799007444168721,inf,0.036381514257620484,0.29866666666666664,0.0,0.09521162550623363
46,2005-06-30,-0.016236297315765702,-0.004178272980501441,-0.015379743972497415,-0.11862630966239818,-0.021130856219709226,0.11387001743521917,-0.2663829787234042,-0.2663829787234042,-0.2799999999999999,-0.273972602739726,-1.6024558710667691,-2.336852207293666,-2.0496613995485324,-0.7744360902255639,-0.09086320040383644,0.06180733162830342,-0.10689455388180756,0.03597122302158273,-0.033333333333333326,0.06461538461538452,-0.1882998171846435,inf,-0.014231499051233332,-0.008213552361396205,0.05263157894736836,0.12978538283062654
47,2005-09-30,0.007356969554668469,-0.0009324009324008787,-0.0113474525658106,0.06676793026020332,0.11486664906258247,-0.02439682625357586,0.3874709976798143,0.3874709976798143,0.3888888888888888,0.4150943396226414,2.845859872611465,-0.2692031586503948,-5.1161290322580655,-1.5666666666666669,0.056635202665185964,-0.04576475311120032,0.03795004865390839,0.19791666666666674,0.16235632183908044,-0.011560693641618491,-0.05105105105105101,inf,0.15591915303176118,0.14699792960662506,0.03333333333333344,-0.06340649467334103
48,2005-12-31,-0.07526610208996964,-0.03181606074746535,0.022060873605948,0.12790193772054725,-0.5713524396020844,-0.02876901798063625,-8.373745819397993,-8.373745819397993,-8.8,-8.8,-0.15965551507121567,0.0982318271119842,-0.5616509926854755,4.519607843137255,0.2958486600105097,-0.1607067732435844,-2.9053125,-2.6028985507246376,-0.7812113720642768,-0.2777777777777777,-0.2856012658227849,inf,-0.7626977518734388,0.0,0.129032258064516,-0.14163354803343842
49,2006-03-31,0.005860236509903638,0.05016868947991071,0.00330760749724357,0.015368571271749287,0.0368835474513054,-0.03827969239532891,-1.0275541444608232,-1.0214310012473071,-1.0205128205128204,-1.0205128205128204,-1.5975561687031927,-0.5500894454382826,-2.9094159713945174,-1.6909413854351687,-0.15774533657745338,-0.022055137844611442,0.5033623093324584,0.1898734177215189,0.09604519774011287,3.4615384615384612,0.0,inf,0.09122807017543844,0.0,0.02857142857142869,0.03424602857827108
50,2006-06-30,0.032659538924156406,0.09667056074766343,0.022306559419961403,0.22249851343315846,0.15440980548894226,0.15234259314102938,0.7530864197530864,0.968253968253968,1.0833333333333337,1.0,-1.3687335092348285,0.32007952286282304,-0.7147315855181025,-1.9511568123393317,0.1781415503129513,-0.12403895438236813,0.0,0.07598784194528885,0.3917525773195878,-0.20054446460980024,0.0,inf,0.347266881028939,0.0,0.013888888888888841,-0.10288669342389622
51,2006-09-30,-0.0019008331311169968,-0.0004945786570287325,-0.0048426955085938425,0.0069865133760778075,0.02873629544143097,-0.017373425854536162,-0.8028169014084507,-0.9193548387096774,-0.92,-0.9166666666666666,-0.8157423971377459,-1.8765060240963856,-2.5951859956236323,-1.0648648648648649,-0.00980792807519415,-0.1234640140433001,0.0,0.1723163841807911,0.05925925925925912,-0.3700340522133939,0.0,inf,0.062052505966587075,0.0,0.027397260273972712,-0.007485158736987184
52,2006-12-31,-0.05580655618136876,-0.07403319123020702,-0.0018039687312086934,0.038817898388442414,-0.5998429436840924,-0.01841293089919971,-13.238095238095234,-37.03333333333333,-36.0,-36.0,21.883495145631066,-3.0515463917525767,0.9478737997256516,7.166666666666666,-0.08089145687164667,0.15287049399198915,0.0,-0.9662650602409638,-1.2167832167832169,0.08828828828828827,0.0,inf,0.0,0.0,0.026666666666666616,-0.10861650485436893
53,2007-03-31,0.02990118767903693,0.11164549677313262,0.016287371709058363,-0.083992053092108,0.3720213064199607,-0.0022382094324540076,-1.517509727626459,-1.4421831637372802,-1.4428571428571428,-1.4285714285714286,-1.1871022486211285,-0.6139028475711893,-2.1070422535211266,-4.622448979591837,0.3188145487202514,0.29299363057324834,0.0,-1.0357142857142858,-1.3870967741935485,0.0,0.0,inf,-0.9146067415730336,0.0,0.025974025974025983,0.2135563551492756
54,2007-06-30,0.024418192803716817,0.049180934067965865,-0.004226125137211878,0.09898477157360408,0.5576215774417654,0.06660257437376482,1.81390977443609,2.018828451882845,2.032258064516129,1.9666666666666668,-5.079365079365079,0.7700650759219091,-1.30852417302799,-0.2295774647887324,0.18624446714334364,0.3640841916703987,0.0,111.0,7.291666666666666,20.013245033112586,0.0,inf,7.2894736842105265,-0.7942238267148014,0.0,-0.04527606378716242
55,2007-09-30,0.050916227704447925,0.3555492898177845,-0.09066857741277624,0.553936594583246,1.7357995539813718,-0.03435152729093638,6.725450901803608,6.977130977130978,6.914893617021277,6.707865168539327,0.9232907170650362,-22.175245098039216,17.272164948453607,20.873857404021933,3.4342709529276685,0.23604727511490475,0.0,10.482142857142854,4.236180904522613,-0.8509297195083517,7.1749723145071975,inf,4.015873015873016,13.114035087719294,0.0,-0.1276649320127582
56,2007-12-31,-0.0977212250229813,-0.2993941915186813,-0.1347799733301006,-0.31648066581997997,0.048861184368256934,-0.08265919933623732,-1.016255944660614,-1.0209364955260185,-1.0094086021505375,-1.010204081632653,-0.5531791907514451,-1.090167255049482,0.3429248476641842,-1.9671541997492688,-0.7490452456469674,0.19229747675962816,0.0,0.06687402799377917,0.05758157389635321,-0.7721987315010571,-0.9172311026821999,inf,0.17784810126582262,0.08328154133001875,-0.02531645569620256,0.025016838256518792
57,2008-03-31,0.06786350084722126,0.1559415126549395,0.04503166507874234,0.059695592014232135,0.1423607936362805,0.10825325042396837,-10.473404255319151,-8.165975103734441,-16.857142857142858,-15.857142857142856,-0.8661060802069858,-0.5057766367137355,-1.1171330140324345,-1.082353957829243,0.2458086149084344,0.08353753619959893,0.0,0.0830903790087465,0.11343012704174238,0.023201856148491903,-0.0016366612111293757,inf,0.10424502955400317,0.08204245553643141,0.012987012987013102,0.09077255233267634
58,2008-06-30,0.007994054672906481,-9.631437010404477e-05,-0.034845681495186735,-0.08961014736056705,0.1358652153033455,0.12756949757714864,0.2987085906793936,0.3393167342211929,0.26126126126126104,0.29807692307692313,9.140096618357488,0.06363636363636371,-2.808464849354376,-2.227701993704092,-0.2422360248447205,0.04954769736842102,-1.8565350207287803,0.05047106325706574,0.1646291768541157,-0.056689342403628114,-0.040983606557377095,inf,0.15669099756690996,0.03181336161187698,0.012820512820512777,0.0983648881239243
59,2008-09-30,-0.07966523861711672,-0.08906726601380642,-0.072513092641727,-0.02421833381141658,-0.0978050241341648,-0.0913779064507374,-0.6601815823605707,-0.6601815823605707,-0.6642857142857143,-0.6592592592592592,0.4492615531205335,0.2661782661782661,-0.4886949623165411,-1.3803418803418803,0.12158469945355188,-0.29226248775710084,-0.7177429626799134,-0.6880204996796925,-0.11686494051784467,-0.3918269230769231,-0.32649572649572645,inf,-0.03996634413125788,-0.7034943473792394,0.03797468354430378,-0.0664420590770195
60,2008-12-31,-0.1364994478965943,-0.1383102463783441,0.038821573531834686,-0.15870149504451536,-0.5936267426875463,-0.1511500547645126,-3.9223918575063617,-3.9223918575063617,-3.8936170212765964,-3.956521739130435,-0.4319526627218935,0.10511089681774344,-0.4251357641582623,-1.6966292134831462,-0.07551766138855054,-0.3808469415997786,-0.398014440433213,-0.42915811088295697,-0.5063391442155308,-0.30039525691699603,1.0431472081218276,inf,-0.4281332164767747,-0.44367417677642973,0.03658536585365857,0.024171212757028826
61,2009-03-31,-0.028195323763555488,-0.011371538430073214,-0.09814155336726303,-0.08296311086706931,0.20718816067653267,-0.10909090909090913,-1.196343056160209,-1.196343056160209,-1.1985294117647058,-1.1985294117647058,-1.1649305555555556,-0.6082024432809774,-1.8785425101214572,-0.4451612903225807,-0.0453227931488801,-0.16674117121144394,-0.4467766116941528,-0.4856115107913669,0.1974317817014446,0.6892655367231639,0.5540372670807452,inf,0.2421455938697317,-0.4766355140186915,0.0,0.07809555027452286
62,2009-06-30,0.11128025181897927,0.20708345401133688,0.10846975316536643,0.06575581078874304,0.15284190415538926,0.18959842001316665,2.3104212860310422,2.3104212860310422,2.2962962962962963,2.2592592592592595,-8.428070175438597,0.6347438752783965,1.4608294930875574,-19.30813953488372,0.8691691967982336,0.2113733905579398,-0.5989159891598916,-0.6363636363636365,0.15281501340482562,0.013377926421404451,1.506794564348521,inf,0.03701418877236273,-0.6309523809523809,-0.0117647058823529,0.13263910003040436
63,2009-09-30,0.05869378468110796,0.11246315212175227,0.02682550442043929,0.07232238623014453,0.21336831929291544,0.03741007194244594,-0.15137307434695246,-0.15137307434695246,-0.1573033707865169,-0.15909090909090906,0.8715162966461973,0.019073569482288773,-1.0374531835205991,0.07939028262940617,0.5019196692262256,0.4317980513728965,1.243243243243243,1.0961538461538465,0.21279069767441872,0.24092409240924084,3.1237244897959187,inf,0.14634146341463428,1.1290322580645158,-0.011904761904761862,0.037380041607945724
64,2009-12-31,-0.04302725936972307,-0.1382837775381297,-0.01807660435130698,-0.031055013098356787,-0.12463009333029818,-0.0046409900778833215,-2.2573007103393845,-2.2573007103393845,-2.253333333333333,-2.27027027027027,-0.4432104997476022,2.0066844919786098,16.516666666666666,-1.6042953809944105,-0.20194671123783306,0.07330652644602552,0.625,0.7339449541284404,-0.12559923298178333,-0.1143617021276595,-0.4937364676770801,inf,-0.0856253243383498,0.7348484848484849,0.0,-0.11062233147884593
65,2010-03-31,-0.04075669729816445,-0.09296671076626027,-0.0437562580460592,-0.06670599223320063,-0.039786763749837466,-0.15188380942172675,-1.5354676710608914,-1.5354676710608914,-1.5425531914893618,-1.5319148936170213,-0.8889392565729828,-0.4570920409070698,0.8011417697431018,0.41333982473222974,-0.3576444499199212,-0.11066282420749284,0.2038924930491195,0.22751322751322745,-0.01864035087719296,0.01501501501501501,-0.5038949137009318,inf,0.0011350737797957144,0.23580786026200865,-0.012048192771084376,-0.02814954902531275
66,2010-06-30,-0.0016125757014704425,0.07541293806914484,-0.010560799389687459,0.01074475929632368,0.04150304671631688,0.08113744075829388,0.6541617819460728,0.64947245017585,0.6862745098039216,0.7,5.126530612244899,0.14332514332514326,-1.8827258320126783,-1.5542542197726492,0.3085922516302264,0.04180168502916404,-0.0561970746728252,-0.03448275862068961,0.0513966480446928,0.06213017751479288,-0.1610221674876846,inf,0.043083900226757336,-0.028268551236749095,-0.012195121951219412,0.06399221615148565
67,2010-09-30,0.18245555263094929,0.08709677419354844,0.16820621362158894,0.12344971339239195,0.25996229604108434,0.0177099772049798,-0.017009213323883717,-0.017057569296375252,-0.011627906976744208,-0.0117647058823529,0.5349766822118587,5.325214899713467,2.8928785158587678,-0.8887507768800498,0.026234794078850987,-0.13530326594090192,0.030179445350734024,0.0401785714285714,0.25823591923485645,-0.17827298050139273,-0.11302752293577978,inf,0.06576086956521743,0.08000000000000007,-0.03703703703703709,-0.032357906584130625
68,2010-12-31,-0.013072689007608829,-0.0767466954410575,0.00011647319175378536,-0.03566955795723359,-0.06356413166855845,-0.0820124052377671,-3.9711607786589758,-3.979754157628344,-3.9764705882352938,-4.011904761904762,-0.1883680555555556,-0.8082672706681766,-1.1249807840122985,-4.3798882681564235,-0.08597543558983145,0.024820143884892062,-1.2232779097387174,-1.223175965665236,-0.06334459459459463,-0.18305084745762712,-0.05709557302441048,inf,-0.05099439061703215,0.0,-0.06410256410256421,-0.04259959290491422
69,2011-03-31,0.022759893377076068,0.017165814463111717,0.008669772256728825,-0.0009620009620009418,0.09090909090909084,0.07545045045045051,-1.1747148750303325,-1.1747148750303325,-1.173913043478261,-1.173913043478261,-1.4545454545454546,-0.6042528056704075,-0.20049200492004915,2.471074380165289,-0.328125,0.06984906984906991,0.1914893617021276,0.23076923076923084,0.08836789900811537,0.1410788381742738,0.0,inf,0.06663084363245586,0.0,-0.0273972602739726,0.01814730447987856
70,2011-06-30,0.016840417000801855,-0.012208258527827698,0.007568954457985998,0.05536831969186329,0.07727272727272738,0.13961605584642234,0.013888888888888841,0.013888888888888841,0.0,-0.02272727272727271,-3.1058823529411765,2.4776119402985075,0.8923076923076922,-0.19047619047619047,-0.3953488372093024,-0.05019685039370081,0.949404761904762,1.015625,0.07622203811101902,-0.12727272727272732,0.0,inf,0.059445843828715324,0.0,0.0,-0.06406145126407647
71,2011-09-30,-0.05835962145110408,-0.040712468193384255,-0.05042016806722693,-0.03604014598540151,-0.09048288795124236,-0.0495150587034201,0.5890410958904109,0.5890410958904109,0.6136363636363635,0.627906976744186,0.03910614525139655,-0.7811158798283262,0.04065040650406515,-0.976470588235294,-0.015384615384615332,-0.2715025906735751,0.17251908396946547,0.18604651162790686,-0.09083910700538878,-0.325,0.0,inf,-0.03423680456490718,0.0,0.014084507042253502,-0.004860557768924245
72,2011-12-31,-0.06553601340033499,0.02084122773777941,0.06382408152319652,0.06247042120208235,-0.5675257731958763,-0.02363050483351237,-7.646551724137932,-7.646551724137932,-7.605633802816903,-7.700000000000001,0.19892473118279572,0.4705882352941178,-0.9453125,-37.0,0.5625,-0.1721194879089616,2.854166666666667,2.4575163398692808,-0.5681625740897545,-0.0864197530864198,0.0,inf,-0.5371738060068931,0.0,0.05555555555555558,-0.039154455921210585
73,2012-03-31,0.026327582343715017,0.06347438752783963,-0.008570708343836664,-0.05746102449888646,0.3480333730631704,-0.043454345434543414,-1.1569390402075226,-1.1569390402075226,-1.1556503198294243,-1.1535181236673773,-1.4260089686098656,-0.10666666666666667,-7.428571428571429,-1.7013888888888888,-0.25249999999999995,0.2903780068728523,0.030743243243243287,-0.07750472589792058,0.3450980392156864,1.9864864864864864,0.0,inf,0.3138297872340425,0.0,0.02631578947368429,0.1283333333333334
74,2012-06-30,-0.03569479314485313,-0.006282722513089034,-0.03508771929824561,-0.000945179584120992,-0.02564102564102566,0.015526164462334568,0.09917355371900816,0.09917355371900816,0.1095890410958904,0.11111111111111116,-2.042105263157895,-0.5074626865671642,-1.4,-1.3663366336633662,0.12374581939799326,-0.05326231691078576,0.04883644706653567,-0.09836065573770504,-0.02623906705539369,-0.2963800904977376,0.0,inf,0.009716599190283448,0.0,0.012820512820512777,-0.005391432791728268
75,2012-09-30,0.00418836314240445,-0.020723568668774117,-0.020421607378129147,-0.03595080416272467,0.16696914700544466,-0.010758776896942268,-0.32330827067669177,-0.32330827067669177,-0.33333333333333337,-0.325,1.2525252525252526,-0.24242424242424246,10.444444444444443,-1.0,0.0,-0.12986404125644635,0.22468750000000012,0.08409090909090923,0.17065868263473072,-0.1061093247588425,0.0,inf,0.16279069767441845,0.0,0.0,0.015816440187124137
76,2012-12-31,-0.030774433547514413,-0.05021520803443325,0.01452589105581703,0.06084396467124643,-0.31493001555209954,0.0005724098454493731,-2.7777777777777777,-2.7777777777777777,-2.7777777777777777,-2.7777777777777777,0.5605381165919283,2.84,-0.2233009708737864,inf,0.2827380952380953,0.07596982758620685,-1.4268946159734626,-1.4360587002096437,-0.3132992327365729,-0.08273381294964033,0.0,inf,-0.2931034482758621,-0.11447811447811453,0.0,-0.10467836257309936
77,2013-03-31,-0.009420795533845115,0.013217522658610205,-0.023995757656104955,-0.10777058279370956,0.11237230419977308,-0.06121281464530892,-1.43125,-1.43125,-1.4375,-1.4375,-1.3908045977011494,-0.02083333333333337,-1.99375,-1.7578947368421054,-0.16705336426914152,0.2388582874311467,-0.2570233114166169,-0.2692307692307692,0.10986964618249527,0.8078431372549022,-0.01316366827555948,inf,0.1229268292682928,-0.2737642585551331,0.0,0.13561397779229245
78,2013-06-30,-0.012563109075965695,0.0037271710771524798,-0.019831567508829084,0.09849663037843448,0.055102040816326525,0.08531383302864115,0.9130434782608696,0.9130434782608696,0.9047619047619048,0.8809523809523812,-2.125,-0.276595744680851,-2.182389937106918,0.5277777777777777,-0.30640668523676884,0.07437348423605505,0.008045052292839916,0.0,0.05536912751677847,-0.032537960954446936,0.4771009337483327,inf,0.06776715899218066,-0.010471204188481577,0.012658227848101332,-0.08627507369329224
79,2013-09-30,0.00737217598097506,-0.007797994801336805,-0.016768292682926792,-0.015101462954223653,0.17021276595744686,0.0016844469399213136,-0.015151515151515138,-0.015151515151515138,-0.012499999999999956,-0.012658227848101222,0.4705882352941178,0.27941176470588225,-0.10106382978723404,-0.7272727272727273,-0.12048192771084346,0.10985703536493617,0.3296089385474861,0.32236842105263164,0.16534181240063586,0.05156950672645744,0.12402167369054795,inf,0.1619202603742882,0.3015873015873016,0.024999999999999908,0.0073963333071052064
80,2013-12-31,-0.006255901794145369,-0.045658682634730496,-0.039323467230444,0.08001916626736949,0.20330578512396705,-0.01289237668161436,-2.1307692307692307,-2.1307692307692307,-2.1392405063291138,-2.1538461538461537,0.9555555555555556,0.7586206896551724,-0.27218934911242604,-6.466666666666668,0.7488584474885844,0.09491525423728796,-0.055822328931572684,0.08457711442786063,0.2060027285129604,-0.05970149253731349,-0.1601499732190681,inf,0.2107843137254901,0.07317073170731714,0.0,-0.11637897367804415
81,2014-03-31,0.008195747713505064,0.010588235294117563,-0.01291079812206575,-0.07630878438331856,0.20879120879120872,-0.06927881885292453,-1.6870748299319729,-1.6870748299319729,-1.6777777777777776,-1.6777777777777776,-1.4613636363636364,-0.3790849673202614,-1.9918699186991868,-2.109756097560976,-0.4751958224543082,0.02786377708978338,0.005721551176096629,0.17431192660550465,0.2058823529411764,-0.14739229024943326,-0.02869897959183665,inf,0.19953730480046272,0.1742424242424243,0.0,0.0941394855476001
82,2014-06-30,0.012134778510838771,0.02755141637563052,-0.00876932223543403,0.3631123919308357,0.09204545454545454,0.0964002440512508,0.1287128712871286,0.1287128712871286,0.13114754098360648,0.11475409836065588,-1.8374384236453205,-0.12631578947368416,-1.786885245901639,-0.9615384615384616,-0.03482587064676612,-0.0075301204819276935,-0.21112515802781293,-0.08984375,0.09380863039399624,-0.17819148936170215,-0.15495732107682214,inf,0.07859209257473476,-0.08387096774193548,0.0,-0.24616254645338495
83,2014-09-30,-0.05040158305203124,-0.04720543806646527,-0.05008247113510267,-0.017618040873854882,-0.05150884495317376,-0.028937117417918712,-0.4736842105263158,-0.4736842105263158,-0.463768115942029,-0.4558823529411765,0.2941176470588236,0.07228915662650602,-0.42708333333333337,-11.0,0.3608247422680413,-0.07132018209408197,-0.41025641025641024,-0.3476394849785408,-0.052315608919382466,-0.15210355987055013,0.015928515928515852,inf,-0.0008940545373268274,-0.3521126760563381,0.012195121951219523,-0.030221841174579375
84,2014-12-31,-0.036773719048786464,-0.06024573919936582,0.03914759273875301,-0.16499282639885227,-0.3647833241908941,-0.08137535816618913,-4.333333333333334,-4.333333333333334,-4.27027027027027,-4.27027027027027,1.2181818181818185,1.1123595505617976,-0.2545454545454545,2.5428571428571427,0.9393939393939394,-0.16960784313725494,-0.3885869565217392,-0.4013157894736842,-0.3619909502262444,-0.12213740458015275,0.278393881453155,inf,-0.3404921700223713,-0.3967391304347826,-0.012048192771084376,0.12553873356171952
85,2015-03-31,-0.06770170526851615,-0.07254323070434421,-0.04329333130791435,-0.09106529209621994,-0.21848013816925735,-0.11353711790393015,-1.355,-1.355,-1.3636363636363638,-1.3636363636363638,-1.569672131147541,-0.16489361702127658,-6.048780487804878,-2.028225806451613,-0.498046875,-0.0192837465564738,-0.3111111111111111,-0.3846153846153847,-0.20425531914893613,0.5347826086956522,0.6565958719712834,inf,-0.16214382632293078,-0.3783783783783784,0.0,0.020324005891016128
86,2015-06-30,0.03985803985803993,0.08458390177353348,0.03572562718323269,0.010869565217391351,0.08618784530386736,0.08585503166783948,-0.4366197183098591,-0.4366197183098591,-0.43181818181818177,-0.43181818181818177,-1.5971223021582732,-0.3821656050955414,-0.7826086956521741,-1.4745098039215687,0.4708171206225682,-0.018459069020866803,-1.7677419354838708,-1.6607142857142856,0.089126559714795,0.2351274787535413,0.5774647887323943,inf,0.04453441295546568,0.0,0.0,0.07294072363356441
87,2015-09-30,0.2541349435547389,0.04318658280922438,0.3300628545147939,-0.10051425899953248,-0.2187182095625636,0.014906027219701912,-0.575,-0.575,-0.6,-0.6,0.29518072289156616,23.57731958762887,45.0,-1.8925619834710743,-0.2857142857142857,-0.13409648405560104,2.1722689075630246,1.4054054054054053,-0.21931260229132574,-0.20412844036697253,0.0,inf,-0.3767441860465116,0.0,-0.07317073170731703,0.1597309417040358
88,2015-12-31,-0.013920870839438935,-0.06189710610932475,0.01970954356846466,0.10291060291060283,-0.3932291666666666,0.03831417624521083,-12.882352941176471,-12.882352941176471,-13.6,-13.6,1.3488372093023258,-0.9538590604026844,-1.1280193236714977,-2.1944444444444446,0.4777777777777778,-0.037771482530689404,0.2556291390728476,-0.022471910112359602,-0.3941299790356393,0.2305475504322765,0.0,inf,-0.3843283582089552,0.0,-0.039473684210526334,-0.14940839842239562
89,2016-03-31,0.028340940452181274,0.06083976006855174,0.04803888323725558,-0.11121583411875592,-0.3583690987124464,-0.02337023370233704,-1.3316831683168318,-1.3316831683168318,-1.3253968253968254,-1.3253968253968254,-1.5980198019801983,0.209090909090909,-2.041509433962264,-2.24031007751938,-0.40100250626566414,-0.28557409224730124,0.3080168776371308,-0.011494252873563204,-0.3598615916955017,0.1803278688524592,0.0,inf,-0.3757575757575757,0.0,-0.041095890410958964,0.19356305118647146
90,2016-06-30,-0.002167630057803516,0.039579967689822304,-0.006794650560828286,0.05779427359490996,0.16722408026755864,0.10831234256926958,0.5671641791044777,0.5671641791044777,0.5853658536585367,0.5609756097560976,-1.6357615894039736,-0.5714285714285714,-1.1376811594202898,-1.59375,0.397489539748954,0.2239010989010988,-0.7774193548387097,-0.8372093023255813,0.16216216216216206,0.9107142857142858,0.0,inf,0.16828478964401294,0.0,-0.02857142857142847,-0.017215112736136514
91,2016-09-30,-0.01758560049653457,-0.05128205128205132,-0.02464979910956677,0.01904761904761898,0.14899713467048706,-0.027272727272727226,0.02857142857142847,0.02857142857142847,0.015384615384615332,0.03125,0.71875,0.6140350877192982,6.289473684210527,-1.4210526315789471,-0.11976047904191613,0.007856341189674598,-8.460144927536232,-6.857142857142858,0.1488372093023258,-0.13291796469366568,0.0,inf,0.1689750692520775,0.6956521739130435,0.02941176470588225,-0.0689815532475585
92,2016-12-31,-0.038117300200063216,-0.07698607698607696,-0.023380093520374068,0.013280865715691093,-0.3665835411471322,-0.04088785046728971,-1.6574074074074074,-1.6574074074074074,-1.6515151515151514,-1.6515151515151514,0.6090909090909091,0.4673913043478262,-0.3176895306859205,-5.95,0.6734693877551021,0.015033407572383028,2.116075764934434,1.6829268292682924,-0.368421052631579,-0.11616766467065864,-0.53628663003663,inf,-0.3412322274881517,1.6666666666666663,0.014285714285714237,-0.08907758907758911
93,2017-03-31,0.035467980295566415,0.07320319432120681,0.008093935248518092,-0.09757281553398056,0.968503937007874,-0.016443361753958552,-1.6901408450704225,-1.6901408450704225,-1.6976744186046508,-1.6976744186046508,-1.6346516007532956,-0.15555555555555556,-2.35978835978836,-1.9090909090909087,-0.36585365853658536,0.05320899616017538,-0.2082294264339152,-0.08181818181818179,0.9679487179487178,0.6680216802168022,-0.629721056529252,inf,0.9028776978417268,-0.08974358974358965,0.0,0.1891793090842624
94,2017-06-30,0.033935934031081416,0.05580818520049613,0.017867239624561826,0.08391608391608396,0.3400000000000001,0.08421052631578951,1.8571428571428568,1.8571428571428568,1.8666666666666667,1.8333333333333333,-1.5370919881305638,-0.20175438596491224,-1.2801556420233462,-1.1277777777777778,0.07371794871794868,0.140625,-0.025000000000000026,0.18316831683168333,0.3387622149837135,-0.42079610073111295,0.248,inf,0.2948960302457466,0.18309859154929556,0.0,-0.025899169996925764
95,2017-09-30,0.0223926380368098,0.04424432263116685,0.006554827241417538,0.08039702233250612,0.2268656716417909,0.022844089091947458,-0.09999999999999998,-0.09999999999999998,-0.10465116279069764,-0.10588235294117644,0.06629834254143653,-1.0549450549450552,1.7638888888888888,-0.8260869565217391,0.011940298507462588,0.10502283105022836,-0.12255198869372108,0.06276150627615062,0.2262773722627736,-0.17391304347826084,-0.06303418803418802,inf,0.19999999999999973,0.06845238095238115,0.0,-0.033451676528599594
96,2017-12-31,-0.024302430243024253,-0.09261342332208478,-0.02549668874172184,0.04731281580156188,-0.01703163017031628,-0.04410943606923512,-2.071428571428571,-2.071428571428571,-2.0649350649350646,-2.0789473684210527,2.5440414507772022,-31.2,0.8994974874371859,37.25,0.4513274336283186,-0.017768595041322333,-0.4084215370455592,-0.2716535433070866,-0.017857142857142794,-0.19864176570458406,-0.08437856328392246,inf,0.007299270072992803,-0.2701949860724234,-0.014084507042253502,-0.1336217451636602
97,2018-03-31,0.053813038130381415,0.14380165289256208,0.03771661569826712,-0.08859649122807023,0.3849009900990099,0.014018691588784993,-1.725925925925926,-1.725925925925926,-1.7317073170731707,-1.7195121951219512,-1.5409356725146202,0.0596026490066226,-2.171957671957672,-1.4836601307189543,-0.15040650406504066,-0.07404291123264606,0.04200700116686118,0.2432432432432432,0.3979797979797979,-0.057203389830508426,0.2571606475716066,inf,0.31400966183574863,0.25190839694656497,0.0,0.2550405125306201
98,2018-06-30,-0.04503452971500832,-0.05202312138728327,-0.02652259332023577,0.04427333974975944,-0.19660411081322604,0.02073732718894017,-0.4897959183673469,-0.4897959183673469,-0.4833333333333333,-0.4745762711864406,-1.5918918918918918,-0.20625000000000004,-1.27313769751693,-0.28378378378378377,-0.1267942583732058,-0.12812358019082234,-0.43113101903695417,-0.3913043478260869,-0.1835260115606936,-0.3775280898876404,-0.3110450718177316,inf,-0.15808823529411764,-0.39634146341463417,0.0,-0.09226034081525414
99,2018-09-30,0.012426156039926584,0.015243902439024291,-0.005157528870949668,-0.06958525345622124,0.1868743047830923,-0.02144469525959369,1.4,1.4,1.4193548387096775,1.4193548387096775,0.13698630136986312,0.055118110236220375,-0.6942148760330579,-2.4150943396226414,0.20547945205479445,-0.04846274101094317,-0.1030183727034122,-0.042857142857142816,0.1893805309734513,0.1660649819494584,0.5629043853342917,inf,0.1713973799126638,-0.03535353535353547,0.0,0.09121733377439624
100,2018-12-31,-0.024245472837022164,-0.11524024024024028,-0.008339907584807849,0.09311540366518067,-0.2633552014995314,-0.057093425605536326,-1.0916666666666666,-1.0916666666666666,-1.0933333333333333,-1.0933333333333333,1.783132530120482,1.0671641791044777,8.135135135135135,-0.040000000000000036,0.16363636363636358,-0.03669222343921152,0.9429407461594734,0.9328358208955224,-0.23809523809523805,-0.18885448916408665,-0.025298988040478254,inf,-0.2451071761416589,0.9581151832460736,-0.014285714285714348,-0.19060250094732845
101,2019-03-31,0.04670584596350147,0.09418752651675866,0.03898170246618937,-0.15722700498414133,0.2849872773536897,0.0018348623853210453,-8.181818181818182,-8.181818181818182,-8.285714285714285,-8.285714285714285,-1.8585858585858583,-0.5126353790613718,-2.5976331360946743,-3.583333333333333,-0.36328125,0.06878908470722013,-0.04706325301204828,-0.07335907335907332,0.271484375,0.4007633587786259,-0.4384143463898065,inf,0.2283950617283952,-0.06149732620320869,-0.014492753623188246,0.2983146067415729
102,2019-06-30,0.05624507486209618,0.14113997673516865,0.05370816014001312,0.0370967741935484,0.07920792079207928,0.072039072039072,-0.17721518987341767,-0.17721518987341767,-0.17647058823529416,-0.17647058823529416,-0.8857142857142857,1.0370370370370372,-0.2851851851851852,-1.2419354838709675,0.13803680981595098,-0.043617021276595724,0.011457921770051449,0.04166666666666674,0.0768049155145929,-0.2479564032697548,0.007563025210084006,1.0,0.022110552763819014,0.06552706552706566,-0.014705882352941237,0.1003173229482186
