,Quarter end,Assets,Current Assets,Liabilities,Current Liabilities,Shareholders equity,Revenue,Earnings,Earnings available for common stockholders,EPS basic,EPS diluted,Cash from operating activities,Cash from investing activities,Cash from financing activities,Cash change during period,Cash at end of period,Price,ROE,ROA,Book value of equity per share,P/B ratio,P/E ratio,Cumulative dividends per share,Equity to assets ratio,Net margin,Asset turnover,Current ratio
0,1994-01-02,0.02287082189011547,0.01260282556500103,0.04843903305082376,0.07386291111772958,0.01028950202267942,0.12933040222734293,0.4319380813549909,0.4319380813549909,0.4390243902439024,-0.6936980947728383,-0.6092666351001309,-2.65237994730141,4.365934959349594,-2.359799204376414,1.203291897943001,0.08403361344537807,0.09067188519243308,-0.03926701570680624,0.010340370529943854,-0.11151079136690634,-0.03482880755608031,inf,-0.012235153685467015,0.0608943862987632,0.02083333333333326,-0.05703186345414735
1,1994-04-03,0.02287082189011547,0.01260282556500103,0.04843903305082376,0.07386291111772958,0.01028950202267942,0.12933040222734293,0.4319380813549909,0.4319380813549909,0.4390243902439024,-0.6936980947728383,-0.6092666351001309,-2.65237994730141,4.365934959349594,-2.359799204376414,1.203291897943001,0.08403361344537807,0.09067188519243308,-0.03926701570680624,0.010340370529943854,-0.11151079136690634,-0.03482880755608031,inf,-0.012235153685467015,0.0608943862987632,0.02083333333333326,-0.05703186345414735
2,1994-07-03,-0.009710100915153673,-0.4692055353314664,-0.010402777876806546,-0.024921748088276074,-0.009356385535149949,0.12933040222734293,0.4319380813549909,0.4319380813549909,0.4390243902439024,-0.6936980947728383,-0.6092666351001309,-2.65237994730141,4.365934959349594,-2.359799204376414,-0.7426321346631701,-0.1027131782945736,0.09067188519243308,-0.03926701570680624,0.009914712153518137,-0.11151079136690634,-0.03482880755608031,1.0,0.00030211480362529736,0.0608943862987632,0.02083333333333326,-0.4556251917429986
3,1994-10-02,0.03461034610954572,0.11049679391855728,0.059277552020289274,0.07141590632041672,0.022027346510108625,-0.01231926840294162,0.1501563371064305,0.1501563371064305,0.16666666666666652,-0.6936980947728383,1.6341732900880348,-0.8939222876921176,-0.8115483098740928,-1.1273010397884788,0.3673257451905776,0.012958963282937441,0.09067188519243308,-0.03926701570680624,0.02354058904254175,0.004048582995951343,-0.03482880755608031,0.5,-0.012231954092419171,0.0608943862987632,0.02083333333333326,0.036470493519040525
4,1995-01-01,-0.0020648337811746127,0.006668648514016161,-0.030849701654715237,-0.058508565971252535,0.01315380175527858,0.12770305082710975,0.09902638455702606,0.09902638455702606,0.09200968523002427,-0.6936980947728383,-0.30281299470956746,-0.17658483530142946,2.7017205338478854,-1.4398320503848845,-0.11815884856597135,0.027718550106609733,0.09067188519243308,-0.03926701570680624,0.042491749174917486,0.0040322580645162365,-0.03482880755608031,0.3333333333333335,0.015288182235132288,0.0608943862987632,0.02083333333333326,0.06920925897157049
5,1995-04-02,-0.003468154270102275,0.012911069785755512,0.04904418924965137,0.2536684329831218,-0.030025742435441982,-0.10941592645574816,-0.15825199900289544,-0.15825199900289544,-0.13303769401330368,-0.6936980947728383,0.3533099151900945,0.5300028304557034,0.5633334781286652,1.2070896709730796,-0.2957303294135705,0.029045643153526868,0.09067188519243308,-0.03926701570680624,-0.023545706371191133,-0.016064257028112428,-0.03482880755608031,0.26190476190476186,-0.02665261255834972,0.0608943862987632,0.02083333333333326,-0.19208136578278234
6,1995-07-02,0.0160155365252046,-0.08147725959467557,-0.006461087128504239,-0.03609245698027996,0.028309498891222695,0.08826525148735788,0.17349309763542764,0.17349309763542764,0.1892583120204605,-0.6936980947728383,-0.3130700395801067,-0.7564517620941633,-0.5515219716861863,-1.2226355247981546,0.09348702611727956,0.060483870967741986,0.04665071770334928,-0.03926701570680624,0.03505572441742655,0.08571428571428563,-0.03482880755608031,0.20754716981132093,0.012066831683168466,0.03497757847533633,0.010204081632652963,-0.04702814495099361
7,1995-10-01,0.03245686280786808,0.10423463945943934,0.07743458176773999,0.0730422713622052,0.008687405530581227,-0.04365048490368284,-0.1887059828396164,-0.1887059828396164,-0.1849462365591399,-0.6936980947728383,0.5009289993945847,3.2833270034181545,-0.3151699141910101,1.0664421707032767,0.17666925035987147,0.08935361216730042,-0.0337142857142857,-0.03926701570680624,0.008516053249804312,0.05263157894736836,0.018960244648317914,0.171875,-0.02292876796086829,-0.038994800693240905,0.0,0.02906208718626146
8,1995-12-31,-0.023077209289739442,0.052845560035529086,-0.14270290708756886,-0.1296647744923607,0.044450285145783315,0.10783429324821324,0.2655468619146748,0.2655468619146748,0.2532981530343008,-0.6936980947728383,-0.20817569823077772,-0.8761896317313944,-0.4524811145790926,1.5469131933563145,0.3824024843551499,0.03315881326352521,-0.00827912477823778,-0.0018165304268846765,0.04532660390177612,0.02500000000000013,0.054021608643457286,0.14666666666666672,0.0691489361702129,-0.002705139765554532,0.0,0.20970108197322568
9,1996-03-31,0.011797035362252515,-0.1889514720712301,0.02358166465885048,-0.02552429285767599,0.006336746033622553,-0.10014579306025027,-0.30154468624151554,-0.3053638615265357,-0.2968421052631579,-0.6936980947728383,0.2994080345693759,20.557889711148245,3.677709847984137,-2.7952308298060835,-0.49659975085261504,-0.023648648648648685,-0.05843768634466296,-0.04458598726114649,0.007799442896935905,-0.0662020905923345,-0.0375854214123007,0.13372093023255816,-0.005414105940883872,-0.04611211573236895,0.0,-0.16774046843022816
10,1996-06-30,0.018440846477800088,0.1550759974283391,-0.039602726359796885,-0.07936772212806054,0.045795614361907384,0.13497464109894164,0.7112771371338855,0.7206859009254218,0.7245508982035929,-0.6936980947728383,-0.3716305729039933,-1.0144840874360508,-0.6454017202705806,-1.3798988362051239,0.3747667342799188,0.03979238754325265,0.03673210892970236,0.053333333333333455,0.048185000921319165,0.033582089552238736,0.07573964497041419,0.11794871794871795,0.026776519052523096,0.041706161137440745,0.02020202020202011,0.2546448087431694
11,1996-09-29,0.03901114932274674,0.01853845265225118,0.08107366524158954,0.1382687828238256,0.020806670716041253,-0.026490318323703854,-0.12380967445980573,-0.13137081211047485,-0.13194444444444442,-0.6936980947728383,1.0762859540046898,-62.60321100917431,-0.17373113512975047,-1.0235981814245507,-0.006432955618507985,0.08153078202995001,0.03726328649969446,0.05786618444846293,0.023028917992441004,0.032490974729241895,0.01320132013201336,0.10550458715596324,-0.017481014471987355,0.04276615104640569,0.00990099009900991,-0.10518292682926833
12,1996-12-29,0.008128473101820077,-0.01369781798966352,-0.06089354433766181,-0.10507651634551828,0.039764536469493406,0.09411156441304636,0.17827805961257234,0.18853459108043635,0.18399999999999994,-0.6936980947728383,-0.2698731763925729,-0.49421050672028005,0.7145698957140274,-2.9388379204892967,0.012553212553212623,0.04153846153846152,0.03062426383981154,0.039316239316239183,0.050176131970100624,0.0174825174825175,-0.02497285559174811,0.0954356846473028,0.03135481989208122,0.036649214659685965,0.0,0.10213352802790633
13,1997-03-30,0.0072946534210929235,-0.051885498038580224,0.05837935165300734,0.10540910963087112,-0.01385315878479254,-0.0983762469025986,-0.2692366622743848,-0.2765605368798456,-0.26520270270270274,-0.6936980947728383,0.6277921266994011,0.42100355784566296,0.9078507892978941,0.9921135646687698,0.024697393378830142,0.013293943870014813,0.024571428571428463,0.029605263157894687,-0.005890534238730205,-0.03436426116838487,-0.04621380846325174,0.09090909090909104,-0.020927601809954788,0.026936026936026813,0.0,-0.14227881642867654
14,1997-06-29,0.0014935869706562688,-0.05466704155158253,-0.034345738357457245,-0.06754399771298614,0.01741692845720655,0.10410459347149636,0.496142072378077,0.5062267028126061,0.517241379310345,-0.6936980947728383,-0.5789771934718928,-0.2691968987964706,-0.12195706256334647,-17.49920823436263,-0.3976661196137552,0.09037900874635564,0.01784718349135539,0.021565495207667814,0.019339972018763918,0.09608540925266906,0.03794512551079987,0.08333333333333326,0.015886770652801863,0.01885245901639343,0.0,0.013816184673474565
15,1997-09-28,0.05100248082935277,-0.04244399993001813,0.0888379065558158,0.1379803303536058,0.035047521168657614,-0.0458738469209673,0.002718724161610009,0.0027278607384908504,0.0060606060606061,-0.6936980947728383,0.8788851386329282,0.9459159322354276,-0.2170545889562827,-0.30597211891450915,-0.45820330444976004,0.1336898395721926,0.04876712328767119,0.049257232212666084,0.059018246407233965,0.11038961038961026,0.09055118110236228,0.0769230769230771,-0.015211828262723938,0.05872888173773139,0.0,-0.1585407144066362
16,1997-12-28,0.047507846285419264,-0.0605925880812449,0.465796180120809,0.8427607083396398,-0.13804848611027198,0.09203449176900967,0.2714287710863579,0.2756899259591654,0.28162650602409633,-0.6936980947728383,-0.26862250239703755,0.14018237672571845,-1.3874547647768396,-0.5476231633535005,-0.3825799660838547,0.08136792452830187,0.1300940438871474,0.07153502235469444,-0.1045970877487229,0.023391812865497075,0.0056730273336771395,0.0714285714285714,-0.17713295799047213,0.08966565349544076,-0.019607843137254943,-0.4901921335881702
17,1998-03-29,-0.00398687345263149,0.02259377876897939,-0.20762435305958185,-0.3123944568924166,0.14963338439996154,-0.07359657887986648,1.2850327573319262,1.2797783933518008,1.4171562867215042,-0.6936980947728383,0.08705151967210645,-3.7775446742348406,-22.78234398782344,-2.3844096293465804,0.8578396552540608,0.09269356597600864,0.5538603791030976,0.5326842837273991,0.14874414644529566,0.22,-0.015384615384615441,0.06944444444444442,0.15421052631578958,0.5474198047419805,-0.010000000000000007,0.4869771112865036
18,1998-06-28,0.07124045750796859,0.12342215544185994,0.1323200298396121,0.2115322133669706,0.039482064659640326,0.08637579940283713,-0.6931699009977197,-0.6936151131169357,-0.6937287311618863,-0.6936980947728383,-1.2630856667590795,-1.5554162497076494,-1.4646362302361184,-1.96903118962186,-0.4474408646003263,0.08782435129740529,-0.033323415650104105,-0.055807622504537184,0.038986065816780435,-0.053864168618266935,-0.3276041666666666,0.06493506493506485,-0.02963976288189707,-0.028841820639927795,-0.03030303030303028,-0.07271762208067943
19,1998-09-27,0.13038601645706582,1.0568091716352002,0.29057394333685194,0.4373629537316024,0.039657355921854265,-0.031337671205518884,0.2832460568812518,0.2843114111703886,0.28412698412698423,0.2838915470494421,-4.107592602349966,0.9426971876682636,0.40328942421404496,-0.02238805970149249,-0.7916320693790941,0.008256880733944927,0.005232379193597979,-0.03652090341182124,0.04130403766585822,-0.029702970297029733,0.016266460108443015,0.060975609756097615,-0.08020050125313273,0.008352668213457148,-0.04166666666666663,0.4310246136233544
20,1999-01-03,0.08949974974315755,-0.4445561764072397,0.10368504759188446,-0.4662305004479187,0.07952628999443268,0.1611801736173153,-0.22105610399765416,-0.21877489002438452,-0.21878862793572307,-0.2360248447204969,0.8815680157344139,-0.4471844874086339,-0.7307375671633793,-1.6219334537614358,2.3628514500774846,-0.036396724294813436,-0.1261481935088794,-0.1256857855361596,0.07727615263410281,-0.07397959183673475,-0.06783536585365846,0.057471264367816126,-0.009196185286103664,-0.09203865623561892,-0.03260869565217395,0.04059999999999997
21,1999-04-04,0.005238379417810579,-0.08869338417992577,-0.006609388222061474,-0.044649030145548885,0.013754775351472848,-0.12001007834390487,-0.2911928476197946,-0.2986432436671633,-0.29905063291139244,-0.2829268292682927,-0.3501662566570247,-0.7526402056885746,-1.557485300768883,-0.7361566569849152,0.1853851217906517,0.050047214353163394,-0.41590749824807294,-0.43011979463776384,0.013672496025437296,-0.024793388429751984,0.11038430089942763,0.0565217391304349,0.008422138191818584,-0.4014191586416624,-0.0561797752808989,-0.04612723428791077
22,1999-07-04,0.01982171751774797,0.11587725764835975,0.0202219904004628,0.05957111380738045,0.01953977366956794,0.07071139918177849,0.5027439699048462,0.5134071340713406,0.5124153498871333,0.512471655328798,-0.10594336744598833,0.06532754722864631,-0.2284277137757585,-1.1061789772727273,-0.016605575919138027,-0.017985611510791366,-0.01979604079184161,-0.03903903903903905,0.02333751568381426,-0.031073446327683607,0.6163475699558174,0.05349794238683137,-0.0001704448610874154,0.0016934801016088574,-0.03571428571428559,0.053193632883336665
23,1999-10-03,0.01558132470920359,-0.07925231284140066,0.005434139047232112,0.05575726799542968,0.02273357276235899,-0.031613707947845904,-0.2388490479906934,-0.23968554202624426,-0.23582089552238805,-0.2353823088455772,-0.21245773490089026,0.004390565163304716,-0.6829996635262451,-7.896321070234113,0.1164511210255832,-0.009157509157509123,-0.1450428396572827,-0.14270833333333333,0.024583128984796417,-0.03206997084548113,-0.02505694760820054,0.05078124999999978,0.006989430617115655,-0.12848689771766694,-0.02469135802469136,-0.12789362923282965
24,2000-01-02,0.05101845492112456,0.25604798822452546,0.3919441693488488,0.9781823428969962,-0.18521849980937852,0.1090088587419844,0.1800769989746367,0.18549327528570325,0.171875,0.1725490196078434,0.8835867338900267,0.9361779634261844,-6.279952235637523,26.01745877788555,2.8180484597096465,-0.00554528650646946,0.022190408017179752,-0.03523693803159178,-0.13301023155627345,-0.030120481927710774,0.12570093457943932,0.04832713754646845,-0.22481801252750974,-0.015518913676042634,-0.012658227848101222,-0.3650323571350225
25,2000-04-02,-0.021127948833322585,-0.17302203675662964,-0.04406375181113098,-0.114704552196346,0.006022854385541621,-0.08627688214719609,-0.6054068232863912,-0.6135976129582268,-0.5833333333333333,-0.5836120401337792,0.11389466860446885,-0.4013621654165517,-3.637969594170122,-1.8287740082570452,-0.6117065673896049,-0.01579925650557623,-0.05882352941176482,-0.10705289672544073,0.005935127674258078,0.13354037267080732,-0.00830220008302196,0.0478723404255319,0.027735313387202483,-0.10443349753694596,0.0,-0.06598721713594746
26,2000-07-02,0.0146075224465394,0.08947032935219013,0.017898860840620978,-0.3487361953754337,0.010905301345612184,0.08187888531030363,0.7108313598404588,0.7359667359667359,0.732,0.7389558232931726,-0.5052283777948824,0.03400590860519204,-0.9414353483587036,-0.939615776136536,-0.09512761020881666,-0.044381491973560006,-0.09449404761904756,-0.14386459802538798,0.010085071350164563,-0.049315068493150586,0.04646295521138555,0.045685279187817285,-0.0036124096897578455,-0.14521452145214508,0.0,0.6730164601442574
27,2000-10-01,0.08732984420265177,0.07706221853409301,0.14006811753893333,0.07147511117577476,0.02759745628072352,0.018446766068228596,-0.18607023167710912,-0.18726628375901253,-0.18706697459584296,-0.189376443418014,0.8253272623790553,3.3801621073961496,-21.036922576447626,-2.1617647058823533,0.12213423831070892,-0.01679841897233203,-0.06244864420706664,-0.1301482701812191,0.02757590165047885,-0.025936599423631246,0.11159999999999992,0.043689320388349495,-0.05502239283429299,-0.12612612612612614,-0.012820512820512886,0.005195666592969328
28,2000-12-31,-0.007710470006640602,-0.12335304200283947,-0.04256507242269891,-0.19551270697791576,0.036087288367404165,0.11442405370054387,0.12504475474400278,0.1339428021531892,0.1335227272727273,0.1310541310541311,0.17538170517497642,-0.4897784521722235,-1.0991257194346806,-3.9064526088298863,-0.3163412749084311,0.14271356783919598,-0.1638913234005258,-0.1609848484848485,0.034701566527860495,0.11242603550295847,0.2544080604534005,0.041860465116279055,0.04423380726698256,-0.17231222385861567,0.012987012987013102,0.08973935994721205
29,2001-04-01,0.10908404704782604,0.01316325447395128,0.10288497769425063,0.015413518200965369,0.11628236733519826,-0.12572629496847576,4.278940249820988,4.264990585302463,4.24812030075188,4.264483627204029,-0.3900006189924571,-0.20142351981140627,-4.412169355499139,-3.3979179944763116,1.1095600884738266,0.03430079155672816,1.1855345911949686,1.1738148984198644,0.11345343043311627,0.0,0.17957544463568564,0.04166666666666652,0.0064836827317915615,1.2526690391459074,-0.02564102564102566,-0.00222020385508126
30,2001-07-01,0.02422664570453259,0.06888662009410362,0.038704656738042686,0.05485451628290194,0.007616641927097545,0.029914340620400107,-0.9271952696015634,-0.9283271293073486,-0.9283667621776504,-0.9282296650717704,-0.1091718249423771,0.0637070678399092,-0.041832669322709126,-0.6593869052892709,0.17915142477690527,-0.02210884353741493,-0.1261390887290167,-0.13084112149532712,0.00728628800917952,-0.12234042553191493,-0.5724708171206225,0.040000000000000036,-0.0161047884904445,-0.0908372827804107,-0.05263157894736848,0.01324972185698381
31,2001-09-30,-0.012063604697055363,-0.07015068274557179,-0.015550629644161871,0.0327564471484556,-0.007939661931043895,-0.014918904612636119,-0.8918023737234336,-0.9082858950031626,-0.9066666666666666,-0.9066666666666666,0.686812471522489,-0.35907179301069525,-2.7626931843799314,-4.4802965275068285,-0.5287701549162187,-0.07043478260869562,-0.1432491767288694,-0.1362007168458781,-0.008258814148202953,-0.07878787878787874,0.017633674630261886,0.038461538461538325,0.004146660846791717,-0.11033883579496084,-0.02777777777777779,-0.0996206827710122
32,2001-12-30,-0.009168902401509138,-0.027065656280874872,-0.03291250847536276,-0.0400720017867765,0.01869612994890435,0.057311642340424074,8.264030612244897,10.131034482758619,9.928571428571429,9.571428571428571,0.1068803179687048,-0.0670485960763415,-0.2740720741203888,-1.2852017937219729,0.3200268366320027,-0.04677268475210472,-0.1197950032030749,-0.11341632088520047,0.017688950149322258,-0.036184210526315715,0.07434320849636666,0.0370370370370372,0.028037383177569986,-0.076171875,-0.04285714285714271,0.01352549889135246
33,2002-03-31,-0.014261197640525802,-0.16073043942780396,-0.022393212245809813,1.0294524177013984,-0.005201115543055025,-0.04657220088748282,0.6319702602230484,0.5958281701776125,0.5947712418300652,0.6486486486486487,0.012480716769655896,-0.2524634059264549,0.5708916511696192,-1.7805293501048218,-0.18923125794155016,0.11678115799803734,-0.7678311499272198,-0.7628705148205929,-0.0054740406320541455,0.09556313993174048,0.2325702393340272,0.03571428571428559,0.009302325581395321,-0.7684989429175476,0.0149253731343284,-0.5864143513454386
34,2002-06-30,0.0023053631331733104,0.08613204431500887,-0.007724644035924766,-0.01968636665474788,0.01328692582501412,0.0789259763926693,1.157428499114148,1.1951166903929944,1.192622950819672,1.1885245901639343,0.09250316349456388,0.2525491319817561,-0.0371468803349575,-0.528957528957529,-0.10994005406887908,0.03602811950790863,0.6802507836990597,0.6907894736842106,0.013221358452023102,0.04361370716510904,3.475728155339806,0.034482758620689724,0.010892333472978688,0.6575342465753424,0.02941176470588225,0.10790796085691624
35,2002-09-29,0.017160875422196797,0.12485971284670973,0.007900198301902472,-0.014549189344412294,0.027089873133523627,-0.01144042871501294,-0.06591193492882841,-0.06605089908617467,-0.06542056074766345,-0.06554307116104863,-0.2070125674664145,-0.3055116008617238,-0.3315343997515142,-5.477191732002852,0.5530219659285998,0.010178117048346149,0.49440298507462704,0.5058365758754864,0.02654569892473124,-0.0029850746268657025,-0.4025275865321135,0.033333333333333215,0.009738914214670658,0.4903581267217632,0.014285714285714237,0.1413225113392218
36,2002-12-29,0.0019906205983379888,-0.05890982903567465,-0.047562413364001584,-0.13506145886820742,0.05412713603128494,0.08682275145909757,0.7090197391832207,0.7179740762562075,0.718,0.7134268537074149,0.5275928538781025,0.2332546392884593,1.2327544481229789,-1.5181087319907665,-0.1844954648526077,0.16624685138539053,0.4594257178526842,0.4883720930232558,0.05215493726132015,0.1347305389221558,-0.2306235201262825,0.032258064516129004,0.0521239482864766,0.4528650646950092,0.028169014084507005,0.08805689186362686
37,2003-03-30,0.0193292547156807,0.013163426512253329,0.014051291622986684,-0.00022686765057489122,0.024346688307199882,-0.0796755210990322,-0.10512584971523052,-0.1114581419560291,-0.11292200232828865,-0.11228070175438608,-0.4134512813841551,-0.416316082359488,-0.510821684991849,-2.158396066984176,0.26206944492718365,0.024478041756659463,0.2070145423438836,0.22916666666666674,0.024318158249507338,-0.026385224274406368,-0.31534673779236777,0.0323660714285714,0.004876145894284978,0.2251908396946565,0.0,0.013456362937331878
38,2003-06-29,0.016943650004598743,0.035765832637449924,-0.002740038494915442,-0.02005312897023559,0.03546764787927903,0.1038348635313222,-0.16991048698365774,-0.16755117513267626,-0.1679790026246719,-0.1673254281949934,-0.021302785663591232,0.9313553504690716,-0.23971000106356574,-1.70026525198939,-0.15188234970119252,-0.0021082220660576523,0.00283486888731388,0.02259887005649719,0.03492786636294598,-0.027100271002710064,-0.19628408750374585,0.031351351351351475,0.01824534161490665,0.014537902388369606,0.013698630136986356,0.05690440060698033
39,2003-09-28,0.02677610572732769,0.1415297867734333,0.04960567064298616,0.09594876224890347,0.006084331908849494,-0.0012179251421620132,-0.6718935496636327,-0.6746646795827124,-0.6750788643533123,-0.6740506329113924,0.44383887598436345,0.16284258747334324,0.2158028490825581,-4.087310606060607,0.5293219898688142,-0.012676056338028152,-0.13215547703180194,-0.12016574585635352,0.0060161408657375395,-0.04456824512534807,-0.04772557792692023,0.03039832285115285,-0.02020587113991601,-0.127942681678608,0.0,0.041636755204594415
40,2003-12-28,0.02281191891763656,0.08084141689373303,-0.014720795206666137,-0.09933272940747784,0.0583015791328616,0.11241376673148462,3.396150560329665,3.452537283045758,3.4514563106796112,3.4223300970873787,-0.7499960761540031,-0.6396053726375848,-1.5493700500508178,1.4746948039997547,0.8565301399239866,0.060627674750356686,-0.005700325732899025,0.0031397174254315092,0.05581485803189423,0.05247813411078717,0.1871574001566172,0.029501525940996975,0.03463035019455263,-0.007042253521126751,0.0135135135135136,0.20003445899379724
41,2004-03-28,0.012883827435091309,-0.07187457143087639,-0.00028960641448094737,-0.01545219442231971,0.024480696077623376,-0.03371689167511194,-0.3206826781284651,-0.3264211982304325,-0.3271537622682661,-0.3249176728869374,3.5639890761841984,2.8599698454579716,-4.050684166433957,-1.5842835894893406,-0.2695655157427633,0.15063887020847333,-0.08517608517608521,-0.07511737089201875,0.023761282004052253,0.09141274238227147,0.125,0.03458498023715406,0.011470477623166664,-0.09456264775413704,0.026666666666666616,-0.05728643216080409
42,2004-06-27,0.003981198560158994,0.02167110678447104,-0.02683550847494753,-0.07303462966899854,0.030453908456220088,0.0782930528124337,0.4287348971830511,0.4367490326522301,0.4343598055105349,0.4341463414634146,-0.2427387461742151,-0.2926859040085933,-0.18809785344867047,-0.1810776410691557,-0.30222180468786697,0.09234365867913508,0.0752014324082364,0.08967851099830804,0.029776898164807438,0.06598984771573613,0.15889768396364712,0.033428844317096466,0.02639895891429633,0.06657963446475179,0.025974025974025983,0.10219311605239123
43,2004-09-26,0.03272037863088584,0.2223573976276716,0.03089105523430513,0.06936438427853497,0.03420446898707774,0.0020051540156234005,-0.028644115707151637,-0.02872701071356853,-0.029378531073446342,-0.02834467120181405,0.3664783564331256,0.7140095951403029,-0.6988880589652888,-2.5416537146409697,0.6677213059575899,-0.04440877474585336,0.2056619483763531,0.22670807453416145,0.03398270289158733,-0.07142857142857151,-0.13584619276498874,0.032347504621072165,0.0014490128599888852,0.20440636474908214,0.012658227848101332,0.14301506148956755
44,2005-01-02,0.05351300270563275,0.3125886305781802,0.03939944759222258,-0.00948398704569986,0.06492633965422412,0.10082533364551627,0.2844359297701038,0.2882629793133642,0.29103608847497103,0.2812135355892649,0.03536011485390689,0.1087192911800241,0.4932135168023963,-0.4638572436737575,0.6065229676273514,0.04199328107502809,0.01864640883977886,0.03164556962025311,0.06285907401149028,0.007692307692307666,-0.16569086651053855,0.03133393017009856,0.01085187194791093,0.02134146341463428,0.012499999999999956,0.32519342359767894
45,2005-04-03,-0.0004899643032626466,-0.02106932037058884,-0.016701336390500976,-0.049396870790411,0.012305584041663264,-0.07619484398124765,-0.37136788445199664,-0.376003020862834,-0.3787195671776376,-0.3743169398907104,-0.21190586241429787,-0.584809023048003,0.7380892678034103,0.2931553215494547,0.17278894472361814,-0.00967221923696937,-0.012881355932203298,-0.0012269938650306678,0.011883942766295784,-0.06870229007633588,-0.06350877192982451,0.03211805555555558,0.012703524780819596,-0.0009950248756218636,0.0,0.02983032293377108
46,2005-07-03,0.012931200321889323,-0.03223949961609973,0.002730782644549068,0.008624695796798365,0.02075163512435063,0.07632175362440496,0.18266732741661795,0.18774583963691385,0.18722786647314948,0.18777292576419224,-0.2241880696952665,1.914195100612424,-1.0926567121113755,-2.6628859483301826,-0.2449957509408631,-0.0699945740640261,-0.0487637362637362,-0.04054054054054046,0.02050355473506427,-0.0792349726775956,-0.0887973023604347,0.03111858704793935,0.007773851590106019,-0.040836653386454265,0.0,-0.04057046682611398
47,2005-10-02,0.017066721460543555,0.032089160655691895,0.01861228142127436,0.08305269698852702,0.015902694428220343,-0.02664395366637073,-0.15487270649482576,-0.15535600560438154,-0.15525672371638133,-0.1556372549019608,0.7792757320901713,-0.5676276109489106,-10.09692487349163,-2.882589558982132,0.6108925125799252,-0.01575262543757294,-0.07364620938628164,-0.06658130601792568,0.015626804203071387,-0.03560830860534125,0.0028782894736842928,0.030179445350734024,-0.0010518934081347187,-0.06230529595015566,-0.012345679012345734,-0.04699473732803983
48,2006-01-01,0.031467039228060045,0.10944715142936934,0.01774511167560999,-0.027830603868689074,0.04182917135737108,0.08590965384782677,0.5391087472580305,0.5447951382081944,0.5455861070911721,0.5399129172714079,-0.20153428537708015,0.21639355645049307,-0.5994009413778348,-0.2947233146502338,0.2674593388526805,-0.09721398933017188,-0.033515198752922866,-0.026063100137174392,0.0413082199567969,-0.11076923076923073,-0.05084050840508414,0.029295328582739533,0.010003510003510073,-0.023255813953488413,0.0,0.14115481495834126
49,2006-04-02,0.020722072826724558,0.07842840139504315,0.023269709969943708,0.04789692552837765,0.01884269504927749,-0.00046167565072019473,-0.2495704802811401,-0.2543635298711441,-0.2528089887640449,-0.2507068803016021,0.1836624589824696,0.5422838713360163,0.02323221533860287,-0.2513007398300806,0.15799055873918855,-0.0006565988181220782,0.00887096774193541,0.011267605633803024,0.018779342723004744,-0.04152249134948105,0.010367170626349951,0.030000000000000027,-0.0019113814074717128,0.0,0.012499999999999956,0.02911961966211063
50,2006-07-02,0.007916399471000757,-0.023307490260689456,-0.010391933084325957,-0.01766630585882345,0.021481040035890908,0.021893322647319247,0.024325519681556832,0.0277024992472148,0.027568922305764243,0.027672955974842758,-0.4749030650790777,-0.4273738364453985,-0.5218957148076622,-0.5623680506685433,0.059708359170283824,0.019710906701708275,-0.023980815347721784,-0.018105849582172876,0.020683742364162597,0.0,-0.012825994014536102,0.029126213592233,0.0134052924791086,-0.01927437641723362,0.0,-0.005692130011549224
51,2006-10-01,0.02142563664633812,0.06895631583282769,0.016991350337706157,0.030496339851916018,0.02460848645353297,-0.022854554141672038,-0.06918622371228289,-0.06940215798927374,-0.07073170731707312,-0.06976744186046513,0.978442074222048,0.13830268558316905,3.459279475982533,2.7938358458961474,0.21376042885726146,-0.05283505154639179,-0.005733005733005836,0.0,0.024464510709785614,-0.07220216606498198,-0.05326981377219575,0.02830188679245272,0.0032640439786979503,0.0011560693641619044,0.0,0.037335103293785636
52,2006-12-31,0.11695687341774508,0.01459995029157568,0.10847207165318062,0.08990642436874441,0.12300183333368885,0.09907972803714027,0.3035499890853526,0.30792186280817496,0.32152230971128604,0.30657894736842106,0.10651200528893834,0.1479168145361629,0.9481724484050236,-0.5296081097787118,0.08284268443266685,0.00612244897959191,-0.0658978583196046,-0.060992907801418424,0.1308120665505108,-0.015564202334630406,-0.014638609332113472,0.027522935779816567,0.005308219178082218,-0.04387990762124705,-0.012345679012345734,-0.06910341518035679
53,2007-04-01,0.014467314283420631,-0.0708325087583237,0.028999152961170394,0.08368027888446218,0.004248121704793828,-0.05294836611858034,-0.32565806687948085,-0.33073420901146056,-0.33267130089374386,-0.32527693856998985,-0.20324050687915185,1.230359240709825,-0.7166643628184023,-3.0951379763469125,-0.16028815331410784,0.02974983096686956,-0.07760141093474426,-0.0740181268882174,0.005770392749244735,-0.09090909090909094,0.05060352831940573,0.028159340659340563,-0.01004939533299254,-0.04710144927536231,-0.03749999999999998,-0.14262393676432686
54,2007-07-01,0.003199904162238365,-0.04954933692835328,-0.020129117478535075,-0.07227611751676223,0.02000985837722546,0.06205814076184458,0.06807387862796843,0.07257799671592767,0.07440476190476186,0.07313432835820888,-0.4654200383123479,-0.4170483150179088,0.3553909611034727,0.007454662748190176,-0.1923076923076923,-0.008535784635587684,-0.0697896749521989,-0.06688417618270802,0.023369679492955875,-0.01304347826086949,0.029606716747680117,0.027388109552438426,0.016689607708189724,-0.05069708491761726,-0.012987012987012991,0.02455155827237188
55,2007-09-30,0.043509452324805416,0.15499473091318716,0.08017519324688238,0.19528248846442486,0.018129257396894083,-0.023184587298296755,0.052981864682631885,0.05305747528650162,0.05540166204986163,0.05702364394993033,1.9617939987502708,-0.02707818147232266,0.2675065445026179,-2.6795802205620776,0.3999000525147805,0.08476821192052975,-0.04008221993833505,-0.04370629370629375,0.017405852828084267,0.05726872246696035,0.11888412017167373,0.026657997399219813,-0.024200372313420204,-0.021361815754339042,-0.02631578947368418,-0.033744131455399014
56,2007-12-30,0.05066086810756909,0.0434606603469847,0.051021888248316216,0.050021083866128364,0.050395739127795824,0.10074972811842307,0.14403411443239222,0.14778816199376954,0.1561679790026247,0.14210526315789473,-0.4668532432025144,0.8898653866833508,-2.5511811023622046,-1.0962023171584097,-0.02748147027681136,-0.01892551892551897,-0.06423982869379008,-0.06764168190127973,0.04927586405862328,-0.033333333333333326,-0.019179133103183758,0.02596580113996194,-0.0003468609087755592,-0.061391541609822735,0.0,-0.0062759388602084965
57,2008-03-30,-0.008134053925141882,-0.071248379348121,-0.010874240666837063,0.3955783725861468,-0.00612049316428398,-0.05542411025649452,-0.5263272174573879,-0.5320329557654495,-0.5357548240635641,-0.5299539170506913,-0.002834622777122764,-0.0726153527829505,-1.694283098943164,9.27498899163364,-0.2903510791187871,-0.09209707529558188,-0.10526315789473684,-0.10784313725490192,-0.007203739345614579,-0.1336206896551725,-0.05436057880328515,0.02654320987654324,0.002081887578070818,-0.10319767441860472,0.0,-0.3345217479881838
58,2008-06-29,-0.011520957850571945,0.02744242922690665,0.002380656145245075,0.013731095086825906,-0.021687366914003747,0.04051865229414742,-1.0687854941808643,-1.0757333608289943,-1.075794621026895,-1.0759803921568627,-0.2414901801984207,-0.519667339721779,-0.022605235401284896,-0.6587134928967837,-0.1396365198485061,-0.13296778615490054,-0.28005115089514065,-0.2835164835164835,-0.004818876703223674,-0.12935323383084565,-0.05045492142266328,0.025856885147323986,-0.01021468144044324,-0.2836304700162073,-0.013513513513513488,0.013623144037961056
59,2008-09-28,0.009663748568256471,0.11905030233643245,0.029925264168915836,0.034601709301563366,-0.005518262325312717,0.020286254866811904,-4.824139207700852,-4.435330156569093,-4.483870967741937,-4.483870967741937,1.0778478917753076,-0.05047901062532656,0.2950727196919529,-2.62169204206561,0.26319972691098625,-0.054545454545454564,-0.3268206039076377,-0.3312883435582822,-0.005537930650637124,-0.05142857142857149,0.2992160278745644,0.02520515826494729,-0.015042854644043981,-0.3416289592760181,0.013698630136986356,0.08154636061612798
60,2008-12-28,-0.13215299471192865,0.2720735644300545,-0.1140676065709102,-0.26234483428092226,-0.14618740289231502,0.030927880722060982,0.8227321134669376,0.8653522243138809,0.8796296296296293,0.8611111111111107,-0.3626576912206778,-1.2087124547500243,-1.3340277251723354,1.7599643818114945,0.5750649371601889,-0.26672240802675584,-0.4749340369393139,-0.4724770642201835,-0.1492934098223031,-0.25903614457831325,0.08649011062688561,0.02458547741566597,-0.01616053986858479,-0.5017182130584192,0.05405405405405417,0.7245182909801733
61,2009-03-29,-0.04082711923812532,-0.10542270299066248,-0.08124885370642887,-0.12233241458974566,-0.015242131343743191,-0.09406006540244848,-2.0348435757157275,-2.0181122855473523,-2.0049261083743843,-2.0149253731343286,-0.08114972184148994,-4.926930739482012,-10.904864497108516,-1.926432734592536,-0.3382457254506298,-0.1641961231470923,-0.8894472361809045,-0.8869565217391304,-0.015263157894736756,-0.016260162601625994,0.6485652576365322,0.02399553571428581,0.026534296028881018,-0.8965517241379308,0.03846153846153855,0.0192696947615576
62,2009-06-28,-0.0017803764478568906,0.008809344803429429,-0.006251333404921343,-0.008393500113496044,0.0018635493792611426,0.07053086935073805,-1.5834830364933532,-1.6390338063439065,-1.6372549019607845,-1.6372549019607845,0.4782082218224895,0.02818687795633945,-0.8908598642259391,-1.687927745139604,0.3516239005343993,0.03137789904502042,2.363636363636364,2.0769230769230766,0.0018372528059862336,0.04132231404958686,8.560359348680517,0.023433242506812,0.0036926323193247072,2.2666666666666666,0.04938271604938271,0.01739613948685359
63,2009-09-27,0.02702033459667419,0.15710727485594922,0.04722063811981903,0.0996309033155698,0.012204755271742806,0.017938479425203102,0.5012315270935961,0.3919503632949628,0.39230769230769225,0.39230769230769225,0.3130876626460253,-0.2283545699939047,-0.0604185241516757,0.6655881673214699,0.4333014589679576,0.10449735449735442,0.3783783783783785,0.375,0.01223700443466358,0.10317460317460304,-0.6521994479356317,0.022896698615548328,-0.014365802382620863,0.30612244897959195,0.04705882352941182,0.052232979387882635
64,2010-01-03,0.022421204638761072,-0.016487249996988695,0.012645845417040169,-0.055025467768519236,0.03010649217121864,0.07810580729182526,3.8194656041251616,3.79266862170088,3.834254143646409,3.823204419889503,-0.3248164623340928,0.7308871377254518,3.55433993859894,-1.1517175761660292,-0.04586575049686903,0.06347305389221547,2.156862745098039,2.2909090909090915,0.04647868766058383,0.050359712230215965,-0.1885624226049758,0.02238417490890177,0.007465339495200896,2.140625,0.022471910112359602,0.04081026934777787
65,2010-04-04,0.016257934991398267,0.1036933455517901,0.027324854831237918,0.05975648328639437,0.007979112449184367,-0.05432191674633735,-0.4428138943938528,-0.4446674417181667,-0.4388571428571428,-0.43757159221076747,0.23909317335761535,-0.7021937783186466,-0.3122893456386121,-5.252286386203292,0.20440971124597795,-0.028153153153153143,0.6770186335403727,0.6906077348066295,0.013787025087349305,-0.06849315068493145,-0.6945754716981132,0.022912423625254474,-0.008115737473535556,0.6616915422885572,0.01098901098901095,0.041420118343195256
66,2010-07-04,-0.007678175391702125,0.007983697096012543,-0.016581134960948152,-0.02097801408768996,-0.000847450476796352,0.026174094357891864,1.0104521253382208,1.0252539721016327,1.0366598778004072,1.0366598778004072,-0.2853792700982353,0.0016053706946876911,-0.647573559551603,-0.14264499544248832,0.14550836586629212,0.10776361529548084,0.4925925925925927,0.4934640522875817,0.002670226969292422,0.08823529411764698,-0.3518055870997048,0.022399203583872485,0.0069370330843117065,0.4850299401197604,0.0,0.02957283680175249
67,2010-10-03,-0.02062081565107821,-0.05472184159333982,0.027687224777255937,0.07917955970340418,-0.057278278557565065,-0.010058977610474806,-0.3362782872958159,-0.3371126392757661,-0.3150000000000001,-0.3160000000000001,0.7099854822611378,1.7506192627130992,11.076156763590394,-1.9694073799768252,-0.12313911266154498,-0.22175732217573216,0.1923076923076923,0.1838074398249454,0.02319388102684794,-0.22297297297297305,-0.4877365101611774,0.02190847127555995,-0.03744921391980216,0.1754032258064515,0.0,-0.12406914893617027
68,2011-01-02,0.0070594569879740545,-0.06701741766428604,0.005513205406676658,-0.0900125630408335,0.008399374830253327,-0.02424345835122965,0.291846546310832,0.29652670628016153,0.3766423357664235,0.3771929824561404,-0.3356194367430323,0.05286716991126994,-0.2609900923762385,0.2941270701892744,-0.2425005407743889,0.09274193548387101,0.0010405827263266776,-0.011090573012939031,0.04470068397796734,0.06956521739130439,-0.08755129958960327,0.021438780371605626,0.0012846393833729766,0.0068610634648371685,-0.010869565217391351,0.02527706087748593
69,2011-04-03,-0.029706300462917782,-0.10594993163952073,-0.01585385149870322,-0.012269445797137069,-0.04135143854881596,-0.08378816070567152,-0.8023392701173433,-0.8081456442199351,-0.8016967126193001,-0.8014861995753715,-0.6714853343449874,-0.436341224120148,-0.3453195829555757,0.033793241351729675,-0.2480239411522822,0.05535055350553497,-0.08835758835758832,-0.09719626168224292,-0.014513746052898346,0.008130081300812941,0.03148425787106457,0.021921641791044832,-0.012096774193548264,-0.0885860306643953,-0.01098901098901095,-0.09483971274154146
70,2011-07-03,0.01745468799917527,-0.010148611413389408,0.03354447081357104,0.048822880874299424,0.004023371507487328,0.00882370638917207,1.9332692923471024,2.007324798733008,2.06951871657754,2.06951871657754,1.6470349885532527,1.7703740069624208,-0.6715712579411103,-0.7254490190660403,-0.09055503235410277,0.0011655011655011815,-0.1687571265678448,-0.18012422360248448,0.0039684872714444985,0.016129032258064502,0.10973837209302316,0.02145139205842095,-0.013172541743970312,-0.1644859813084113,-0.022222222222222254,-0.056191722558481934
71,2011-10-02,-0.020882106095755804,-0.019366968457943945,-0.000702555026079521,-0.04452820362096222,-0.03864937070872743,-0.03761147514857921,-1.1306027989433007,-1.1362210080530135,-1.1428571428571428,-1.1428571428571428,-0.3605296391259424,-0.7269021958017173,-0.15643282559426552,-1.3957662372517443,0.03940713918266181,-0.13853317811408614,-0.3237311385459535,-0.3282828282828284,-0.012239041958246544,-0.1428571428571428,0.015062213490504297,0.0210008936550492,-0.01804850535815017,-0.3109619686800894,-0.02272727272727271,0.026345437212930145
72,2011-12-31,0.006183927004230982,0.05391207084150506,0.013987374729746982,-0.0024668893747407106,-0.0008640068567584702,0.012534862101022616,-11.316616516215312,-10.941043814432991,-10.829268292682926,-10.719512195121954,0.552687013764213,0.7067602642756017,-0.9541705716963448,4.928625921844537,0.22477254394055768,-0.05000000000000005,-0.11156186612576058,-0.12406015037593975,0.012568548984733807,-0.03703703703703709,0.3987096774193548,0.020568927789934355,-0.007084051311506912,-0.10389610389610393,-0.023255813953488413,0.05648906527062425
73,2012-03-31,-0.015380349875403262,-0.05785529352734575,-0.042536362327939885,-0.0837562126088337,0.009580705762259443,-0.06992073329354698,-0.4896133778397122,-0.4969212820429724,-0.4950372208436724,-0.4893350062735257,-0.35236303930561874,0.0567518058963814,75.50783912747103,-2.2311695739205035,-0.2259465388258693,0.09388335704125184,0.14383561643835607,0.14163090128755362,0.009338680874732884,0.08653846153846145,0.20156826568265696,0.02101200686106353,0.025453143077516668,0.1594202898550725,-0.02380952380952384,0.02829283887468015
74,2012-06-30,-0.012595795436395218,-0.007499409914627164,-0.008835807525011008,-0.041441745635691474,-0.015970997676281296,0.035417840645938885,0.6520413994539336,0.6688891036170967,0.6805896805896805,0.6805896805896805,0.019936678727861427,-0.7350449713818479,-0.1246825913023335,-0.6414734983973615,-0.10465404029275473,-0.06501950585175552,0.05988023952095811,0.0563909774436091,0.007018968617669374,-0.07964601769911495,-0.1861804222648753,0.02057958840823182,-0.0035727717186913033,0.06562499999999982,0.0,0.03536452665941248
75,2012-09-30,0.01821550835841057,0.0973257964315335,0.0136270481894345,0.03506753433900989,0.022407307753462332,0.0043846625200238964,0.8067876085786763,0.8102443355077777,0.8479532163742691,0.8479532163742691,0.4681005006360062,2.317553388470559,-0.6599248801441324,-2.3453938844260174,0.1572586599222321,-0.013908205841446477,0.7175141242937852,0.7188612099644129,0.03165322580645169,-0.019230769230769273,-0.07405660377358493,0.020164609053497932,0.004151726740894368,0.7331378299120235,0.0,0.06013062082426224
76,2012-12-31,0.027911083369408732,0.13742304120351867,0.08209121901906191,0.2444709137356469,-0.021478429433125838,0.01541528318043306,-1.4833010700078708,-1.4844449656701781,-1.4968354430379749,-1.4968354430379749,0.4443534732876005,0.8035013302078101,-4.652948219096079,3.97837967978813,0.6765067690918489,0.0028208744710860323,-0.44846491228070173,-0.4492753623188407,-0.027471453697758053,-0.029411764705882363,-0.4253693326541008,0.09883017345703893,-0.047923322683706034,-0.4467005076142132,-0.012195121951219412,-0.08596516074210447
77,2013-03-31,-0.04477177487708783,-0.1222903061161318,-0.10336178910664906,-0.2275052695318951,0.011306142083534976,-0.06604091442015181,-1.113602852175444,-1.1038315103765488,-1.1019108280254777,-1.1019108280254777,-0.5926451811737772,-0.5650195997524241,-2.976549633331968,-2.024190311301547,-0.4132829590715628,0.14767932489451474,-0.20079522862823065,-0.1992481203007519,0.011597531218601851,0.18181818181818168,1.0939716312056738,0.0,0.05862613501776547,-0.19877675840978595,0.0,0.1361946079950418
78,2013-06-30,0.00974345156142542,0.07044540631874607,-0.006691393982304672,-0.007509913223378018,0.026577411246121896,0.0654214085006335,7.694498256489732,8.469054684188215,8.40625,8.40625,0.6684184927990489,0.2352550572722745,-1.068710929079543,-1.4056823386643624,0.2857622766520762,0.12867647058823528,-0.07711442786069644,-0.06572769953051638,0.026504724878685604,0.11965811965811968,0.4085520745131246,0.0,0.016595189259742682,-0.07251908396946571,0.0,0.07854902495567995
79,2013-09-30,0.03490257959959542,0.1060219581980104,0.056244802522869015,0.1510637903640466,0.017486394566691432,-0.11681937973344447,-0.3237895768810856,-0.3252602126468942,-0.32392026578073085,-0.3272425249169435,0.21557497186075314,0.4437959567646437,-2.3811161387631983,-0.3587615666647268,0.1425160450840346,0.19109663409337685,-0.6549865229110512,-0.6482412060301508,0.02277942111519637,0.16030534351145032,0.2663059813645927,0.0,-0.016691122523844415,-0.6419753086419753,-0.03703703703703709,-0.03913263370843345
80,2013-12-31,0.14034177799677816,0.12690113061667585,0.06261702668815583,-0.060216587756876,0.20805463224635035,-0.015047441547116347,4.155787670104451,4.190850583864118,4.208845208845208,4.219753086419754,-1.1316457382673284,-2.915561879180352,-1.1797571203914032,1.3244754229289188,0.2899522029439001,0.16590701914311756,5.5078125,5.542857142857144,0.20750331107927653,0.13815789473684206,2.4265369095656304,0.0,0.059317291550083924,6.195402298850576,-0.06410256410256421,0.19909204552931106
81,2014-03-31,0.018846176746836862,0.07544113060073876,-0.0009393804899934244,0.050643982661552345,0.033977491972132734,-0.054379631431692436,-0.15305515967611028,-0.1557776741035195,-0.15801886792452824,-0.15846736045411547,-4.899149883615019,-0.9034889209751764,-5.625030376670717,-0.4290645010151492,0.12833344157382842,0.06254886630179833,0.4381752701080433,0.462882096069869,0.031427676053185305,-0.1213872832369942,-0.8522443890274314,0.03744493392070503,0.01479133650290554,0.5894568690095847,-0.08219178082191769,0.023593964334704957
82,2014-06-30,-0.10655339814024413,-0.3797381169172015,-0.019986323436284814,-0.06689314215378593,-0.17007292959517262,0.045287611488041835,4.66198575352389,4.678640100531424,4.647058823529411,4.648116919617762,0.4456686782168582,-7.277494066028915,17.012347625052538,-5.3467735317449465,-0.4943896781901365,0.017660044150110462,1.9073455759599331,1.8880597014925369,0.060831633317418365,-0.013157894736842146,-0.3384903891233005,0.01804670912951156,-0.07096998091271911,2.0603015075376883,-0.05970149253731349,-0.33529884749396943
83,2014-09-30,0.03756919571711537,0.11318473457756605,0.04605473022471696,0.10786925917756274,0.02054611912327986,0.023039329500084138,-0.8979674791330434,-0.8982172589806928,-0.8692460317460318,-0.8694267515923567,0.3324176810657473,-0.8752005133140841,-0.9583064720793674,-1.37203360498411,0.3637773326810718,0.02964569775849601,0.02985931668102215,0.0248062015503876,0.020498762300280138,-0.026666666666666727,-0.6484762579730687,0.01772679874869665,-0.016436309301456897,0.04433497536945818,-0.015873015873015928,0.004838709677419395
84,2014-12-31,0.04807981727399202,0.3374576878564246,0.009634299059823048,0.035723262257416837,0.08658721956002946,0.02028655947293889,3.3679467084639496,3.3799033411481183,3.4051593323217006,3.4016768292682933,-0.7608707369328824,-29.76239441792141,-0.1268453088924648,1.797176832775128,0.7461258541845739,0.1411516853932584,0.17479788123780304,0.16238023197176,0.0808291401880401,0.11643835616438357,0.07459677419354849,0.0,0.03665020888720116,0.1503144654088051,0.016129032258064502,0.2913322632423756
85,2015-03-31,-0.03945000268587329,-0.121024804474825,-0.08076715791759237,-0.19281836938233252,-0.006029362172200847,-0.07737164515334105,-0.9371250859723096,-0.9383810292754404,-0.9395452979676198,-0.9397402597402598,-2.292395683655932,-1.1686382788559757,3.037019230769231,-1.4675124800817594,-0.19976976327737195,-0.2806153846153846,-0.0640721404841007,-0.06984815618221263,-0.007548919595659731,-0.3374233128834355,-0.4202626641651033,0.036202185792349566,0.034804909324051884,-0.08775287042099511,0.015873015873015817,0.08893722809198268
86,2015-06-30,0.11882419159552547,0.4218786799687233,0.2524948108693148,0.06550967954915232,0.018419825941535132,0.03950018200125749,1.7581565680585938,1.8041347180432885,1.8262108262108263,1.836206896551724,-3.684942556299186,0.1588650602865742,-11.646500734389264,-4.880292848873684,0.9686776983597768,0.07014542343883656,-0.5976166328600405,-0.6016791044776121,0.017175001868879214,0.08333333333333326,0.15857605177993528,0.0174686882003956,-0.08975039830058418,-0.5861552292478274,-0.03125,0.3344557959020602
87,2015-09-30,-0.26813767199293426,-0.07425483925010201,-0.34718655800872955,-0.1538035107287019,-0.19391763084879488,-0.27074448793786976,-4.980532133188489,-4.995067668131943,-5.057459677419356,-5.078014184397164,-0.6848271774344151,1.6275970207761663,-1.2092648659935272,-1.4022604576585045,-0.19793018155812925,0.0303756994404476,-0.6181474480151229,-0.6112412177985949,-0.19389273706065,0.008547008547008517,1.1368715083798882,2.5406543569808884,0.10151691948658104,-0.5988414192614048,-0.03225806451612912,0.09400795517728078
88,2015-12-31,-0.03787920816545398,-0.04877434077779042,-0.03932852925290853,-0.05177673603619504,-0.027991085000407808,-0.6586341186594994,-1.2216614755483164,-1.2216614755483164,-1.2240993788819876,-1.226832298136646,-2.064044104387253,-0.0635847133124472,-0.718382510156083,-0.07275537305826152,-0.22882010161647706,-0.16446858029480216,-1.5891089108910892,-1.5903614457831323,0.0072252359028126545,0.04237288135593231,1.2823529411764705,0.0,0.010240112994350348,0.0,-0.16666666666666666,0.003166660150905054
89,2016-03-31,-0.009287033095479402,-0.13716879791822745,-0.008727600385124878,0.01473214470405382,-0.02030153796245071,1.748135529747035,-0.26166233461666244,-0.26166233461666244,-0.2649667405764966,-0.2782037239868565,-2.1377866014575213,0.3067450860644039,1.3680680775679352,-0.000732849533478741,-0.29649685033419204,-0.11142061281337046,-0.11764705882352945,-0.11734693877551015,-0.01715281392138679,-0.121951219512195,0.0,0.002214089661482177,-0.011184900384481056,0.0,-0.040000000000000036,-0.14968823070927514
90,2016-06-30,0.0037365580489387984,0.013655652576878508,0.005503250270855853,0.011566498874743258,0.013256244639124226,0.04519061388639623,0.6084171519322392,0.6084171519322392,0.6319758672699849,0.6327769347496206,0.8826658722390093,-1.0673653302989048,-0.6119935343388061,-1.3119264824255432,0.13146383156767882,0.01567398119122254,0.0349206349206348,0.06936416184971095,0.01358414109087569,0.03703703703703698,0.0,0.0022091982983694076,0.00954400848356318,0.0,0.0,0.002062422659150132
91,2016-09-30,0.02541353067326701,0.05417432452610371,0.03967170915853657,0.013050435081676026,0.014689299812334244,-0.011599009751436127,-0.4548596254484416,-0.4548596254484416,-0.4547134935304991,-0.4544609665427509,-0.9014286683093338,-8.630269210466782,-3.98199345842658,-1.1026049058821843,-0.011921577772595504,0.02983539094650212,-3.263803680981596,-3.2702702702702706,0.015196601776344075,0.017857142857142568,0.0,0.002204328499599173,-0.010504201680672232,0.5938628158844768,0.0,0.04056897182583241
92,2016-12-31,-0.001346131533384587,0.0907968572672635,0.0258488461992874,0.08607306874679233,-0.022264836680818245,0.0127743155984672,0.11447201593914147,0.11447201593914147,0.12033898305084745,0.12265758091993173,12.423575278064444,-0.7380046449572565,-1.2977301066826767,-8.94858180802012,0.13087529480784174,-0.011988011988012026,-0.07452574525745259,-0.08333333333333337,-0.01843730421551959,-0.02631578947368407,-0.12428407789232546,0.0022176576445567253,-0.020877565463552798,-0.231030577576444,0.1875,0.004351457078809684
93,2017-03-31,-0.0037370253143139687,-0.059558734728906375,-0.022327862244333585,-0.048803300767680025,0.011266883304571929,-0.07443386771159778,-0.4288422991494664,-0.4288422991494664,-0.4296520423600605,-0.4309559939301972,-0.21497091409193025,2.7720105620520563,-0.6281459650211347,-1.236851357052454,-0.02008598483041546,0.11627906976744184,-0.10248901903367492,-0.10389610389610382,0.01142062551290235,0.1351351351351351,0.21124918247220406,0.002303437018227994,0.014998192988796566,-0.09131075110456556,-0.01754385964912264,-0.011291028446389628
94,2017-06-30,0.020908470246971067,-0.09231594456702152,0.01698392695960726,-0.030512469303318523,0.022492338479177088,0.1602321538585625,0.9916532296310347,0.9729204211325048,0.9920424403183024,0.9893333333333334,-0.5683724877857694,1.3513840553622145,-0.00406716028782983,14.006382662906336,-0.3075963501495417,0.0878623188405796,-0.1321370309951061,-0.1333333333333334,0.022222723072415462,0.0714285714285714,0.20248380129589627,0.002298143389670937,0.0016022787965106478,-0.14262560777957856,0.0,-0.06373937677053809
95,2017-09-30,0.02472607481214673,0.012791836862450444,0.04425536325113066,0.07674147008039989,0.009582584888967459,-0.027898776340914755,-0.4098485570054291,-0.4097978413980433,-0.4074567243675099,-0.4075067024128687,1.2509642776111125,-0.6795588804443518,4.803141361256545,-0.8084334012542286,-0.08510236275832372,-0.032472939217318864,-0.06954887218045103,-0.07023411371237465,0.02061514717230728,-0.051851851851851934,0.10237988325101033,0.0022928740363610256,-0.014752932811944452,-0.07750472589792058,0.017857142857142568,-0.059427004538577965
96,2017-12-31,0.06881252144249418,0.07290190307066324,-0.01818961117687101,0.08046302114781323,0.13842745492695885,0.028288637833314256,7.641785022595223,7.748584694334704,7.712359550561797,7.7149321266968345,-0.4714018524118312,-0.5812728117326962,-0.5390292313244316,-0.7716218309495534,-0.02124338395627412,-0.026678141135972444,1.325252525252525,1.3525179856115108,0.1443724346511126,-0.046875,0.03665987780040725,0.0022876287916997477,0.06512718744362256,1.387295081967213,-0.01754385964912264,-0.0069866800703694
97,2018-03-31,-0.0358184163344859,-0.12349781426935302,-0.0726961539014237,0.31182251096046953,-0.010370667668332056,-0.02423881021045637,-0.7997413366452203,-0.8016982923967897,-0.7977817900438484,-0.7980269989615785,-0.5984787490995381,-0.6345367523534821,2.561005206090735,7.973660411485418,-0.1947684546797328,0.03589743589743577,0.03214596003475245,0.05198776758409784,0.015347441149264672,-0.0901639344262294,-0.574852652259332,0.004780475531513506,0.026422764227642226,0.040343347639484994,0.017857142857142568,-0.3318485523385301
98,2018-06-30,-0.006306503859097257,-0.01727249782442375,-0.012061783778151258,-0.3524223418183332,-0.002607704287789669,0.020079279869464232,0.08568231097433032,0.08585313174945998,0.10841836734693876,0.10925449871465308,1.7221254815049338,1.827320034692108,-0.6052784892220768,-0.6794698983383933,-0.07752944223532454,0.02548651416865844,-0.01683501683501687,0.002906976744186052,0.0005949503588293936,0.009009009009008915,-0.045286506469500935,0.002378865656692097,0.0036303630363037076,0.015676567656765616,-0.01754385964912264,0.5175757575757576
99,2018-09-30,0.03018643468423665,0.027227909844919296,0.02427908370488208,0.07745713684723876,0.034047174696513194,0.0031055023436210587,1.6857363741785854,1.6860095561368993,1.6962025316455698,1.6975666280417148,1.3517552871847558,2.286389153041504,0.1230889192124538,0.022087722056280512,-0.0859018104584447,-0.054916518236146065,0.2577054794520548,0.28695652173913033,0.04277379315470675,-0.0625,-0.07357212003872217,0.002373220084936456,0.0037816507727721493,0.29569455727051186,0.0,-0.04662539936102239
100,2018-12-31,-0.02250877816085095,-0.002295120606146228,-0.026808647712390662,0.00990052225814475,-0.019686713224665087,0.02122365382962399,-0.5467520629437728,-0.5455986992498149,-0.5424669227486129,-0.5429553264604812,-0.21561984833498185,-0.2560462229191752,-0.3764288725234942,-0.514727370606783,-0.04560319439174665,0.08466903864444975,-0.3703199455411845,-0.3614864864864865,-0.022612259444048544,0.04761904761904767,-0.17763845350052246,0.0,0.0027846027846025745,-0.3730407523510971,0.0,-0.012095507382971936
101,2019-03-31,0.0909297380102312,-0.035766819678635715,0.19041539128542692,0.02166316572309457,0.0263358728900549,0.0045161206059611825,0.44214518832142535,0.4398349069137157,0.4347014925373134,0.4342105263157894,-1.398503588655016,-0.07307219392236075,-2.4726419595991733,4.783676703645008,-0.2763568899911023,0.0765983014241407,0.13297297297297295,0.11816578483245155,0.026854569652330795,0.09999999999999988,0.673443456162643,0.0049488206497552145,-0.05913100294021545,0.1299999999999999,0.0,-0.05618275295489483
102,2019-06-30,0.003023916183108266,0.0052350705736243786,-0.010762902537660102,-0.018308996861728044,0.013099287212244182,0.06559240911934294,-0.30174438518373536,-0.30174821303347565,-0.3016905071521456,-0.3020969855832241,-1.5602816307156795,-0.6342212837380546,-0.911351730841929,-0.9521715303466228,-0.01826553302812295,0.07077136565205587,0.02099236641221358,0.009463722397476504,0.013173780271287459,0.04132231404958686,-0.06757782839787396,0.002462225213894831,0.010069444444444242,0.009734513274336276,0.0,0.02397933396978713
