Quarter end,Assets,Current Assets,Liabilities,Current Liabilities,Shareholders equity,Revenue,Earnings,Earnings available for common stockholders,EPS basic,EPS diluted,Cash from operating activities,Cash from investing activities,Cash from financing activities,Cash change during period,Cash at end of period,Price,ROE,ROA,Book value of equity per share,P/B ratio,P/E ratio,Cumulative dividends per share,Equity to assets ratio,Net margin,Asset turnover,Current ratio
2000-01-31,0.030111158013226502,0.015054195102368606,0.022128958412819477,0.05757135945815195,0.03477485510477041,0.10641139804096178,0.26717557251908386,0.26717557251908386,0.2333333333333334,0.19999999999999996,-1.0989583333333333,0.6394230769230769,-1.0092281879194631,-1.2850877192982457,-0.2850877192982456,0.9285594499413046,-0.131115459882583,-0.47631578947368414,0.03427419354838701,-0.4046591889559965,-0.2591785936527692,inf,0.00459442332065918,-0.08163265306122436,-0.06474820143884885,-0.040202464423515605
2000-04-30,0.030111158013226502,0.015054195102368606,0.022128958412819477,0.05757135945815195,0.03477485510477041,0.10641139804096178,0.26717557251908386,0.26717557251908386,0.2333333333333334,0.19999999999999996,-1.0989583333333333,0.6394230769230769,-1.0092281879194631,-1.2850877192982457,-0.2850877192982456,0.9285594499413046,-0.131115459882583,-0.47631578947368414,0.03427419354838701,-0.4046591889559965,-0.2591785936527692,inf,0.00459442332065918,-0.08163265306122436,-0.06474820143884885,-0.040202464423515605
2000-07-31,0.0691162409506898,0.05675301562191026,0.09182530795072785,0.14821591948764867,0.056010340370529876,0.07444668008048283,-0.0662650602409639,-0.0662650602409639,-0.08108108108108103,-0.05555555555555547,-2.8157894736842106,0.22287390029325516,-7.636363636363637,-0.2948717948717948,-0.28118609406952966,-0.3847826086956522,-0.131115459882583,-0.47631578947368414,0.05458089668615984,-0.4046591889559965,-0.2591785936527692,inf,-0.012300898911843605,-0.08163265306122436,-0.06474820143884885,-0.07966629203769338
2000-10-31,0.0764021975214002,0.05819610778443107,0.08034188034188028,0.09880478087649402,0.0740514075887393,0.2629213483146067,0.967741935483871,0.967741935483871,0.9705882352941175,0.9117647058823528,5.130434782608695,-0.6378896882494005,-0.7123287671232876,-2.0654545454545454,0.4167852062588904,-0.2804240282685513,-0.131115459882583,-0.47631578947368414,0.06654343807763397,-0.31739130434782614,-0.2591785936527692,inf,-0.002235350471020192,-0.08163265306122436,-0.06474820143884885,-0.03696397538866203
2001-01-31,0.09293768545994063,-0.03430592396109633,0.1604430379746835,0.11312545322697609,0.05242165242165253,-0.1574733096085409,-0.4950819672131147,-0.4950819672131147,-0.4925373134328358,-0.49230769230769234,-1.4657210401891252,4.76158940397351,23.0,-2.9215017064846416,-0.5652610441767068,0.041642113533687075,-0.131115459882583,-0.47631578947368414,0.05112651646447164,-0.023354564755838747,-0.2591785936527692,inf,-0.03696591454632747,-0.08163265306122436,-0.06474820143884885,-0.1324619586422161
2001-04-30,-0.013900955690703709,-0.08478300677531592,-0.05535860376329427,0.009120521172638396,0.013535462912831697,-0.16156282998944038,-0.37662337662337664,-0.37662337662337664,-0.3823529411764707,-0.36363636363636365,0.0,0.0,0.0,-1.6678507992895204,0.8683602771362586,-0.24570997548557427,-0.131115459882583,-0.47631578947368414,0.013190436933223193,-0.28260869565217395,-0.2591785936527692,inf,0.027750083084081112,-0.08163265306122436,-0.06474820143884885,-0.09304025185518328
2001-07-31,-0.050440528634361215,-0.06842737094837936,-0.09497690531177827,-0.09489993544222075,-0.0229700854700855,-0.24181360201511337,-3.28125,-3.28125,-3.2857142857142856,-3.2857142857142856,-2.6446700507614214,-0.7885057471264367,-0.8353174603174603,-0.49468085106382975,0.23485784919653896,-0.15775000000000006,-0.5397897897897899,-0.47631578947368414,-0.030919446704637865,-0.16969696969696957,-0.07517849643007135,inf,0.02894098625707353,-0.48730158730158724,-0.09230769230769242,0.02925680282650478
2001-10-31,-0.0737647877522617,0.030713058419243877,-0.2577352472089314,-0.28601997146932956,0.03134681975578646,-0.24307862679955705,-1.6529680365296804,-1.6529680365296804,-1.6458333333333335,-1.6666666666666667,-2.1759259259259256,0.8043478260869565,-10.27710843373494,-0.09999999999999998,0.1711711711711712,-0.24755120213713255,-0.49102773246329534,-0.47631578947368414,0.02434928631402178,-0.2226277372262775,0.6212534059945505,inf,0.11345065996228798,-0.35913312693498456,-0.18644067796610164,0.4436013249021378
2002-01-31,0.06348610067618332,0.1391956657637008,0.34937688010313717,-0.17082917082917082,-0.05407315780173172,0.0431602048280908,-3.202797202797203,-3.202797202797203,-3.1935483870967745,-3.125,-0.6220472440944882,-0.8403614457831325,-2.5428571428571427,4.953216374269005,0.8700854700854701,0.09191321499013805,-2.7115384615384617,-2.733668341708543,-0.0540983606557377,0.06572769953051649,1.0403361344537814,inf,-0.11049957662997467,0.0,-0.14583333333333337,0.37391014142088363
2002-04-30,-0.030024726245143074,-0.03786354490579846,-0.009554140127388533,-0.030722891566265065,-0.042032505137306164,0.021739130434782705,-0.1968253968253968,-0.1968253968253968,-0.19117647058823528,-0.19117647058823528,-0.18055555555555558,-3.981132075471698,-0.9907407407407407,-0.9538310412573674,0.021480804387568497,0.1347543352601157,1.2303370786516852,1.2405797101449272,-0.04246100519930662,0.19823788546255505,0.0,inf,-0.012375059495478236,0.0,-0.1097560975609756,-0.007378393149936269
2002-07-31,0.024156348628307844,-0.05342205323193916,0.10482315112540186,0.21690490988191424,-0.02476599063962559,-0.045298558682223766,-0.09881422924901184,-0.09881422924901184,-0.10909090909090913,-0.10909090909090913,0.5338983050847457,-1.4430379746835442,4.090909090909091,-3.765957446808511,-0.058165548098433995,-0.24769181789239103,0.037783375314861534,0.019404915912031084,-0.029864253393665163,-0.21323529411764708,0.0,inf,-0.047871485943775216,0.0,-0.06849315068493145,-0.22214065033189567
2002-10-31,-0.027734976887519247,-0.019883510745129507,0.04074505238649584,0.11389172625127686,-0.07478504299140176,0.24802300503235086,0.03508771929824572,0.03508771929824572,0.020408163265306145,0.020408163265306145,-0.2154696132596685,0.5142857142857142,-1.2142857142857142,1.0076923076923077,-0.12399049881235158,-0.3783326280152348,0.6610032362459548,0.569796954314721,-0.07555970149253732,-0.3598130841121495,0.0,inf,-0.04825375400708609,0.0,0.0588235294117645,-0.12009909945338004
2003-01-31,-0.05278556625624775,-0.06577868852459012,-0.043344519015659944,-0.07244383310408065,-0.060082126647935996,-0.18663594470046085,0.5635593220338984,0.5635593220338984,0.56,0.56,-0.35915492957746475,-0.5566037735849056,-5.0,-0.6551724137931034,-0.0488069414316703,0.14023144996596337,0.1076473453482707,0.07599029911075172,-0.06861755802219982,0.23357664233576636,0.0,inf,-0.007800035454706755,0.0,0.01388888888888884,0.0071955307262570045
2003-04-30,-0.019691119691119696,-0.05483658697082694,-0.0014615609470914892,-0.008403361344537785,-0.03403081168084621,0.038951841359773365,-0.6043360433604337,-0.6043360433604337,-0.6025641025641026,-0.6025641025641026,1.098901098901099,-0.276595744680851,-0.9166666666666666,1.4555555555555557,-0.12599771949828964,-0.16059701492537315,-0.05277044854881263,-0.08114199849737036,-0.034669555796316365,-0.10059171597633132,0.0,inf,-0.01465070573521532,0.0,0.027397260273972712,-0.046813986510472194
2003-07-31,-0.21360115531048973,-0.12972847528428866,-0.042740046838407486,-0.10867397806580259,-0.3525351106879314,0.02385821404226318,9.657534246575343,9.657534246575343,9.580645161290322,9.580645161290322,-0.5235602094240838,0.911764705882353,12.25,-0.5339366515837104,-0.06718851924331382,0.35561877667140807,1.6949860724233985,1.551103843008994,-0.3580246913580247,0.4078947368421053,0.0,inf,-0.17660924750679963,0.0,0.10666666666666669,-0.023648805921511862
2003-10-31,0.05125208681135218,0.03706666666666658,0.062079510703363816,0.06599552572706946,0.038235294117647145,0.11517976031957389,-1.0083547557840618,-1.0083547557840618,-1.0091463414634145,-1.0091463414634145,-3.5164835164835164,-0.12307692307692308,-0.9056603773584906,-2.7184466019417473,0.12377622377622388,0.22717733473242396,0.006201550387596733,-0.04647435897435903,0.036713286713286664,0.9112149532710279,0.0,inf,-0.012332085443734875,0.0,0.06024096385542177,-0.027130119677680864
2004-01-31,0.013816102906145877,0.02494214451015675,-0.04549380938669734,-0.08447009443861486,0.0867563739376771,-0.01910447761194034,4.461538461538462,4.461538461538462,4.0,3.666666666666667,-0.8253275109170306,-0.4035087719298246,12.0,-0.5988700564971752,0.04418170504044805,0.3629756306113723,-0.1352508132169149,-0.17243697478991593,0.07588532883642496,0.31540342298288504,0.0,inf,0.07179487179487176,0.0,0.09090909090909083,0.11948637522054484
2004-04-30,0.045582706766917225,0.06748620170597097,0.05218702865761693,0.09226361031518615,0.038449006190941715,0.1144248326232502,0.46478873239436624,0.46478873239436624,0.4666666666666668,0.4999999999999998,3.3,-0.20588235294117652,-0.7076923076923076,1.3098591549295775,0.09773539928486286,0.0122333751568382,-0.08196396753118196,-0.12307067424857832,0.037617554858934144,-0.059479553903345805,0.0,inf,-0.006656958602038743,0.0,0.09375,-0.022677523859556792
2004-07-31,0.009887640449438129,0.03360752056404226,-0.02178899082568808,-0.04826862539349419,0.04455600878569177,0.029492080830147538,-0.038461538461538436,-0.038461538461538436,-0.045454545454545525,-0.04761904761904756,-0.7558139534883721,-1.0,1.789473684210526,-0.4207317073170732,0.05157437567861023,-0.1893399442206385,-1.2001293940047444,-1.2042612320518757,0.03625377643504546,-0.21936758893280628,0.0,inf,0.034136125654450344,0.9758454106280192,0.028571428571428692,0.0860508869378247
2004-10-31,0.04672897196261672,0.040700318326512,0.02198124267291912,0.0314222712238148,0.07209372183838991,-0.03342175066313002,-0.26,-0.26,-0.33333333333333326,-0.20000000000000007,8.738095238095237,-inf,-0.8490566037735849,2.831578947368421,0.19514713474445022,-0.143348623853211,0.14331896551724155,0.17913832199546476,0.06851311953352757,-0.17215189873417724,-0.46952224052718283,inf,0.024301336573511634,0.18826405867970664,-0.0092592592592593,0.008991544648381034
2005-01-31,0.013321995464852687,0.015730828053309942,-0.0301118439919702,-0.053447354355959376,0.05575791538246011,-0.09001097694840832,0.3918918918918919,0.3918918918918919,0.4999999999999998,0.3125,-0.6650366748166259,0.07547169811320753,9.125,-0.5384615384615384,0.07257019438444923,0.055778670236501515,0.03675777568331773,0.06153846153846154,0.04638472032742147,-0.012232415902140636,-0.1376811594202899,inf,0.04191379992091737,0.08847736625514413,-0.028037383177570097,0.07308997261169936
2005-04-30,0.016503496503496473,0.03527640352764028,0.0050266114725014965,-0.0033879164313946886,0.026804670912951245,0.018094089264173663,-0.07766990291262132,-0.07766990291262132,-0.09523809523809523,-0.09523809523809523,0.4963503649635037,-1.3508771929824561,-1.2716049382716048,0.20238095238095233,0.08135320177204997,-0.04691462383770073,-0.06909090909090909,-0.04528985507246386,0.026075619295958363,-0.08978328173374617,-0.13235294117647056,inf,0.01005692599620489,-0.003780718336484079,-0.03846153846153855,0.038779475067616476
2005-07-31,0.011557512383048918,0.02347808019945985,0.0014710208884967102,0.0033994334277620553,0.02041871284569652,0.0,0.09473684210526323,0.09473684210526323,0.10526315789473673,0.10526315789473673,-0.3268292682926829,-5.25,-3.409090909090909,-0.5198019801980198,0.036126629422718715,0.049667405764966865,-0.03125000000000011,-0.009487666034155517,0.015247776365946653,0.023809523809523725,0.07713593912141126,inf,0.00882960736426841,0.039848197343453684,-0.050000000000000044,0.020022736440646893
2005-10-31,-0.08174646354733406,-0.09723913926106376,-0.21562867215041126,0.0931677018633541,0.03368794326241131,-0.9377962085308057,-0.7596153846153846,-0.7596153846153846,-0.7619047619047619,-0.8095238095238095,2.036231884057971,-0.08235294117647063,-17.830188679245282,-6.731958762886598,-0.19985621854780733,0.25982256020278816,-0.158266129032258,-0.12068965517241381,0.1914893617021276,0.23920265780730898,0.24373795761078987,inf,0.12569832402234637,0.16058394160583944,-0.2421052631578947,-0.17418658996944103
2006-01-31,0.18886090949488965,0.04025185518326957,0.4397003745318353,-0.15444214876033058,0.024748836069590885,11.723809523809523,111.64,111.64,118.0,144.75,-1.3054892601431982,-25.564102564102566,0.43497757847533625,-1.9190647482014387,0.22955974842767302,0.14017437961099932,8.0562874251497,8.010893246187363,0.013655462184874123,-0.04289544235924936,0.35063258455977286,inf,-0.13796526054590574,8.922955974842766,-0.08333333333333326,0.23025685676969965
2006-04-30,0.0038624470470969285,-0.01080847384349326,0.03616024973985432,0.08979841172877223,-0.02582496413199431,0.07110778443113763,-0.9591619318181818,-0.9591619318181818,-0.9546218487394958,-0.9554030874785592,-3.3125,-1.0490605427974948,-0.77265625,-1.1565557729941291,-0.0292290829375228,0.0744117647058824,-0.006083046813012305,-0.019584139264990363,-0.00829015544041456,0.06162464985994398,-0.8885490346014147,inf,-0.0297447706774131,0.06338139755981631,-0.09090909090909094,-0.09232456916380616
2006-07-31,-0.040709941665632354,-0.07801573426573427,-0.011549083605322585,-0.05885650224215244,-0.06921944035346095,0.015373864430468176,0.9739130434782608,0.9739130434782608,1.0370370370370372,1.076923076923077,-0.7804054054054054,-1.425531914893617,0.7697594501718212,4.1,-0.15355664283025972,-0.08404051464549689,0.050292708887706095,0.027373612823674565,-0.030303030303030387,-0.07651715039577833,-0.09433962264150941,inf,-0.029667721518987444,0.0967068991208464,-0.050000000000000044,-0.020350877192982453
2006-10-31,-0.04657782378056674,-0.06186300071106898,-0.05486410972821942,-0.08397855866587256,-0.03797468354430378,-0.48176187198898834,-0.3436123348017621,-0.3436123348017621,-0.34545454545454557,-0.33333333333333337,5.1692307692307695,-2.65,-0.37475728155339805,-1.031862745098039,0.005780346820809301,-0.061864913329348514,0.06764631365594131,0.018242918867018787,-0.0344827586206895,-0.034285714285714364,-0.10795454545454553,inf,0.008968609865470878,-0.09646739130434778,0.12280701754385981,0.024156319643425794
2007-01-31,-0.02388383769846658,-0.05280444669024764,-0.04971781779091644,-0.10793237971391423,0.002467105263157965,0.699867197875166,0.006711409395973256,0.006711409395973256,0.0277777777777779,0.0,-0.7680798004987531,0.40909090909090917,-0.47515527950310554,-14.23076923076923,-0.07603890362511057,0.07327174259318237,-0.7994779307071666,-0.8008015087223008,0.01116071428571419,0.11242603550295849,0.023354564755838636,inf,0.027070707070707023,-0.8039097744360902,0.015625,0.06178356324072265
2007-04-30,0.012512164604476572,0.011202987463323488,0.05429864253393668,0.13265306122448983,-0.02789171452009842,0.03125,-0.18000000000000005,-0.18000000000000005,-0.16216216216216217,-0.16666666666666663,2.247311827956989,-0.6129032258064516,0.8934911242603549,-0.7674418604651163,-0.019138755980861233,-0.019590382902938464,0.04852071005917158,0.03905325443786989,-0.008830022075055233,-0.029255319148936088,3.508298755186722,0.0,-0.03992918961447678,0.03527607361963203,0.0,-0.10722781335773113
2007-07-31,-0.03556226829603182,-0.13452914798206284,0.0021459227467810482,-0.028314028314028294,-0.0751054852320675,0.040909090909091006,0.5040650406504066,0.5040650406504066,0.5161290322580645,0.5,-0.41721854304635764,6.166666666666667,0.5125,13.1,-0.2751219512195122,0.13260672116257943,-0.03160270880361171,-0.042141230068337254,-0.052338530066815214,0.14246575342465762,0.10354348826507143,0.0,-0.04097520999795112,-0.04888888888888909,0.0,-0.10932568149210897
2007-10-31,0.07545558086560367,0.11886619932947262,0.15631691648822277,0.1013245033112582,-0.01642335766423353,0.05240174672489073,-0.027027027027026973,-0.027027027027026973,0.02127659574468077,0.04444444444444429,1.2613636363636362,-0.7325581395348837,-0.9855371900826446,-1.602836879432624,0.22880215343203236,-0.05747126436781602,0.08275058275058278,0.0439952437574318,0.02350176263219761,-0.007194244604316613,0.0004170141784820558,0.0,-0.08545182653279226,-0.08333333333333326,0.15384615384615374,0.015970176730486063
2008-01-31,-0.012576118612655507,0.38109506946336147,-0.007870370370370416,0.6079374624173182,-0.01886209029066177,-0.03665283540802211,-0.33333333333333337,-0.33333333333333337,-0.33333333333333326,-0.34042553191489355,-0.9899497487437185,3.27536231884058,23.0,-2.2970588235294116,-0.24151150054764514,-0.014463981849120788,-0.01237890204520986,-0.05580865603644647,-0.0022962112514353095,-0.03623188405797084,-0.08336807002917879,0.0,-0.006306937631394449,-0.06627017841971117,0.0,-0.14110985277463195
2008-04-30,0.028824239174152,0.02268244575936884,0.054129724685020975,0.1383694839192222,-0.005357705641348853,0.045226130653266416,0.44166666666666665,0.44166666666666665,0.5,0.5161290322580645,80.25,-0.9457627118644067,-1.0119047619047619,-1.7369614512471654,0.23465703971119134,-0.08431654676258993,0.1160762942779292,0.06875753920385996,0.008055235903337232,-0.08270676691729328,-0.05411550704865842,0.0,-0.03314527503526088,0.0564149226569608,0.01333333333333342,-0.10158227848101264
2008-07-31,-0.01733124837112332,-0.021407907425265216,-0.03585657370517925,-0.04927726675427069,0.009188846641318138,-0.008241758241758212,-0.023121387283236983,-0.023121387283236983,-0.02083333333333337,-0.04255319148936165,-0.48,2.75,-89.0,-1.2153846153846155,-0.040935672514619936,0.06693903205531115,-0.01660156250000011,-0.040632054176072185,0.017123287671232834,0.060109289617486183,-0.039903846153846234,0.0,0.02698760029175773,-0.036175710594315236,0.0,0.029294352471527674
2008-10-31,-0.013791274366794837,-0.36775719353567204,0.11983471074380159,-0.5421561852107809,-0.19654631083202512,0.025623268698060864,0.3668639053254439,0.3668639053254439,0.38297872340425543,0.4444444444444444,0.5266272189349113,-0.5333333333333333,1.4545454545454546,2.357142857142857,-0.14329268292682928,-0.17525773195876293,0.14001986097318775,0.08352941176470585,-0.18406285072951745,-0.19072164948453607,-0.17526289434151232,0.0,-0.18536931818181812,0.07238605898123329,0.013157894736842035,0.3808817658130381
2009-01-31,-0.036977275783245944,-0.06234413965087282,-0.05883558835588354,-0.14716981132075468,0.004689331770222793,-0.21269412559081702,-0.722943722943723,-0.722943722943723,-0.7230769230769232,-0.7230769230769232,-0.9341085271317829,-0.6071428571428572,-0.8865740740740741,-0.8170212765957447,-0.03060498220640573,-0.2889285714285714,-0.03266550522648082,-0.07166123778501621,0.024759284731774578,-0.1273885350318471,-0.3570127504553734,0.0,0.043301365882010945,-0.043333333333333335,-0.038961038961038974,0.09945892362975517
2009-04-30,-0.08182072046914268,-0.04155585106382975,-0.09453278152907862,-0.02743362831858409,-0.05912096460521199,-0.0643224699828473,-2.578125,-2.578125,-2.611111111111111,-2.611111111111111,7.0588235294117645,0.5454545454545454,0.653061224489796,-1.8837209302325582,0.027900146842878115,-0.2034153691612256,-0.39081494822152185,-0.408187134502924,-0.05369127516778527,-0.2226277372262775,-0.14447592067988668,0.0,0.024791086350975045,-0.38937282229965164,-0.027027027027027084,-0.014500920395206451
2009-07-31,-0.00045620437956206406,0.004856052722858051,-0.017560740918931894,-0.0982711555959963,0.028937577511368273,-0.031164069660861604,-0.8118811881188119,-0.8118811881188119,-0.7931034482758621,-0.7931034482758621,-0.7007299270072993,-0.6470588235294117,-1.3209876543209877,1.0789473684210527,0.056428571428571495,0.2976040353089533,-0.48484848484848486,-0.5019762845849802,0.02269503546099294,0.37089201877934275,1.2947019867549665,0.0,0.029355803207393283,-0.4793152639087018,-0.04166666666666674,0.11435977585483936
2009-10-31,0.15807089609006542,0.3672764929237142,0.2502448579823702,0.1331987891019173,0.0068300522298112565,0.10406811731315035,-2.3157894736842106,-2.3157894736842106,-2.3333333333333335,-2.3333333333333335,4.195121951219512,-4.333333333333334,28.26923076923077,11.658227848101266,0.6761325219743071,0.2759961127308068,-1.1779053084648494,-1.1746031746031746,-0.004160887656033285,0.24657534246575352,1.6315536315536319,0.0,-0.1307103247953525,0.0,-0.0724637681159419,0.20658160298293038
2010-01-31,-0.00499211770888075,0.3933350164099976,-0.025460242851547243,1.2698130008904718,0.033519553072625774,0.03941730934018861,2.16,2.16,1.875,1.75,-0.8591549295774648,-2.55,-0.9960578186596584,-0.998,0.0008067769261799196,0.07501904036557505,-0.4838709677419354,-0.4772727272727273,0.03621169916434552,0.07967032967032961,0.0,0.0,0.03888213851761857,0.0,0.0,-0.3861419823089136
2010-04-30,0.025481911803538315,0.03497010327957972,0.031953376205787754,0.06276971361318173,0.013127413127413057,0.047815333882934796,0.36708860759493667,0.36708860759493667,0.34782608695652173,0.40909090909090917,6.5,-0.935483870967742,-20.666666666666668,81.5,0.0665054413542927,0.16117605384342903,-12.8125,-12.347826086956523,0.013440860215053752,0.12213740458015265,0.0,0.0,-0.012280701754386114,0.12328767123287676,0.0,-0.02618695732495857
2010-07-31,0.17162353547058062,0.004026610644257689,0.22492697176241472,0.07678110003691407,0.06783536585365857,0.08890637293469705,0.8981481481481481,0.8981481481481481,0.9032258064516128,0.8709677419354838,-0.6,548.0,-12.423728813559322,-2.993939393939394,-0.1243386243386243,-0.029591214154972567,1.0965608465608465,0.9923371647509576,0.07294429708222805,-0.043083900226757454,0.057210747578139376,0.0,-0.0885139135583185,1.0195121951219512,-0.015625,-0.06753616314915811
2010-10-31,0.06549450549450553,0.07567567567567557,0.027027027027026973,0.05690778196777502,0.15203426124197006,0.1387283236994219,0.42439024390243896,0.42439024390243896,0.423728813559322,0.4310344827586208,3.144444444444445,-0.9608378870673953,-1.0252225519287834,-2.009118541033435,0.14328873543375065,-0.025463690663313332,0.5350157728706624,0.5403846153846155,0.14833127317676142,-0.09241706161137431,-0.5496196403872753,0.0,0.08119519324455982,0.5169082125603863,0.015873015873015817,0.017750877371445872
2011-01-31,-0.17037953795379535,-0.2546603987680337,-0.271671826625387,-0.5439506973726889,0.03221809169764556,-0.03616751269035534,-0.339041095890411,-0.339041095890411,-0.33333333333333326,-0.3493975903614457,-0.67828418230563,-35.883720930232556,95.11764705882354,-1.033132530120482,-0.004152510381275953,0.27161290322580656,0.09453349773941633,0.15106117353308357,0.038751345532831216,0.10704960835509136,-0.21996161228406907,0.0,0.24421748272754584,0.10509554140127397,0.03125,0.6343328335832086
2011-04-30,0.07521133764296373,0.10830795998260112,-0.003613177470775719,0.13229018492176392,0.18637454981992807,0.10401579986833442,0.03626943005181338,0.03626943005181338,0.03571428571428559,0.03703703703703698,2.15,-1.084,-1.0416156670746635,-31.636363636363637,0.1277482941622441,0.2042110603754439,0.004130679684566374,0.0878524945770065,0.1772020725388601,0.1603773584905659,0.0334645669291338,0.0,0.10333172380492517,0.0417867435158501,0.045454545454545414,-0.021190716448032387
2011-07-31,0.012024511504220126,0.024921507064364246,-0.02879692832764502,-0.05464824120603018,0.060460409815330074,0.008348240906380422,0.6499999999999999,0.6499999999999999,0.6379310344827587,0.6428571428571428,-0.33333333333333337,-0.746031746031746,-2.4264705882352944,-0.6261127596439169,0.04235294117647048,0.017695386559932746,0.03253552729992504,0.15154536390827533,0.0625,-0.13617886178861782,-0.08333333333333337,0.0,0.0479212253829322,0.08575380359612716,0.07246376811594213,0.08416119962511726
2011-10-31,0.034730949388781074,0.06624545280490146,0.04129145618273666,0.22059800664451834,0.027671755725190872,0.02188054405677109,-0.12424242424242427,-0.12424242424242427,-0.12631578947368416,-0.09782608695652184,1.0238095238095237,0.5,-0.6907216494845361,2.380952380952381,0.13737504030957748,-0.2604015731732562,-0.07135095979717487,0.01558441558441559,0.024855012427506207,-0.30352941176470594,-0.34857142857142864,0.0,-0.006681979536437677,-0.02547770700636942,0.04054054054054057,-0.1264407561088059
2012-01-31,0.004637297118251116,0.02621655593463812,-0.029740561063066884,-0.07185628742514971,0.04363974001857018,-0.05381944444444442,-0.20415224913494812,-0.20415224913494812,-0.20481927710843362,-0.216867469879518,-0.7058823529411764,-0.5208333333333333,-1.2666666666666666,-0.6830985915492958,0.03827615537283813,0.10327455919395478,-0.03432137285491432,0.0059676044330774225,0.045270816491511656,0.07770270270270263,0.10287081339712922,0.04854368932038833,0.038679840235442464,0.018300653594771177,-0.012987012987012991,0.10565378018208205
2012-04-30,0.03450928673480602,0.05161854768153984,0.019130434782608674,0.07624633431085037,0.050266903914590655,0.05993883792048926,0.10869565217391308,0.10869565217391308,0.10606060606060597,0.10769230769230753,1.3533333333333335,1.4782608695652173,-8.5,0.7333333333333334,0.06389950846531955,0.1494165398274987,0.00646203554119551,0.03050847457627115,0.051044083526682105,0.09717868338557989,0.10701373825018079,0.0,0.015179113539769418,0.04428754813863933,-0.013157894736842146,-0.02288254422864655
2012-07-31,0.036545203442048146,-0.2993344425956739,0.04180887372013653,0.1389645776566757,0.031342651418890366,-0.0057703404500865085,-0.04705882352941182,-0.04705882352941182,-0.04109589041095896,-0.04166666666666674,-0.32011331444759206,37.59649122807018,-0.8833333333333333,-9.431623931623932,-0.5064168377823408,0.06621054954756134,-0.11276083467094711,-0.10361842105263153,0.028697571743929506,0.014285714285714235,0.011103853690398457,0.04629629629629606,-0.004984051036682757,-0.08358942839582051,-0.026666666666666727,-0.3848314606741572
2012-10-31,0.07984011478938191,0.0992638328188078,0.0956183456183457,-0.0942583732057416,0.06406570841889114,0.025536854323853664,0.7489711934156378,0.7489711934156378,0.7428571428571429,0.7536231884057971,1.0208333333333335,-0.9581818181818181,-5.0,-1.2169285352255448,0.2225689027561102,-0.2604015731732562,0.08231569425599283,0.09082568807339464,0.0650929899856938,-0.2788732394366197,-0.20155038759689925,0.04424778761061954,-0.014626327389300697,0.12743125419181744,-0.0273972602739726,0.21366885050625362
2013-01-31,0.01110478359908873,0.01793043853964149,-0.009157166884694479,-0.024828314844162702,0.0320339637205711,-0.04923599320882854,-0.5788235294117647,-0.5788235294117647,-0.5737704918032787,-0.5785123966942148,-0.4948453608247423,-0.21739130434782605,-3.25,-0.7686915887850467,0.042109740535942075,0.133501259445844,-0.08441287087338079,-0.08158116063919263,0.0349227669576897,0.0625,0.0024271844660195274,0.04237288135593231,0.02074013826758847,-0.05056513979773947,-0.042253521126760396,0.043839201733938626
2013-04-30,-0.006195437904815582,0.0224957555178269,-0.00433798566578647,0.03358613217768158,-0.008040388930441233,0.030952380952380842,-0.07262569832402233,-0.07262569832402233,-0.07692307692307698,-0.05882352941176472,0.2857142857142858,-0.01388888888888884,1.619047619047619,-0.303030303030303,0.028163265306122343,0.059753086419753076,-0.10680054769511627,-0.10622710622710618,-0.0006489292667098967,0.025735294117646967,0.10653753026634383,0.04878048780487809,-0.0017928286852589848,-0.08020050125313272,-0.02941176470588236,-0.010695396669931578
2013-07-31,-0.029186738452819494,-0.04856787048567868,0.03959083159689336,-0.18763102725366876,-0.0976437323279925,-0.04618937644341803,0.012048192771084265,0.012048192771084265,0.04166666666666674,0.02083333333333326,-0.31746031746031744,-0.23943661971830987,1.0121212121212122,-3.739130434782609,-0.07502977371973008,0.033550792171481714,-0.07051609606540621,-0.08606557377049184,-0.060389610389610326,0.032258064516129004,0.11962071480671033,0.04651162790697683,-0.07044502095390137,-0.06471389645776571,-0.015151515151515138,0.17115476001900842
2013-10-31,0.039696438995913574,0.08704188481675401,-0.01658163265306123,0.0335483870967741,0.10424065176519748,0.03995157384987902,0.25595238095238093,0.25595238095238093,0.24,0.26530612244897966,0.7534883720930232,-0.05555555555555558,-1.0180722891566265,-2.825396825396825,0.148068669527897,0.11339044183949509,-0.2319956019791095,-0.23094170403587455,0.10089841050449189,0.1840277777777779,0.1960912052117263,0.04444444444444429,0.062043795620437825,-0.22214129643117264,-0.015384615384615441,0.05176844525596813
2014-01-31,-0.004491858506457058,0.018061408789885602,-0.038169353344450596,-0.033083645443195975,0.02989027620128648,-0.022700814901047695,-0.07582938388625593,-0.07582938388625593,-0.048387096774193616,-0.06451612903225812,-0.4854111405835544,-0.07843137254901966,-12.333333333333334,-0.8057971014492753,0.025046728971962695,0.1243166632921644,0.017895490336435227,0.023323615160349975,0.025109855618330013,0.02346041055718473,0.44008714596949905,0.04609929078014208,0.034566403881140184,0.021535580524344455,0.0,0.05288538820125388
2014-04-30,0.03647302124459495,0.059925093632958726,0.0396840685802351,0.1097482246610717,0.03343130051432763,0.030970815961882003,-0.28717948717948716,-0.28717948717948716,-0.30508474576271183,-0.2931034482758621,0.6752577319587629,0.17021276595744683,0.05882352941176472,2.1044776119402986,0.07585703865791382,0.012245632991175981,-0.0513361462728551,-0.04700854700854695,0.03368034292712796,-0.014326647564469996,-0.02042360060514381,0.04406779661016946,-0.003126221180148603,-0.03574702108157657,0.0,-0.04488549618320603
2014-07-31,-0.05858879013241425,-0.10098567974707084,-0.12173429683157311,-0.08144269924374636,0.0019552079630287267,0.02021952628538415,0.05755395683453246,0.05755395683453246,0.07317073170731714,0.04878048780487809,-0.9138461538461539,0.2727272727272727,6.194444444444445,-3.6875,-0.18949152542372882,0.007294075787226406,-0.06671608598962175,-0.03139013452914807,0.0011848341232227888,-0.026162790697674354,0.04092664092664111,0.04220779220779214,0.06448451587612714,-0.04562737642585546,0.015625,-0.02129156010230182
2014-10-31,0.04344894026974955,0.13777410012412084,0.16666666666666674,0.07789740341988605,-0.060138371474188435,0.02208380520951292,-0.8435374149659864,-0.8435374149659864,-0.8409090909090908,-0.8372093023255813,4.857142857142857,-0.17142857142857137,-2.083011583011583,-2.1395348837209305,0.26641572563780835,-0.03567643942069931,-0.272438443208896,-0.27469135802469136,-0.06508875739644959,-0.035820895522388096,-0.007418397626112738,0.04049844236760114,-0.09924507457190201,-0.28087649402390436,0.0,0.0555628143986413
2015-01-31,-0.3057889391561259,-0.3356363636363636,-0.40705244122965645,-0.45475910693302,-0.2002642506606267,-0.43157894736842106,2.130434782608696,2.130434782608696,1.9999999999999996,1.9999999999999996,-1.1219512195121952,-0.4655172413793104,-2.475935828877005,-1.1569858712715855,-0.3005284015852048,-0.26117216117216113,-0.19978165938864623,-0.1851063829787234,-0.2012658227848102,-0.21052631578947378,0.011584454409566458,4.745508982035929,0.15188062142273084,-0.16620498614958457,-0.015384615384615441,0.21847439269688995
2015-04-30,-0.014230615773374145,-0.009304871373836843,-0.008539188777066165,0.0021551724137931494,-0.018645267878215743,-0.06140350877192979,0.15277777777777768,0.15277777777777768,0.19047619047619047,0.19047619047619047,-10.15,-0.7741935483870968,-0.8780193236714976,-1.79,0.03729933899905569,0.007684680218145612,-0.08185538881309695,-0.0600522193211489,-0.011093502377178988,0.26274509803921586,0.34059844846693754,0.005211047420531356,-0.004436557231588201,-0.028239202657807216,-0.03125,-0.011428571428571455
2015-07-31,-0.02172153264975718,-0.0392265193370166,-0.032605352199323256,-0.08279569892473115,-0.013227513227513255,0.052959501557632294,0.24096385542168686,0.24096385542168686,0.24,0.24,-0.5027322404371585,11.428571428571429,0.08910891089108919,-2.5443037974683547,-0.05553026854802001,0.0012300123001232066,-0.06092124814264477,-0.05555555555555547,-0.008012820512820484,0.012422360248447006,0.16836594103058689,0.005184033177812353,0.008734402852049739,-0.0017094017094017033,-0.06451612903225812,0.04750160565189465
2015-10-31,0.03144393876706664,0.05980448533640015,0.05214626391096977,0.14419695193434934,0.015598342676090615,0.020710059171597628,0.38834951456310685,0.38834951456310685,0.38709677419354827,0.38709677419354827,1.6043956043956045,2.160919540229885,-0.7363636363636363,-0.4098360655737705,-0.03469879518072294,-0.08525798525798545,0.5221518987341769,0.5911764705882352,0.012924071082390798,-0.07668711656441718,0.04528301886792452,0.005157297576070086,-0.015373740943629532,0.7003424657534247,-0.06896551724137923,-0.07377250208466168
2016-01-31,-0.023666265543521914,-0.07786218122626154,-0.016621335750982125,-0.029713114754098324,-0.02927765778737701,-0.006763285024154575,-0.1398601398601399,-0.1398601398601399,-0.13953488372093026,-0.13953488372093026,-0.5611814345991561,-0.8981818181818182,3.5517241379310347,0.0,-0.03594608087868201,0.05398871877518152,0.14137214137214138,0.1349353049907578,-0.015948963317384268,0.039867109634551534,-0.26218411552346566,0.005643919958953525,-0.005743000717875257,0.12688821752265866,0.0185185185185186,-0.049621352539321095
2016-04-30,0.04628868803067654,0.0261841718152398,0.06791641057160414,0.1964097148891235,0.028924598269468582,-0.008754863813229541,-0.26016260162601623,-0.26016260162601623,-0.2432432432432432,-0.2432432432432432,1.4615384615384617,2.857142857142857,-1.2272727272727273,-3.888888888888889,0.10771620921802172,-0.02956167176350677,0.01730418943533696,0.009771986970684043,0.03646677471636939,-0.012779552715655007,-0.143730886850153,0.006122448979591688,-0.016606498194945862,0.003574620196604039,0.0,-0.14226011367435643
2016-07-31,0.012303664921466062,0.012041284403669694,-0.02503597122302159,0.015887025595763493,0.043488707352234535,0.024533856722276814,0.3626373626373627,0.3626373626373627,0.357142857142857,0.357142857142857,-0.22265625,-0.7777777777777778,-4.666666666666666,-0.7115384615384616,0.028050490883590573,0.16281512605042026,0.03043867502238129,0.029032258064516148,0.04691164972634887,0.11974110032362462,0.1378571428571429,0.005578093306288112,0.03065345080763593,0.03829029385574345,0.0,-0.0038004287663222502
2016-10-31,0.008792345487457887,0.02974504249291776,0.04958677685950419,-0.17897480451781056,-0.023025558369790478,0.06417624521072796,0.0,0.0,0.026315789473684292,-0.02631578947368418,0.1758793969849246,2.25,-0.49090909090909096,0.5,0.04092769440654842,0.03590785907859062,-0.04430929626411806,-0.050156739811912154,-0.014936519790888836,-0.00867052023121384,-0.013810420590081529,0.005547150781644028,-0.03152270703472848,-0.05746140651801024,0.0,0.25423065636310294
2017-01-31,0.008972058446552245,0.0,0.004499437570303799,0.15238095238095228,0.01272684421399961,-0.03960396039603964,0.35483870967741926,0.35483870967741926,0.33333333333333326,0.4054054054054055,-0.5042735042735043,0.29487179487179493,0.03571428571428581,-1.5333333333333332,-0.020969855832241202,0.007194244604316724,0.08181818181818179,0.07755775577557755,0.010614101592115288,0.020408163265306145,0.050286441756842715,0.007021063189568633,0.0038617138653918026,0.0873521383075524,0.0,-0.13224665938751112
2017-04-30,0.018292682926829285,0.0453920220082531,0.019316909294512907,0.08999081726354463,0.017454037700721514,0.03280224929709474,-0.023809523809523836,-0.023809523809523836,-0.019230769230769273,-0.03846153846153855,1.2155172413793105,-0.5742574257425743,0.15517241379310343,-4.083333333333334,0.06604194556001786,0.13051948051948048,0.13025210084033634,0.13016845329249627,0.021005251312828266,0.11999999999999988,0.021212121212121238,0.006474103585657476,-0.0009159186664224883,0.12217573221757316,0.0,-0.040923934210132185
2017-07-31,0.030563872255489066,0.051578947368420947,0.0024718483932986146,0.04549283909014323,0.05397987191216824,0.010889292196007316,0.06707317073170738,0.06707317073170738,0.07843137254901977,0.08000000000000007,-0.11284046692607008,1.3488372093023258,-1.4328358208955223,0.17567567567567566,0.07283382168271246,0.12196055906567116,0.07137546468401479,0.07046070460704601,0.05216752387950052,0.09948979591836737,-0.017507418397626262,0.00643245917862445,0.022735606894022764,0.07084265473527229,0.0,0.005841376940618037
2017-10-31,0.01997336884154466,0.043293293293293234,-0.016164383561643847,0.017727639000805873,0.04839409722222232,0.06732495511669656,0.011428571428571344,0.011428571428571344,-0.018181818181818188,0.0,0.26315789473684204,-0.40594059405940597,-4.655172413793103,-0.3390804597701149,0.04486929379633242,0.08139931740614337,0.04857737682165175,0.06329113924050644,0.04469273743016755,0.0278422273781902,-0.008456659619450302,0.006391347099311551,0.027787737540337254,0.06545961002785505,0.0,0.025124223602484452
2018-01-31,0.03228103489200085,0.054689373950587594,0.16179337231968804,0.07759303246239124,-0.06396191264748496,0.018502943650126058,-2.8079096045197742,-2.8079096045197742,-2.833333333333333,-2.833333333333333,-0.2534722222222222,0.1166666666666667,-1.349056603773585,0.817391304347826,0.07804331590739366,0.10935774025564138,-0.7167438782263402,-0.7202380952380952,-0.06283422459893051,0.060948081264108556,0.019798964361864124,0.007327796775769446,-0.09314495028780745,-0.7222222222222222,0.0,-0.021266927201672226
2018-04-30,0.009887330420786489,0.029110757334546378,-0.0011984659635666528,0.0029390154298309934,0.020123839009287936,-0.004128819157720898,-1.640625,-1.640625,-1.6464646464646466,-1.6363636363636362,0.40930232558139545,-0.25373134328358204,-4.081081081081081,-0.40669856459330145,0.04295116037409086,-0.015789473684210464,0.19158878504672905,0.17872340425531918,0.028530670470756192,0.051063829787234116,2.502688172043011,0.007274490785645016,0.010194268128486117,0.18117647058823527,0.0,0.026093416287491733
2018-07-31,-0.04952185792349728,-0.18961325966850828,-0.09263258939284857,-0.2571428571428571,-0.01062215477996964,-0.0024875621890547706,0.15121951219512186,0.15121951219512186,0.15625,0.1587301587301586,-0.34983498349834985,8.46,4.166666666666667,-8.096774193548388,-0.29226170707406174,-0.05419858361034835,0.26078431372549016,0.2563176895306858,-0.006934812760055475,-0.08097165991902844,-0.22495096785196556,0.007221954742417047,0.0409367859862908,0.2350597609561753,0.0181818181818183,0.09092006033182498
2018-10-31,0.02299676607977008,0.049359149168257455,0.04998677598518908,0.15483234714003946,0.0006573181419806673,0.07564422277639227,-0.17372881355932202,-0.17372881355932202,-0.18918918918918926,-0.1917808219178082,0.8883248730964468,-0.7589852008456659,-0.7775891341256367,-1.1318181818181818,0.05443453777569207,0.019101466992665017,0.0762052877138415,0.05747126436781613,0.0013966480446927498,0.026431718061673992,-0.1936406645395532,0.0071701720841299554,-0.021949881104810665,0.0370967741935484,0.01785714285714257,-0.09133392323857992
2019-01-31,0.04812082894274683,-0.03534303534303529,-0.01360201511335013,-0.06490179333902646,0.10269323407050579,-0.007727975270479082,1.5846153846153848,1.5846153846153848,1.6333333333333337,1.6610169491525428,-0.42741935483870963,1.543859649122807,-0.06870229007633588,-2.637931034482759,-0.08144192256341787,0.03703703703703698,2.5086705202312136,2.5788043478260874,0.10599721059972111,0.03433476394849788,-0.017055532814845176,0.007593735168486049,0.05217879184589491,2.5552099533437014,0.01754385964912286,0.0316180274489517
2019-04-30,0.007819481680071405,0.0269396551724137,-0.004851889683350374,0.02100456621004576,0.017672756155679092,-0.03582554517133951,-0.6388888888888888,-0.6388888888888888,-0.639240506329114,-0.6369426751592357,0.18309859154929575,-0.806896551724138,-0.24590163934426235,-1.5105263157894737,0.046996124031007724,0.12810873337189133,-0.04612850082372322,-0.026575550493545985,0.022698612862547263,0.020746887966804906,-0.6923931149361466,0.007536504945831357,0.009776039815144077,-0.026246719160105014,0.0,0.0058112094395279534
