Quarter end,Assets,Current Assets,Liabilities,Current Liabilities,Shareholders equity,Revenue,Earnings,Earnings available for common stockholders,EPS basic,EPS diluted,Cash from operating activities,Cash from investing activities,Cash from financing activities,Cash change during period,Cash at end of period,Price,ROE,ROA,Book value of equity per share,P/B ratio,P/E ratio,Cumulative dividends per share,Equity to assets ratio,Net margin,Asset turnover,Current ratio
1995-03-31,0.04221721790356092,0.2170296866263608,0.377239578328338,0.377239578328338,0.006318129441043041,0.13235295189703633,-0.4236566303041839,-0.4236566303041839,0.0,0.0,-1.1269718817892573,0.5359693418624987,inf,-358.63613231552165,0.0012799405951235965,0.04456824512534818,0.5793871866295264,-0.5752066115702479,0.01041666666666674,0.329923273657289,-0.40784403669724767,,-0.034433126660761704,0.5,0.061728395061728225,-0.11634083364072312
1995-06-30,0.04221721790356092,0.2170296866263608,0.377239578328338,0.377239578328338,0.006318129441043041,0.13235295189703633,-0.4236566303041839,-0.4236566303041839,0.0,0.0,-1.1269718817892573,0.5359693418624987,inf,-358.63613231552165,0.0012799405951235965,0.04456824512534818,0.5793871866295264,-0.5752066115702479,0.01041666666666674,0.329923273657289,-0.40784403669724767,,-0.034433126660761704,0.5,0.061728395061728225,-0.11634083364072312
1995-09-30,0.00868549420463327,0.45111422376061805,-0.016085265198316878,-0.016085265198316878,0.012318140772989983,0.13235295189703633,-0.4236566303041839,-0.4236566303041839,0.0,0.0,-1.1269718817892573,0.5359693418624987,inf,-358.63613231552165,-0.4571678563354947,0.3440000000000001,0.5793871866295264,-0.5752066115702479,0.010309278350515427,0.329923273657289,-0.40784403669724767,,0.0035546382295608137,0.5,0.061728395061728225,0.47484972449490725
1995-12-31,0.046965808118842656,-0.010992983547993496,0.2690426116173221,0.2690426116173221,0.015311890503821202,0.13026979021109586,2.9023901915455745,2.9023901915455745,2.0,0.0,-17.45256001839141,-3.3591187910615257,-0.8414478146275295,-5.928958171766832,4.151119766309639,0.22817460317460325,0.5793871866295264,-0.5752066115702479,0.010204081632652962,0.2153846153846155,-0.40784403669724767,,-0.030164533820840944,0.5,0.061728395061728225,-0.22066711008590056
1996-03-31,-0.00021408878115569685,0.1109708527527955,-0.0761641538032315,-0.0761641538032315,0.013316888119449644,-0.008278711985179266,-0.10319840476454933,-0.10319840476454933,-0.33333333333333326,0.0,-1.2862800520596291,0.557228428787172,-0.25790556638509854,-0.1201863533351617,0.7090131825756187,0.08077544426494354,0.5793871866295264,-0.5752066115702479,0.010101010101010166,0.06962025316455689,-0.40784403669724767,,0.013548539114043301,0.5,0.061728395061728225,0.20256037770110757
1996-06-30,0.011126486935474356,0.008847148005973304,-0.17673440698230936,-0.17673440698230936,0.04163962793946441,0.058309253908275904,1.2602446447107671,1.2602446447107671,1.5,4.0,-2.0995356166675965,-2.4173250648017985,13.404596862458957,-2.276832070430519,-0.5297154984528638,0.14050822122570983,0.5793871866295264,-0.5752066115702479,0.040000000000000036,0.12869822485207094,-0.40784403669724767,,0.030105777054515892,0.5,0.061728395061728225,0.22542846357115898
1996-09-30,0.037807700077542306,0.021649557705522016,0.159166356507497,0.159166356507497,0.022228549944651066,0.038765116930310706,-0.33750577331047493,-0.33750577331047493,-0.20000000000000007,-0.20000000000000007,-1.290821923889125,-4.086113311145823,-0.650553402730289,-4.805058208264803,4.285912673716143,-0.06946264744429886,0.23104056437389775,-0.5752066115702479,0.019230769230769162,-0.10484927916120579,-0.40784403669724767,,-0.01500789889415477,0.19720767888307145,0.023255813953488413,-0.11863863765187177
1996-12-31,-0.01416760090262803,-0.03490244913398799,0.031072613803604154,0.031072613803604154,-0.020753202008994887,-0.13248367611148204,-2.4990172793408094,-2.4990172793408094,-2.25,-2.25,14.099629306585259,-1.9057275767196198,0.05002464268112372,-2.006881894579263,-0.8163978747455797,0.04788732394366213,-0.5773638968481376,-0.5752066115702479,-0.018867924528301883,0.027818448023426035,-0.17662096211945155,,-0.006644518272425293,-0.565597667638484,-0.022727272727272707,-0.06397673573246088
1997-03-31,0.10604032809214448,0.08388393864283472,0.4904230582495954,0.4904230582495954,0.047124535707933735,0.6945543270981012,-2.257889910426427,-2.257889910426427,-2.2,0.0,-1.4964063373234038,-0.9486077972040471,1.8501456438008201,-1.0462167054737723,0.20550535607496556,-0.23521505376344087,0.6847457627118645,0.6653696498054473,0.03846153846153855,-0.22079772079772075,0.7844576159563457,,-0.053281051781801425,0.4999999999999998,0.11627906976744184,-0.27277072442120986
1997-06-30,0.06297280584094334,0.04150548345995797,0.06946377121386837,0.06946377121386837,0.06155672393605194,0.07254104310590082,0.8193194897321867,0.8193194897321867,1.0,-3.4,-1.0396542796134356,-0.7668135469774218,-0.6791374433293292,-1.0414365643210137,-0.007063789358048744,0.12126537785588742,0.619718309859155,0.5864485981308412,0.06481481481481466,0.080438756855576,-0.3272525966151737,,-0.0013399926909489768,0.4541387024608503,0.08333333333333348,-0.026146072954321364
1997-09-30,0.8437271424864228,0.9478864674856087,0.041523189770106717,0.041523189770106717,1.020041122941409,0.1545582780574799,-0.43969477393362044,-0.43969477393362044,-0.5,-0.5,-2.1361602230210552,263.04372745303203,240.5037437352817,77.27066549912435,-0.5568207585486857,0.27429467084639514,-0.07826086956521738,-0.060382916053019264,0.7217391304347827,0.19627749576988163,-0.25039184952978044,,0.09563308123932668,0.021538461538461506,-0.07692307692307698,0.8702309395760832
1997-12-31,0.09190547879354583,0.09198335007603875,0.11913566215294691,0.11913566215294691,0.08881972514097614,-0.30445641771764453,-3.511924082589487,-3.511924082589487,-3.166666666666667,-3.166666666666667,60.20746432491767,-0.6600818618375075,-0.7421171316176458,-0.24641243339214258,-0.9468250342622202,0.19926199261992616,-0.6684636118598383,-0.6645768025078369,0.05050505050505061,-0.30410183875530417,0.07297438578149484,,-0.002783344466711135,-0.6069277108433735,-0.14583333333333337,-0.02426784848382324
1998-03-31,-0.02705040076543508,-0.04287841583366914,0.3518141397357344,0.19061110534158665,-0.07117912791935432,-0.052206792100619515,1.154378791821698,1.154378791821698,1.3846153846153846,1.3846153846153846,-2.727076124567474,-1.73228562927493,-0.9731909236230368,-4.981687809440391,69.92653978324081,-0.21743589743589742,-4.475609756097562,-4.490654205607477,-0.07692307692307698,-0.25406504065040647,0.3517490012666862,,-0.04532767667745907,0.0,-0.18292682926829262,-0.19610517191563126
1998-06-30,-0.025066758678783607,-0.03264380320670457,-0.10237355033126228,-0.11170926947574134,-0.011961665610221939,0.26323159553205233,-0.7947453519633458,-0.7947453519633458,-0.8064516129032258,-0.8064516129032258,0.28837172368718433,-0.6035950453479448,0.3300212467790786,-1.109553344556113,-0.10950818645689342,0.005242463958060384,0.3707602339181286,0.37884872824631843,-0.01041666666666663,0.08719346049046339,0.0,,0.013331774061513313,0.0,-0.1343283582089554,0.08900613885015152
1998-09-30,-0.058428443876080594,-0.07349405711935264,-0.043998281125882444,-0.042608906338596375,-0.06065080962597369,-0.14402584899512216,3.580721215665511,3.580721215665511,3.833333333333333,3.833333333333333,-0.24792768173439428,-0.7545936037806196,2.42878992841945,1.2887107039176113,-0.2814540849210907,-0.22555410691003908,0.7841296928327646,0.7679611650485438,-0.06842105263157894,-0.21553884711779459,0.0,,-0.00230813618003467,0.0,-0.08620689655172398,-0.03225167661192374
1998-12-31,-0.05472374189986928,-0.05547729490451736,0.06868392113361987,0.11216408259180621,-0.07406648402544103,0.032063889829460956,-0.07140037986123304,-0.07140037986123304,-0.06896551724137923,-0.06896551724137923,0.1511345619824811,7.702965968183561,-0.9286279314590236,-3.6365658713577256,1.0327415674970104,-0.22558922558922567,0.22333811573409856,0.20593080724876422,-0.07344632768361592,-0.1693290734824281,0.0,,-0.02047426257952578,0.0,0.05660377358490565,-0.1507400586590273
1999-03-31,-0.01570176954873015,-0.04058433639476644,0.15137592337672912,0.2235925004273258,-0.04592659866944804,0.20783989548054382,-0.40087885627247666,-0.40087885627247666,-0.40740740740740744,-0.40740740740740744,0.04535171483193956,1.1385701736414178,1.17375,2.265173985407075,1.6588832312766306,0.17608695652173934,-0.11571540265832692,-0.12431693989071035,-0.04878048780487798,0.26923076923076916,0.0,,-0.030703826169107273,0.0,0.125,-0.21590233716167373
1999-06-30,-0.034849257409149126,-0.029792250020700406,-0.0727167329601407,-0.07273015045042586,-0.026582273477859797,0.025806195308510693,-0.4657458187588316,-0.4657458187588316,-0.4375,-0.4375,0.19038448743826786,-1.1725973954050424,-0.7648712542329563,-1.6164881195028085,-0.3846283250406015,0.38077634011090566,0.08620689655172398,0.07436297451898088,-0.02564102564102566,0.45151515151515165,0.0,,0.008528265107212496,0.0,0.07936507936507953,0.046298193141312005
1999-09-30,-0.06827783005881205,-0.0853132603158695,0.15443654588179312,0.16588514538715304,-0.11459501575483289,-0.34383863305474527,3.1585397745056722,3.1585397745056722,2.888888888888889,2.888888888888889,-0.4955619251065785,-1.3832713138449702,1.6793478260869565,-0.8338915122160061,-0.10382348104598771,-0.004016064257028051,0.16035816035816053,0.13359148112294283,-0.11184210526315785,0.020876826722338038,0.0,,-0.049649673834259556,0.0,0.0,-0.21545208912558256
1999-12-31,-0.0552948197499562,-0.04305932780343347,0.22961491359454644,0.17831586036694125,-0.13255030105284926,0.42603692263693627,0.16549618161427238,0.16549618161427238,0.17142857142857149,0.17142857142857149,0.7630478992234468,1.3571369055885096,13.633914807302231,-0.8123889894391321,-0.02173503521574016,1.508064516129032,0.2679761487197474,0.22203245089666956,-0.14074074074074083,1.8261758691206547,0.0,,-0.08173382483793046,0.0,0.08823529411764697,-0.1878712253556276
2000-03-31,3.3466495486498324,3.953225596473061,0.13942168950373324,0.12125563018515373,4.57940420971196,0.01845427953339196,-0.14178414334605716,-0.14178414334605716,-0.1707317073170731,-0.1707317073170731,-0.07628811597559226,1.2723719492796435,132.17289022693123,-872.3069993256912,19.35860728804462,0.5707395498392283,-0.3673582295988935,-0.30852550663871425,3.7586206896551726,0.8285094066570187,0.0,,0.2834994462901439,0.0,-0.41891891891891897,3.4175527011247
2000-06-30,-0.023967878608729953,-0.026547841600723876,-0.11969765342960292,-0.12283715793348882,-0.0164535439764798,-0.03210586934701265,-0.35339007647587495,-0.35339007647587495,-0.4411764705882353,-0.4411764705882353,0.4999949107315529,-3.694498334411133,-0.9992922406005597,-1.103259562955628,-0.09818774100493544,-0.40054588877516206,-0.2352426759947529,-0.20717534108135416,-0.018115942028985477,-0.8741590819153147,0.0,,0.007765314926660993,0.0,-0.3023255813953488,0.10977628759843072
2000-09-30,0.04137327646400668,-0.013934074028604804,-0.017429193899782147,0.0029378847229994953,0.045504474816775664,0.19218296637651466,-0.2544080604534005,-0.2544080604534005,-0.631578947368421,-0.631578947368421,-0.02285714285714291,-1.2237800687285223,1.7205882352941178,-0.9077645648046367,-0.010042432814710067,0.4325554923164485,-0.3584905660377359,-0.3428935627788401,0.03874538745387457,0.4591194968553458,0.0,,0.003959760273972712,0.0,-0.16666666666666663,-0.01682368353422714
2000-12-31,-0.02548732904101403,-0.025496229368241363,0.08412677709664806,0.09889803319849344,-0.03272476748191522,-0.1483178239083751,1.5364864864864867,1.5364864864864867,1.5714285714285712,1.5714285714285712,-0.126827485380117,-1.7733415233415233,-1.5675675675675675,3.066088840736728,-0.04124765076329584,0.14858959078267775,-0.18894830659536543,-0.17749757516973808,-0.035523978685612856,0.1056034482758621,0.0,,-0.007461891056390613,0.0,-0.19999999999999996,-0.11320153264521549
2001-03-31,-0.02171065720538501,-0.02386362599355729,0.12307507218479308,0.13823305407463815,-0.03242521367521367,0.025886703647671983,0.11401172083111355,0.11401172083111355,0.11111111111111116,0.11111111111111116,0.6885726245290917,-6.3868149324861,-5.571428571428571,-1.8601119104716228,0.037003920489717235,-0.25181598062954,0.1186813186813187,0.11792452830188682,-0.03867403314917128,-0.22417153996101358,0.0,,-0.010954784663301464,0.0,0.04999999999999982,-0.14240422151448273
2001-06-30,-0.05458720649419979,-0.05455939270422372,-0.039528655597214746,-0.010259841641574674,-0.05588067502162353,-0.01818777650335901,0.5066953610712577,0.5066953610712577,0.4999999999999998,0.4999999999999998,-0.07808626673277141,-4.870392214685934,-1.43125,-10.347893432465924,-0.3335654750060799,-0.12159038372630604,0.4047151277013752,0.39873417721519,-0.05555555555555558,-0.08542713567839189,0.0,,-0.0014116625040722086,0.0,0.0,-0.04476523401151833
2001-09-30,-0.06064299862867595,-0.061949965391080775,-0.022083426277046625,-0.01836619718309862,-0.0640124750255836,-0.2750333778371161,0.12696397397238535,0.12696397397238535,0.13333333333333353,0.13333333333333353,0.2269427265393924,-0.8235361347098937,-3.4830917874396135,-0.712311516155758,-0.14399455935773886,0.08000000000000007,0.42237762237762255,0.41478129713423817,-0.06896551724137934,0.1428571428571428,0.0,,-0.0035885167464114742,0.0,-0.04761904761904756,-0.04439705482277145
2001-12-31,-0.04887171413577596,-0.04922785010277764,0.1429060218978102,0.14715335169880617,-0.06638066578506197,0.36026703499079193,-0.09238135473876918,-0.09238135473876918,-0.08823529411764708,-0.08823529411764708,0.07451238220468981,-0.01727115716753025,-0.9007782101167315,0.08328533579080744,-0.18222687284424288,-0.06822612085769975,0.19026548672566368,0.1801705756929639,-0.065359477124183,0.0024038461538460343,0.0,,-0.018334606569900713,0.0,0.04999999999999982,-0.17119111029479295
2002-03-31,-0.105404131095573,-0.07494872221298299,-0.07115058377407446,-0.06864118471082647,-0.10923245075951904,0.8135048231511255,-0.791155934833204,-0.791155934833204,-0.7741935483870968,-0.7741935483870968,0.31388945543544766,-3.1419156414762743,2.0784313725490198,-1.3684602296894939,0.08210511350172967,-0.3268828451882846,-0.048740190004130546,-0.05510388437217717,-0.11188811188811187,-0.28057553956834536,0.0,,-0.004335742078932725,0.0,0.2857142857142858,-0.006770158118095448
2002-06-30,-0.08100834305194227,-0.08349014202672744,-0.19177051998281047,-0.19177051998281047,-0.0680998647768819,-0.5048525569242255,3.0861812778603266,3.0861812778603266,2.714285714285714,2.714285714285714,0.06209251785159897,0.48061538461538467,-0.7388535031847134,1.2034632034632033,0.16718856066744037,-0.3504273504273504,0.041684759009986916,0.03824091778202687,-0.06824146981627299,-0.27,0.0,,0.014068780705672301,0.0,0.03703703703703698,0.13397219929047943
2002-09-30,-0.06573360015618901,-0.0688252756018779,-0.05702512295626749,-0.05702512295626749,-0.06661381988203519,0.05088578967206936,-0.05600000000000005,-0.05600000000000005,-0.03846153846153855,-0.03846153846153855,-0.528354282373575,-1.1173455250761983,4.219512195121951,-1.6165029469548133,-0.08830813102697832,-0.297846889952153,-0.01667361400583578,-0.0202578268876612,-0.06760563380281681,-0.2465753424657534,0.0,,-0.0009909711517287478,0.0,0.1428571428571428,-0.012513896130726954
2002-12-31,-0.06702801541174164,-0.0662584613656153,-0.09768818720045114,-0.09768818720045114,-0.0638971657238272,0.00789096126255373,-0.14503081664098616,-0.14503081664098616,-0.16000000000000003,-0.16000000000000003,-0.1942981096994112,-3.3648170011806378,-1.0654205607476634,-1.295729764181007,0.0286449223171108,-0.333901192504259,-0.03264094955489616,-0.02960526315789469,-0.0664652567975832,-0.2848484848484848,0.0,,0.0034167309599910656,0.0,0.0625,0.03482938978829386
2003-03-31,-0.043341312838603985,-0.043692094814101745,-0.024058740821746638,-0.024058740821746638,-0.045239266822487356,0.21138790035587185,-0.31516107231358415,-0.31516107231358415,-0.2857142857142857,-0.2857142857142857,0.351923076923077,-1.4837743384922617,-3.7142857142857144,-4.890086206896552,-0.10832816532298395,0.1406649616368285,0.17528483786152504,0.1801452784503632,-0.0453074433656957,0.22033898305084754,0.0,,-0.0019771528998242527,0.0,-0.08823529411764708,-0.020111484437427163
2003-06-30,-0.06991819951124578,-0.0715442807039618,-0.2625260124859933,-0.2625260124859933,-0.050539539378321785,-0.25088131609870745,0.047697368421052655,0.047697368421052655,0.0,0.0,0.08421052631578951,-1.5629514963880289,-1.0,-0.4976915974145891,-0.06102485865565821,0.18385650224215255,-0.0745712155108128,-0.07016823963890029,-0.05084745762711873,0.24305555555555558,0.0,,0.02080123266563949,0.0,0.06451612903225823,0.25896523943329863
2003-09-30,-0.046319168017117995,-0.04438120405190227,-0.10136748426307796,-0.10136748426307796,-0.04201723436015736,0.04725490196078441,-0.1331240188383046,-0.1331240188383046,-0.1333333333333333,-0.1333333333333333,-0.4867488848071372,0.9083409715857012,inf,-1.1488970588235294,0.009676956895727784,0.38257575757575757,-0.1079774375503626,-0.1019417475728156,-0.046428571428571375,0.4581005586592177,0.0,,0.004528301886792541,0.0,0.06060606060606055,0.06341501482753231
2003-12-31,-0.029431658830322505,-0.36446626723862874,-0.03792270531400965,-0.03792270531400965,-0.02880920761398853,0.2512638082756038,-0.2875769648678015,-0.2875769648678015,-0.3076923076923077,-0.3076923076923077,-0.18916155419222902,-13.390009606147935,0.2007168458781361,-67.78271604938271,-0.6400596350900443,0.1095890410958904,-0.14859981933152666,-0.14348894348894337,-0.0337078651685393,0.16091954022988508,0.0,,0.0006439841150585046,0.0,0.08571428571428585,-0.3394170225881731
2004-03-31,0.005609287620472303,0.03140601902211815,0.21139844338438363,0.21139844338438363,-0.009334889148191361,0.2890917252730809,-0.22064056939501775,-0.22064056939501775,-0.11111111111111105,-0.11111111111111105,0.7547288776796974,-0.7439137850829586,1.91044776119403,-0.6889118941102526,-0.5468113083497699,-0.05679012345679013,-0.10769230769230775,-0.10499139414802072,-0.023255813953488413,-0.02310231023102305,0.0,,-0.014909363938646392,0.0,0.13157894736842102,-0.14858634671999116
2004-06-30,0.008062744037457215,0.1758836096162686,0.055751295336787576,0.055751295336787576,0.00382803297997647,-0.13627394080092858,0.5518590998043054,0.5518590998043054,0.375,0.375,-0.015091627739849067,-0.9274901604601877,1.649230769230769,-0.9203708105538388,-0.0972000580298854,0.467277486910995,-0.06718192627824005,-0.06987179487179485,-0.007936507936507908,0.5033783783783785,0.0,,-0.004137630662020886,0.0,0.09302325581395343,0.11379175365344474
2004-09-30,8.383916294985028e-05,0.13488029804751278,-0.1301531213191991,-0.1301531213191991,0.012246993253153482,0.40263405456255885,-1.1929382093316518,-1.1929382093316518,-1.1818181818181819,-1.1818181818181819,-0.4093396570594674,-0.7515657620041754,-0.9202477739063105,1.2417910447761193,-0.24136268680700623,-0.05084745762711862,-0.36902485659655837,-0.37008959338387326,0.008000000000000007,-0.04269662921348327,0.0,,0.012136453094248933,0.0,0.19148936170212782,0.3046941811834445
2004-12-31,0.016883791895109246,0.09102699197535857,0.031369893929135584,0.031369893929135584,0.015721220024632387,-0.08345309954967906,-1.4379084967320261,-1.4379084967320261,-1.5,-1.5,-1.2260654725138975,-10.109243697478991,4.087378640776699,-2.603861517976032,0.5102732471933913,0.24906015037593976,-0.3292929292929293,-0.33150984682713347,0.007936507936507908,0.23708920187793425,0.0,,-0.0011882899427460014,0.0,0.0714285714285714,0.057843225285085786
2005-03-31,0.00677658697444361,0.025705794947993965,0.06827133479212244,0.06827133479212244,0.0017653352353781404,0.12607150324064387,0.09950248756218905,0.09950248756218905,0.0,0.0,-4.19672131147541,0.3191881918819188,-0.7614503816793893,-0.7733499377334994,0.06844319775596075,-0.02558314522197136,-0.3644578313253012,-0.3633387888707038,-0.15354330708661423,-0.032258064516129004,0.0,,-0.00497512437810943,0.0,0.050000000000000044,-0.03984313991783517
2005-06-30,0.40398945316978097,-0.026437780675068856,0.5028676771814831,0.5028676771814831,0.3953968564766195,-0.21806535462309695,82.74660633484163,82.74660633484163,76.0,76.0,1.8333333333333335,-0.17692307692307696,4.032,-2.52014652014652,-0.10895248096613286,-0.24092664092664084,6.12085308056872,6.110539845758356,0.3906976744186048,-0.10392156862745083,0.0,,-0.006086956521739184,0.0,-0.0634920634920636,-0.3521985890839654
2005-09-30,-0.03584551318690288,-0.05101926939959822,-0.15292353823088456,-0.15292353823088456,-0.024887743647310945,0.2983497566187818,-0.8498487140695915,-0.8498487140695915,-0.8571428571428572,-0.8571428571428572,-0.1499245852187029,8.495327102803738,-0.9610492845786963,-11.212048192771084,1.2486741308190927,-0.019328585961342792,0.0818635607321132,0.08206796818510487,-0.030100334448160626,-0.29540481400437635,0.0,,0.011373578302712017,0.0,-0.06779661016949146,0.12029531373672864
2005-12-31,-0.009811749903213318,-0.071774367417338,0.6320193081255028,0.03089300080450519,-0.06199552596119884,-0.038496708119970746,0.6120906801007557,0.6120906801007557,0.5454545454545456,0.5454545454545456,0.039744499645138376,-1.4138332140300645,2.816326530612245,-1.8679801793298725,-0.48198375262054505,-0.06846473029045641,0.13103660412180873,0.11560307383895752,-0.06206896551724128,-0.037267080745341685,0.0,,-0.05266003460207613,0.0,-0.054545454545454564,-0.09958218118475393
2006-03-31,-0.04041786303378336,-0.01934162461200617,-0.10785763580794638,0.3639769002653348,-0.03087779978243288,0.31203043271516884,-0.17812499999999998,-0.17812499999999998,-0.17647058823529405,-0.17647058823529405,-0.9058020477815699,-0.9223783783783783,2.2032085561497325,-0.9898056272937339,-0.009485266219805277,0.2538975501113585,0.08213217296709252,0.0730757711889789,-0.03676470588235292,0.3354838709677419,0.0,,0.009930373245063295,0.0,0.019230769230769162,-0.28102762520630975
2006-06-30,-0.048932350357156484,-0.11911375234157995,-0.1613437948944635,-0.18274402105504062,-0.03429369099700663,-0.05711800521890398,0.6651276480173818,0.6651276480173818,0.6428571428571428,0.6428571428571428,16.894927536231883,-18.050139275766018,-0.05342237061769617,-26.333333333333332,0.24259448416751783,0.1376554174067497,-0.39733601407388786,-0.40022327658386825,-0.03435114503816805,0.181159420289855,0.0,,0.015370705244122984,0.0,0.15094339622641506,0.07784363533728489
2006-09-30,-0.04839746164350556,-0.07252328224682847,0.33113717222295436,0.337440492859143,-0.0913195738022502,-0.16313038130381308,0.41510357201109116,0.41510357201109116,0.4347826086956521,0.4347826086956521,-0.27718161571168254,-1.0697598431628819,1.1005291005291005,-2.4105263157894736,-0.27538018906699546,0.11007025761124112,0.42285237698081724,0.3964634713820381,-0.09881422924901184,0.1492842535787322,0.0,,-0.04508014247551195,0.0,0.032786885245901676,-0.306518627142907
2006-12-31,0.048607886998973004,-0.07774615222433057,0.727875668184518,0.15148659966499167,-0.06392574249307115,0.1853757119235715,-0.22487321346242506,-0.22487321346242506,-0.24242424242424243,-0.24242424242424243,0.3453781512605043,-10.44496487119438,-0.8513853904282116,-0.6376865671641792,-0.13769143505388537,-0.025316455696202667,0.16090269636576782,0.12462512495834743,-0.06578947368421051,0.08185053380782925,0.0,,-0.10735516960018643,0.0,0.07936507936507953,-0.19907360789447182
2007-03-31,0.8271258754393969,1.7542435846145055,-0.19289601833285597,0.172561141921993,1.13905289160637,0.0733880967141971,-0.05591078066914501,-0.05591078066914501,-0.12,-0.12,0.3549864667915885,0.33101909248698247,364.0960451977401,-66.46343975283213,10.45305048511758,-0.018037518037518074,-0.08356475637465288,-0.07318518518518513,0.7652582159624413,0.05098684210526305,0.0,,0.17080177592060575,0.0,-0.16176470588235303,1.3488810661302488
2007-06-30,-0.04880932274953553,-0.07319831503807761,-0.15438671209540034,-0.21346049468868733,-0.03662721651173262,0.015305754097177049,0.3033548590329185,0.3033548590329185,0.18181818181818188,0.18181818181818188,0.9651198524892439,-0.25167660208643816,-0.9788616879700411,-1.1167151734445055,-0.10652442351319535,-0.1013960323291696,-0.07520661157024788,-0.0664961636828646,-0.037234042553191404,-0.49139280125195617,0.0,,0.012714699977693478,0.0,-0.12280701754385959,0.17833056789594814
2007-09-30,-0.0210289031620553,-0.05522406439262484,0.2927893897422984,0.24881703470031535,-0.05281280021764456,-0.19256204223849815,0.13377643504531722,0.13377643504531722,0.1153846153846152,0.1153846153846152,-0.8006098991320666,-1.2180731889469754,-0.5021961932650073,-0.6348564496562878,-0.04353415719864373,-0.00817661488143906,-0.1030682156687519,-0.0986301369863013,-0.0524861878453039,0.030769230769230882,0.0,,-0.03237885462555057,0.0,-0.09999999999999998,-0.2434617699496927
2007-12-31,-0.005480553890798934,-0.06360641751783302,0.43601064865917794,0.3500157878118093,-0.06651048819236882,0.4103918978423602,-0.11522063525900661,-0.11522063525900661,-0.10344827586206884,-0.10344827586206884,1.3447058823529412,52.50114155251141,-2.723529411764706,18.912144702842376,-0.9063140562518902,0.13932399010717234,-0.05712387910993022,-0.05319148936170204,-0.06997084548104959,0.20298507462686577,0.0,,-0.061461415888914184,0.0,-0.04444444444444451,-0.3063794656259383
2008-03-31,-0.06411506775454534,-0.09519651760180192,0.10494664496292283,0.13881417378084437,-0.10006634551590854,0.0932251014673744,0.803638115889652,0.803638115889652,0.7307692307692308,0.7307692307692308,0.2637564810168924,-1.0601916060340966,-2.0204778156996586,-0.9344851877942976,-0.6337876614060258,0.01374819102749636,0.3518844663613949,0.3126003210272874,-0.10971786833855801,0.08933002481389574,0.0,,-0.038321610477807466,0.0,0.09302325581395343,-0.20550109286069806
2008-06-30,-0.028839881048199234,-0.1142889109547851,-0.15885747022956986,-0.19475251591702614,0.005107164989208712,-0.0657413753712589,-0.3912636922254876,-0.3912636922254876,-0.37777777777777777,-0.37777777777777777,0.5755690841715193,2.193548387096774,1.036789297658863,-0.8825693265421619,-0.20323212536728696,0.172733761598858,0.07998957790515893,0.05197187404463466,-0.017605633802816878,0.3189066059225514,0.0,,0.0349306431273646,0.0,0.06382978723404253,0.09993735189170039
2008-09-30,0.27830266865572684,0.5891585479465034,-0.07200194599854048,-0.09468851622776253,0.354845224934093,0.222656966436388,-0.3054641211323239,-0.3054641211323239,-0.3571428571428572,-0.3571428571428572,-0.7102057958840824,-5.148629148629149,16.470032840722496,-4.106024096385543,0.7922556853103873,0.10651247717589785,-0.1085645355850422,-0.10927056088346421,0.24731182795698925,0.1260794473229705,0.0,,0.059826976970878576,0.0,0.10000000000000009,0.7553612995889258
2008-12-31,-0.030144409259663663,-0.04223840704271531,-0.1734207077326343,-0.04120298633610364,-0.008701246734090229,-0.13640682034101703,0.21627172195892586,0.21627172195892586,0.16666666666666674,0.16666666666666674,-0.26724637681159424,-1.0035852842809365,-0.9753037103179265,-1.1411947245927074,-0.06241426611796985,-0.21397139713971403,-0.06522327469553457,-0.04567699836867867,-0.011494252873563204,-0.36963190184049066,0.0,,0.022189008967578694,0.0,0.0,-0.001072159130986794
2009-03-31,-0.04329714096727211,-0.08198813179516973,0.2668865351683898,0.2913391610960112,-0.0820062686000127,0.13386601818076538,0.09806468372515909,0.09806468372515909,0.1428571428571428,0.1428571428571428,-0.8330696202531646,9.649253731343284,-0.8230256898192198,4.214285714285714,-0.3471104608632041,-0.251224632610217,-0.21105964099594665,-0.19863247863247857,-0.0959302325581396,-0.24330900243309006,0.0,,-0.04049038353391077,0.0,-0.018181818181818188,-0.289101667867079
2009-06-30,-0.0021771429412024146,-0.06687836906282141,-0.05346683354192738,-0.07651174697081742,0.006656147883741692,0.016851350661287956,-0.0820913177194228,-0.0820913177194228,-0.125,-0.125,10.04739336492891,2.251576734407849,-0.5053763440860215,-1.195995785036881,0.10420168067226898,-0.36074766355140186,-0.08770642201834877,-0.0789249146757679,0.006430868167202508,-0.292604501607717,0.0,,0.008791466416598448,0.0,0.0185185185185186,0.010429496602963884
2009-09-30,-0.019740236764900998,-0.021012219786607944,0.009890516739831767,-0.006406307749168394,-0.024538563658943913,0.005473811078190227,-0.011082474226804084,-0.011082474226804084,0.0,0.0,-0.4566709566709567,-0.5392241379310345,4.010869565217392,3.360215053763441,0.4114662607813293,0.23976608187134518,0.07441673370876911,0.07040296433534032,-0.02875399361022357,0.2318181818181817,0.0,,-0.004880316058563761,0.0,0.0181818181818183,-0.014706171480250774
2009-12-31,-0.0206791794501594,-0.015747934088772286,0.051220278621556536,0.04246745195288293,-0.03273333918693477,0.13869743282389368,-0.40513421944227257,-0.40513421944227257,-0.4285714285714286,-0.4285714285714286,-0.950256612712199,-0.5130963517305893,-0.6268980477223427,-0.44019728729963004,0.16319194823867722,0.12853773584905648,-0.06701609883938597,-0.07918649935093036,-0.03289473684210531,0.16236162361623618,0.0,,-0.012260625875759046,0.0,0.10714285714285698,-0.05583158734909699
2010-03-31,-0.005098514980726998,0.039025677764790156,0.07682343563172589,0.07427891763306582,-0.020025054011365118,0.007895083117680501,-1.2135815991237677,-1.2135815991237677,-1.1666666666666667,-1.1666666666666667,-0.6746031746031746,-0.04034582132564846,0.4767441860465116,2.4185022026431717,0.4796044499381953,-0.010449320794148398,-0.319422150882825,-0.32330827067669177,-0.020408163265306145,0.022222222222222365,0.0,,-0.015013594987587142,0.0,0.048387096774193505,-0.032821184775028045
2010-06-30,-0.08581461758123021,-0.07797454879760002,-0.08910891089108908,-0.1228410097431355,-0.08515506317388566,-0.042517080812916164,-7.133333333333334,-7.133333333333334,-9.0,-9.0,63.5609756097561,1.4514514514514514,-0.6299212598425197,-1.5457474226804124,-0.17690058479532167,0.001055966209081216,-0.056014150943396235,-0.06319444444444444,-0.09375,0.021739130434782483,0.0,,0.0007201152184348469,0.0,0.06153846153846132,0.05115374530198413
2010-09-30,0.04204270120134068,0.014956311825981894,0.07862657456318578,0.08381192805301363,0.034749855715197064,0.06244886828470131,-0.46471571906354514,-0.46471571906354514,-0.4375,-0.4375,-0.32451832262939173,-0.6267864434463046,3.2765957446808507,-1.2479338842975207,0.05328596802841923,0.07383966244725726,-0.23860087445346656,-0.24536693847294289,0.034482758620689724,0.18541033434650456,0.0,,-0.006956104581434475,0.0,0.05797101449275366,-0.0635276998233032
2010-12-31,0.007542675664946374,0.031565885059848586,0.0916839329440573,0.10056484015605882,-0.009941777973482058,0.1654688569472964,-0.7494532958450484,-0.7494532958450484,-0.7777777777777778,-0.7777777777777778,-4.2790827740492166,-6.978118161925602,-0.818407960199005,-0.8,0.010118043844856706,0.04223968565815328,-0.2789171452009843,-0.2858546168958742,-0.011111111111111183,0.007692307692307665,0.0,,-0.017391304347826098,0.0,0.0547945205479452,-0.06270949410641735
2011-03-31,0.058104565703349875,0.06181394416319974,0.15796057455894408,0.1821693121693122,0.035224700777829465,0.04716634855381008,1.2094763092269325,1.2094763092269325,1.5,1.5,-0.9750980726590482,-0.9540629575402635,10.027397260273972,38.0,0.39065108514190316,0.1526861451460888,0.3151308304891922,0.2984869325997248,0.01872659176029967,0.16539440203562328,0.0,,-0.021632251720747342,0.0,0.051948051948051965,-0.10179045092838201
2011-06-30,-0.003427364197343241,-0.009972031108016588,-0.256695846526355,-0.31168598666248937,0.06148382230793459,-0.041151109397455254,1.5925507900677203,1.5925507900677203,1.4,1.4,-59.602739726027394,2.8764940239043826,8.477018633540373,-2.0256410256410255,-0.2881152460984394,0.35895339329517584,-0.14446366782006914,-0.13983050847457634,0.0625,0.3340611353711791,0.0,,0.06507537688442211,0.0,0.024691358024691246,0.438327268892053
2011-09-30,0.0036069149057855743,0.03618938635388358,0.012879623133206453,0.0035763053514532572,0.001942743045249662,0.07760921220983374,-1.130822812363953,-1.130822812363953,-1.1666666666666667,-1.1666666666666667,-1.2648433847592333,0.19732785200411107,-0.9517630095687508,-1.706547619047619,0.2859551915201157,-0.17509025270758127,-0.3801820020222447,-0.376847290640394,0.0,-0.22422258592471356,0.0,,-0.0016513328615238576,0.0,0.048192771084337505,0.032483959670027485
2011-12-31,0.06850543271787868,0.1271627093686729,0.1304735045272376,0.15718543475443836,0.057262632519142986,0.09227220299884653,3.8602329450915143,3.8602329450915143,3.0,2.5000000000000004,1.1760812003530452,6.5399141630901285,9.831521739130435,-1.207245155855097,-0.04608467590858001,0.14806710430342807,-0.5823817292006526,-0.5790513833992095,0.04498269896193774,0.14978902953586504,0.0,,-0.010515122873345994,0.0,0.011494252873563315,-0.02594012996697559
2012-03-31,0.09447043932132049,0.12815619195362404,0.20859593837535018,0.2550391937290033,0.07233099560189515,0.15982359152742398,-0.12119137281752823,-0.12119137281752823,-0.25,0.0,0.012573514500101357,-0.2534153005464481,-0.3233818364274962,-4.650406504065041,0.17635506677140622,0.32846251588310027,-1.5,-1.5023474178403755,0.0629139072847682,0.2697247706422017,0.0,,-0.020179104477611953,-0.5478927203065134,0.03409090909090917,-0.10109185031260837
2012-06-30,0.006438786051679246,0.029419480907191042,-0.11704208010429495,-0.14722284184697743,0.033437057095576206,0.038533633247643584,0.21503700818075577,0.21503700818075577,0.3333333333333335,0.1428571428571428,-0.1351892649709593,-0.013418725221103989,-0.6329254727474972,-3.228285077951002,-0.33405676126878125,0.07364897178383534,4.921875,4.925233644859813,0.028037383177569986,0.010115606936416333,3.0456281986592666,,0.02680965147453085,4.661016949152542,0.0439560439560438,0.2071377876913718
2012-09-30,0.07065112135414653,0.09001590635463264,0.0324829792469854,0.03076118231755176,0.07778118296046577,-0.035221617719103704,0.7534466175056107,0.7534466175056107,0.7500000000000002,0.625,0.5780453913849004,0.29876352395672323,0.5505050505050506,-1.2538730634682658,0.12735021308598649,-0.010690423162583396,0.4419525065963059,0.44321766561514186,0.07575757575757569,-0.03719599427753928,-0.8351180400890869,,0.006646095418941345,0.44610778443113785,0.0,0.05748362170334298
2012-12-31,-0.005046850692811411,-0.016382604769659914,0.150552156987368,0.18200274069938582,-0.03289211783439494,0.0222626079054975,-0.509233863594807,-0.509233863594807,-0.5,-0.46153846153846145,0.1313472262987967,-2.076877305724146,-7.780456026058632,11.32283464566929,1.3920391372025795,-0.25484016208914906,-0.0503202195791399,-0.05464480874316946,-0.005633802816901401,-0.3075780089153046,-0.48897773935595423,,-0.02794152322565424,-0.05590062111801242,0.0,-0.16784216545939767
2013-03-31,0.030240774745619925,-0.044236979721643865,0.1365488192238642,0.16175018248958728,0.0076077768385460764,0.14180392156862753,0.394187779433681,0.394187779433681,0.2857142857142856,0.2857142857142856,-0.0195874951355558,-1.4907724610454194,-0.622598001537279,-1.208626198083067,-0.12140931486473927,-0.0670694864048339,0.06262042389210021,0.05895953757225447,0.0028328611898018607,-0.0622317596566524,-0.06724466060477907,,-0.021952698605215315,0.04166666666666674,0.010526315789473717,-0.17729927843316917
2013-06-30,0.002729427820163721,-0.0850735388705458,-0.11425012910477228,-0.14651094027202838,0.030821418149985513,-0.02298850574712641,-1.46044895777659,-1.46044895777659,-1.4444444444444444,-1.4444444444444444,-1.004366234453559,-1.1999549650979509,-1.3831466395112018,-2.7427258805513017,0.2408210771346948,0.28044041450777213,-0.33544877606527645,-0.33842794759825323,0.016949152542372836,0.2768878718535468,0.21128995692586705,,0.027901785714285587,-0.33894736842105266,0.01041666666666674,0.07197549770290967
2013-09-30,0.061925461830426576,0.0368280451797347,0.039680362164757454,0.04131300883422839,0.06651569300449389,0.03925474572299037,-1.6146256529309344,-1.6146256529309344,-1.75,-1.75,-157.21212121212122,-13.356981981981981,1.4578073089700996,-1.7060632688927944,-0.13703419459367272,0.09762266059686397,-0.44338335607094137,-0.4455445544554456,0.061111111111111116,0.08064516129032251,0.6245554931686319,,0.004343105320304019,-0.45700636942675155,0.010309278350515427,-0.00430735930735926
2013-12-31,0.06820278534297497,0.08240367403764437,0.08553521359063176,0.09935124345005408,0.06471626499628402,0.041718344796482176,3.1482530689329558,3.1482530689329558,2.666666666666667,2.666666666666667,0.6389912706110572,-1.0882165314863756,-0.21357123546904566,-8.785936527691351,1.2363636363636363,0.10092165898617522,0.24264705882352944,0.24404761904761907,0.054973821989528826,0.036484245439469376,0.8349078341013827,,-0.003243243243243321,0.2375366568914956,0.010204081632652962,-0.015412708419382137
2014-03-31,0.06227600651617404,-0.014724920445339018,0.12598760179895474,0.15040665783998497,0.049209445521229966,0.09174153046866551,-0.17550648759389942,-0.17550648759389942,-0.18181818181818188,-0.36363636363636354,0.1711445141436856,-14.589876033057852,-0.4778274321072533,-1.137148337595908,-0.07582184517497348,0.1728756802009208,-0.06508875739644981,-0.062200956937799035,0.04714640198511155,0.1120000000000001,-0.07408802662146052,,-0.012292118582791,-0.05213270142180093,-0.010101010101010055,-0.14353528216903644
2014-06-30,0.003792470558452221,0.07840394689995422,-0.03287094510714095,-0.0472526388477853,0.011861980481488343,-0.032161481569607187,-1.4718387631143015,-1.4718387631143015,-1.4444444444444444,-1.5714285714285714,-0.6776149570490146,-1.8229570505511212,-1.1270572745227123,-9.055944055944057,0.6609294320137693,-0.1638115631691649,-0.04430379746835433,-0.04336734693877553,-0.0023696682464454666,-0.2014388489208634,-0.06543703804163559,,0.008052708638360162,-0.030000000000000027,-0.010204081632653073,0.13188626227733224
2014-09-30,0.045386204688970144,0.06348307982549217,0.11636343341890831,-0.06350521156899291,0.03045494570002938,0.06406342832558232,-3.246342890579286,-3.246342890579286,-3.25,-3.25,1.1040752351097178,-3.383059301681138,-12.072538860103627,-2.248336226851852,-0.49674726540011516,0.09133589415279553,0.32671081677704206,0.32000000000000006,0.019002375296912177,0.09369369369369385,0.0913510375852562,,-0.014282256112321479,0.32474226804123707,-0.010309278350515427,0.13558202564511368
2014-12-31,0.11704802731692832,0.1868638712109454,0.1262060690896365,0.15740399498783808,0.11496086317492504,0.19382725557395353,2.3039854128679345,2.3039854128679345,2.4444444444444446,2.3333333333333335,1.2534266984505362,-0.2741191519051126,1.837622835751053,-1.1156052616329606,0.11411085054052506,0.19006648416112637,0.7287853577371048,0.7171717171717171,0.10955710955710951,0.16803953871499178,-0.12040422844225773,,-0.0018418467583497522,0.6828793774319064,0.02083333333333326,0.025451263537906055
2015-03-31,0.4053361464948313,0.3709675410407791,0.038885806236821585,0.25199808947619795,0.4896943561655034,0.08954116603499718,6.7951750236518444,6.7951750236518444,6.774193548387097,6.1,0.20747107438016532,-0.13691461526138726,-0.7501649076517151,0.46516290726817044,0.15006674196529413,0.8149852119618797,4.2531280076997104,4.345882352941176,0.4684873949579833,0.6361071932299012,-0.006046863189720364,,0.06003198425390588,4.70635838150289,-0.061224489795918324,0.09503412935907218
2015-06-30,0.04030830429681376,0.10889937721167087,-0.060931057320486204,-0.07721457819374855,0.056561256688160144,0.08696360110721324,-0.9104011165726076,-0.9104011165726076,-0.9128630705394191,-0.9061032863849765,-0.40239829162788154,-1.3550702221122317,-0.20132013201320131,5.168320218953131,0.8048747823757867,0.23067173637515848,-0.06211066324661041,-0.046214788732394374,0.048640915593705314,-0.16206896551724126,-0.7915589353612167,,0.015550655680631298,-0.012560777957860592,-0.03260869565217395,0.20168607558762597
2015-09-30,0.06079441827696108,0.08722225863538058,-0.03742463883517233,-0.05046440481768322,0.07480904136003463,0.039860006536659665,-0.1268766226436392,-0.1268766226436392,-0.1428571428571429,-0.15000000000000002,0.643943558731904,-2.2993552883777664,2.128099173553719,-0.2240709927897948,0.346021617076006,0.28527291452111236,-0.11095917171322522,-0.09344716197508074,0.06548431105047747,0.22633744855967075,0.1718350966800437,,0.013255627928236757,-0.0588838736151005,-0.03370786516853941,0.14500594530321043
2015-12-31,0.048794074010594324,0.061570285300899696,0.0895060269439849,0.09340531754324854,0.043591586730132637,0.12357416938409349,0.36457659987071755,0.36457659987071755,0.38888888888888884,0.3529411764705881,0.4146694905807602,2.5356041303473247,-0.9278731836195508,-1.0854181558255898,-0.02195843516289664,-0.041552197802197766,-0.13205888815644906,-0.11835072537541369,0.04225352112676073,-0.10067114093959728,-0.0691158156911581,,-0.004962219465433737,-0.09374318726836706,-0.03488372093023262,-0.029116257334233286
2016-03-31,0.08248941592233416,0.023592255408259266,0.19652038093585267,0.23549243429784972,0.06727655276402267,0.09513374905297511,0.041970630033159706,0.041970630033159706,0.040000000000000036,0.08695652173913038,-0.11129934599322355,0.12372463493267594,5.930402930402931,3.1799163179916317,-0.09384511329049716,-0.026513794338946628,-0.7146835443037975,-0.714203233256351,0.06019656019656017,-0.06623134328358216,-0.0013377926421404007,,-0.01405417658392838,-0.7214337262448882,0.03614457831325302,-0.1715133769203
2016-06-30,0.012693103358801361,0.04124941052456377,-0.057491478714917665,-0.07137792484046324,0.023190292183580707,0.09619293932330741,0.17384979087106744,0.17384979087106744,0.15384615384615374,0.15999999999999992,0.16948175732588555,-0.14513788098693758,-6.931289640591967,0.9933933933933934,-0.20644398830627608,0.23714881609618454,0.05235137533274181,0.05353535353535355,0.016222479721900163,0.16683316683316685,2.9732083054253184,,0.010346016783538303,0.014680483592400595,0.03488372093023262,0.12129427902848389
2016-09-30,0.10618384764460354,0.06521073103154307,0.47075117822448775,0.2013697679261437,0.05595676959242257,-0.0003883683673965299,-0.31254841208365614,-0.31254841208365614,-0.30000000000000004,-0.31034482758620685,-0.3420773313115997,-0.8943420065542702,-1.1510425949028693,-2.6505975695490607,0.42940377279615394,0.1897064656882188,-0.019392917369308593,-0.033557046979865834,0.046750285062713726,0.17123287671232879,0.07577545515846262,,-0.045397656161110356,-0.04340425531914893,0.011235955056179803,-0.11334033764626306
2016-12-31,0.05488757585839488,0.04235783286960326,0.09321579449886874,0.13383536843727128,0.047532758927921526,0.11382642902238849,0.7388169014084507,0.7388169014084507,0.7142857142857142,0.7,0.9661788430513942,9.876681614349776,0.7663716814159292,-0.6130209917858229,0.11625143943409677,-0.04942902392264725,0.06190885640584698,0.04563492063492047,0.04466230936819171,-0.09210526315789469,-0.07882159366920005,,-0.006912991656734202,0.034697508896797125,0.011111111111111072,-0.08067396032853946
2017-03-31,0.09870968772207189,-0.019378019848898864,0.17657685681470148,0.18253469450153736,0.08311610522784996,0.08725604757835259,-0.034538621047174756,-0.034538621047174756,-0.05555555555555547,0.0,0.09172161172161175,1.3783412354840925,2.473613894455578,-4.463679245283019,-0.36072311647480715,0.006488951245177121,0.025910931174089047,0.011385199240986799,0.07612095933263818,-0.03623188405797095,-0.096027898273369,,-0.014282285165626574,0.006018916595012858,0.0,-0.17075711561550944
2017-06-30,0.18495714135178254,0.07327240807687829,-0.13391903846740494,-0.15243403191749139,0.25432509495189914,0.06246390760346476,1.508490502718303,1.508490502718303,1.4999999999999996,1.4117647058823528,-0.025795195275801874,-0.7514156939789668,-2.3878846153846154,-1.2237959053974308,0.126280737704918,0.15359818783760226,0.3172849250197316,0.31894934333958735,0.24612403100775193,0.07184628237259805,0.06482875423409862,,0.058565688542554284,0.3786324786324786,-0.04395604395604402,0.26630469498562737
2017-09-30,0.0650642347562238,0.05487083766724132,0.053937280593615355,0.07377340903313279,0.0667355619669725,0.002679892502340131,-0.34438379622197246,-0.34438379622197246,-0.3411764705882352,-0.3414634146341463,0.18909461619000378,1.5212110646211063,-1.0789801856727173,-0.8851926977687626,0.012872413008869765,0.17272109357299303,0.08268424206111447,0.09388335704125161,0.0637636080870918,-0.059236165237724014,-0.19289564372183443,,0.0016103059581320522,0.1326720396776193,-0.034482758620689724,-0.0176049233252622
2017-12-31,0.035915773774819915,0.14055163843639407,-0.02948745084496529,0.1893210012942328,0.04562181964866108,0.15960338194439205,-0.45125086724074603,-0.45125086724074603,-0.4642857142857143,-0.462962962962963,0.3137150404337652,0.19197879451423305,0.40877192982456134,9.540636042402827,0.13395904436860073,0.17555383822771753,-0.11510791366906481,-0.10338101430429125,0.04385964912280693,0.10521955260977633,-0.02036347711845854,,0.009301791456132191,-0.09195402298850575,-0.011904761904761862,-0.04100984167736421
2018-03-31,0.09279157089613421,0.17070900383232512,0.11169651056014684,0.12380396268230864,0.09018754683927765,0.13253950734310682,1.7403688829391641,1.7403688829391641,1.7666666666666666,1.7586206896551726,-0.005238464794694475,0.3237227829988012,0.5884184308841842,-2.2616493462956755,-0.14904360223357493,0.34852635038895596,0.1250781738586617,0.14068165337200877,0.08543417366946793,0.2923538230884557,0.3824318283415289,,-0.002389350324269013,0.13863773357444265,0.0,0.04174623855503401
2018-06-30,0.03263582896200923,0.006122147566820724,-0.08436670762304987,-0.09451831558064283,0.049070083129811204,0.03195441307986879,1.4443238255488913,1.4443238255488913,1.4337349397590362,1.4375,-0.17319456018723733,-1.5078810897670003,-25.225793806350453,-3.4329746246844692,0.42613147178592214,0.4729444263893403,0.3829905503057254,0.39160839160839167,0.040000000000000036,0.3567285382830627,0.19636216653193217,,0.015967153284671465,0.3610375860243513,0.024096385542168752,0.11113966557017552
2018-09-30,0.09251526096652984,0.1293030120833225,0.06237032025259359,0.06913325856177788,0.09621087178012577,0.00982167657352373,-0.4434414762507495,-0.4434414762507495,-0.45049504950495045,-0.441025641025641,0.2987068688211705,-2.428078350159634,-1.0666990291262135,-0.1757767706001201,0.24627985902623672,0.10251530696673838,0.07877813504823172,0.08588396528095021,0.0924317617866004,0.060282171868319745,-0.24548956010541256,,0.003367759317467467,0.07351225204200706,0.0117647058823529,0.05627939249094127
2018-12-31,0.07884779043357204,0.11953190799841162,0.12073961639299013,0.13419290306054,0.07387061544553664,0.10334033821474553,-0.10503321563229395,-0.10503321563229395,-0.0990990990990992,-0.11009174311926617,0.23208388375165123,0.3256394763343404,-1.2707423580786026,-0.483304624354048,0.10210520803330625,-0.08222639149468414,0.08159463487332319,0.08456037021455609,0.0726859738784782,-0.1600806451612904,-0.20445996775926922,,-0.004587155963302725,0.09130434782608687,0.0,-0.012918765053645642
2019-03-31,0.10158643257452593,0.07709057016706744,0.11242020722444268,0.14000860400086035,0.1002430918464412,0.03249851667555825,0.6486335874459452,0.6486335874459452,0.6499999999999999,0.6494845360824744,-0.05661060108557259,-0.4567747424716643,-3.7051971326164876,3.723682523400436,0.4376284434729927,-0.13257740950719576,0.07991732690320363,0.08301008533747112,0.09899417681312861,-0.19107057129140648,-0.25520657435551053,,-0.0012363718107227806,0.11752988047808755,-0.03488372093023262,-0.05519077196095834
2019-06-30,0.06706906461446249,0.0002480814297760592,0.042662784361803485,-0.05468971112662502,0.07012883049237373,0.00282498152896693,0.2022958045456389,0.2022958045456389,0.19393939393939408,0.20624999999999982,-0.08187126195110173,0.28480729428875096,-14.009605829744949,-1.542155266015201,-0.16503747283529302,-0.1807440925087983,-0.0819776714513557,-0.08166189111747846,0.06406551059730248,-0.2545994065281899,-0.2976118500604594,,0.002813414359666977,-0.03891859774212714,-0.04819277108433728,0.0581173303280742
