Quarter end,Assets,Current Assets,Liabilities,Current Liabilities,Shareholders equity,Revenue,Earnings,Earnings available for common stockholders,EPS basic,EPS diluted,Cash from operating activities,Cash from investing activities,Cash from financing activities,Cash change during period,Cash at end of period,Price,ROE,ROA,Book value of equity per share,P/B ratio,P/E ratio,Cumulative dividends per share,Equity to assets ratio,Net margin,Asset turnover,Current ratio
1994-11-25,0.055938980308647634,0.03849441076859206,-0.11479150368631919,-0.11479150368631919,0.11900711735202107,-0.0035588877289550735,-0.01304221251819504,-0.01304221251819504,-0.05555555555555558,0.07894736842105265,0.581349143776215,0.6677022512255284,-0.05996901969462265,1.4257358745911808,-0.09329216007070296,0.09065934065934078,-0.09271099744245537,-0.04646017699115035,0.10752688172043001,0.32084309133489475,-0.21798440979955458,inf,0.05984661736510555,-0.038336052202283866,-0.05882352941176472,0.1731482361890273
1995-03-03,0.055938980308647634,0.03849441076859206,-0.11479150368631919,-0.11479150368631919,0.11900711735202107,-0.0035588877289550735,-0.01304221251819504,-0.01304221251819504,-0.05555555555555558,0.07894736842105265,0.581349143776215,0.6677022512255284,-0.05996901969462265,1.4257358745911808,-0.09329216007070296,0.09065934065934078,-0.09271099744245537,-0.04646017699115035,0.10752688172043001,0.32084309133489475,-0.21798440979955458,inf,0.05984661736510555,-0.038336052202283866,-0.05882352941176472,0.1731482361890273
1995-06-02,0.07551783289149161,0.02964424732660942,-0.05666061876100503,-0.07973862335384263,0.11414317296969467,-0.0035588877289550735,-0.01304221251819504,-0.01304221251819504,-0.05555555555555558,0.07894736842105265,0.581349143776215,0.6677022512255284,-0.05996901969462265,1.4257358745911808,-0.24958661383059577,0.4634760705289671,-0.09271099744245537,-0.04646017699115035,0.08737864077669921,0.32084309133489475,-0.21798440979955458,0.0,0.03592195374079332,-0.038336052202283866,-0.05882352941176472,0.11887393959042525
1995-09-01,0.053025738627085595,0.060383490412739604,-0.02850958126330727,-0.004146872021709269,0.07319938469318954,-0.0674913091099576,-0.1312311957996578,-0.1312311957996578,-0.13725490196078427,0.07894736842105265,-0.05095427078555337,-0.34092845173792163,-0.6217043314500942,-0.5229438839555535,-0.15866830577010804,0.19277108433734935,-0.09271099744245537,-0.04646017699115035,0.0714285714285714,0.09751773049645407,-0.21798440979955458,1.0,0.019084445553199547,-0.038336052202283866,-0.05882352941176472,0.06478485536292067
1995-12-01,0.18273354366076688,0.14772422293569765,0.3611259250600878,0.3611259250600878,0.1427783695515228,0.7178048437958813,-1.1432791226700165,-1.1432791226700165,-1.0909090909090908,0.07894736842105265,-0.0005673699251912412,0.6282029430146014,0.1914540551752748,1.9608225319169672,-0.46246450462703437,0.04040404040404044,-0.09271099744245537,-0.04646017699115035,-0.008333333333333304,-0.029079159935379795,-0.21798440979955458,0.5,-0.03378212974296213,-0.038336052202283866,-0.05882352941176472,-0.15676803410662854
1996-03-01,0.04781560969875631,0.02908974908593831,0.022274105681238776,0.022274105681238776,0.054629254442546404,-0.2804114440303084,-8.97701421800948,-8.97701421800948,-12.0,0.07894736842105265,-0.037110237379365474,-0.7918120594598367,0.03046657381615603,-1.4554985023534446,0.47316772947190255,-0.09708737864077677,-0.09271099744245537,-0.04646017699115035,0.05882352941176472,-0.08985024958402665,-0.21798440979955458,0.0,0.006460602989612374,-0.038336052202283866,-0.05882352941176472,0.0066695352839931665
1996-05-31,0.10163251481064384,-0.039426880242376616,0.402373139421941,0.06731420470952676,0.023865995267258633,0.05523078670949477,-0.34619612036954517,-0.34619612036954517,-0.34090909090909094,0.07894736842105265,0.2639095117477508,-0.0038969201759899708,-8.115560060821085,-1.3054521805108936,-0.09810839039108743,-0.2718894009216589,-0.1853417899929528,-0.04646017699115035,0.031746031746031855,-0.3126142595978062,-0.21798440979955458,0.3333333333333335,-0.07048458149779724,-0.16709075487701452,-0.04166666666666663,-0.10002137208805306
1996-08-30,-0.07902840921887133,-0.06601482701571626,0.17740721744046306,-0.0966815225839458,-0.16985215142876087,-0.11465373378291743,0.35612703893861597,0.35612703893861597,0.3793103448275863,0.07894736842105265,-0.4277150063923154,-1.1769729093050647,-0.12443906261129711,-1.0688431511710432,0.007488805393998765,-0.12447257383966237,-0.0008650519031141446,-0.04646017699115035,-0.16153846153846152,-0.15159574468085102,0.045923816304734855,0.0,-0.09871360866621537,-0.023421588594704668,-0.021739130434782594,0.0339586796485396
1996-11-29,0.07627492570796712,0.15178339706889377,-0.02772116035854988,0.25584865382939803,0.1285156599409638,0.14795283816725546,1.2701779073273696,1.2701779073273696,1.2999999999999998,0.07894736842105265,0.8508981132075473,-1.8164963156643688,-0.22930903568716776,54.75085910652921,0.41440394390661317,0.1397590361445784,0.8805194805194805,0.8236658932714618,0.12844036697247696,0.3605015673981191,0.18175629680054461,0.25,0.04852764423076916,1.0323253388946818,-0.09999999999999998,-0.08288355535140102
1997-02-28,-0.007086936979210368,0.002022516444823319,-0.12965258314228623,-0.11533558240176223,0.04595804187885877,0.09044901889972312,-0.31397030608931786,-0.31397030608931786,-0.3152173913043479,0.07894736842105265,-0.42119684885257136,12.876564774381368,-0.7041520056298382,-1.6489968255925047,-0.19014853943744636,0.040169133192388795,0.08241252302025792,0.06234096692111968,0.04878048780487809,-0.07834101382488479,-0.4470046082949308,0.19999999999999996,0.053446052443043346,0.04002052334530526,0.012345679012345512,0.13266551886054145
1997-05-30,0.07488526142883711,0.12121577467230926,-0.12355379198653271,0.1432730766214414,0.1463482294609897,0.00797053771322842,-0.13720850185009892,-0.13720850185009892,-0.1428571428571428,0.07894736842105265,0.45174289176318094,-1.409201527294088,-3.900451950523311,-5.554088707379618,1.0692742537937492,0.03455284552845517,0.0735857082092728,0.09221556886227544,0.12403100775193798,-0.012499999999999956,-0.05312499999999998,0.0,0.06651251360174104,0.07745436605821432,0.024390243902439046,-0.01929082718403663
1997-08-29,0.023307561513135733,0.030400748117925147,0.0014619757680731649,0.0014619757680731649,0.029322432250898034,0.007776083832754965,0.3321697501620706,0.3321697501620706,0.33333333333333326,0.07894736842105265,0.39017430800885133,-3.590822865931812,-2.1663591257637265,-1.0904692387904067,-0.046748964097700796,-0.025540275049115935,0.04041204437400947,0.08388157894736836,0.02758620689655178,-0.13417721518987347,-0.12321232123212322,0.16666666666666674,0.005866598648131438,0.06593406593406592,0.011904761904761862,0.028913625475553095
1997-11-28,-0.1496879409530012,-0.2038989774154325,-0.038272677845941794,-0.038272677845941794,-0.17953422869744817,-0.012636987641226005,-0.12369918394849144,-0.12369918394849144,-0.125,0.07894736842105265,-0.3015400941091051,-5.8592037044366165,6.2682815356489945,-11.450092208390963,0.5124893307934497,0.1693548387096775,-0.10319878141660321,-0.08497723823975711,-0.12751677852348986,0.13742690058479545,0.03575909661229626,0.1428571428571428,-0.03512108533029046,-0.11984536082474229,0.03529411764705892,-0.17222207006107748
1998-02-27,-0.11745070319156747,-0.20173032906888033,-0.1288777504262243,-0.1288777504262243,-0.11386254864248335,-0.12908352852086014,-0.428778914543241,-0.428778914543241,-0.38095238095238093,0.07894736842105265,-0.3733882414089519,-1.3269165767343365,-0.4594440332980231,-2.774918656592952,-0.601410440398242,-0.15689655172413797,-0.07515923566878979,-0.06578220011055824,-0.08461538461538465,-0.033419023136246895,-0.05996365838885531,0.0,0.00407358738501995,-0.0766227428013665,0.011363636363636465,-0.08364490619726705
1998-05-29,0.08243627803712128,0.0870545516271759,0.09259306574005466,0.09259306574005466,0.07930103286621959,0.1491155788547769,0.04621597367633856,0.04621597367633856,0.07692307692307687,0.07894736842105265,0.030945924389854884,-0.5003487966515521,-1.1513592354636075,-1.0540941941176836,0.08161983254104421,0.17382413087934578,-0.02066115702479343,-0.027810650887574062,0.0672268907563025,0.2819148936170215,0.303479381443299,0.125,-0.0028792042926317762,-0.07188160676532773,0.05617977528089879,-0.0050550640909911015
1998-08-28,0.00547183740825985,0.011456911827606664,0.04755512943432416,0.04755512943432416,-0.0076786147510077285,-0.019260041353218127,-0.9945675482487492,-0.9945675482487492,-1.0,-1.0,1.5077827634225591,-0.8652954375467464,-1.4563405261602127,6.86180356117174,0.5932575113992962,-0.2473867595818815,-0.2967651195499297,-0.30675593426658554,0.015748031496062964,-0.29460580912863077,-0.20168067226890762,0.0,-0.013125082031762658,-0.3382687927107062,0.042553191489361764,-0.03447650154236992
1998-11-27,-0.15021146952214204,-0.2348812076910427,0.12046896416245878,0.12046896416245878,-0.23950343454337653,0.10677695440762203,329.7105263157895,329.7105263157895,inf,inf,-0.27479361788768375,-16.822320932815103,27.401735976162716,-2.0655639493256572,-0.3967681384150821,0.0347222222222221,0.11533333333333351,0.08691834942932397,-0.18604651162790697,0.020588235294117796,0.5591331269349846,0.0,-0.10506716318659393,0.011187607573149627,0.0714285714285714,-0.3171208419470024
1999-03-05,0.006744156042177263,-0.03768436982530787,-0.09296079947084468,-0.09296079947084468,0.055203199287325866,-0.08038551326113741,-0.2385613113710512,-0.2385613113710512,-0.20253164556962033,-0.23076923076923084,-0.3795303726391016,-1.3667298334269138,-0.8355402699411129,-0.569620426745653,-0.28307672881096047,0.22595078299776294,0.15062761506276146,0.12843295638126007,0.06666666666666665,0.5043227665706049,0.1088165210484513,0.11111111111111116,0.04814979937583597,0.07489361702127662,0.05714285714285716,0.060931307793923306
1999-06-04,0.09055851993382569,0.12705036659882452,0.176874483825054,0.15186965154896415,0.054497403050268955,0.08366607610333987,0.1746525237746892,0.1746525237746892,0.17460317460317465,0.16666666666666674,1.9294940353763885,-0.03853146630091542,-0.05621966440160864,-2.359630396686315,0.536849256472838,0.4434306569343065,0.19999999999999996,0.16463851109520422,0.03571428571428559,0.3524904214559388,0.26611747851002865,0.09999999999999987,-0.03303558769318016,0.12272367379255744,0.03603603603603589,-0.02158236057068741
1999-09-03,-0.004766974929462764,0.30889692381114164,-0.029186372476194378,-0.04238254508842254,0.0066189319205518515,0.06096321059352716,0.2712128288961544,0.2712128288961544,0.2702702702702702,0.25714285714285734,-0.12743390998277537,-2.409514646850015,2.286058540025861,-0.44516310461192354,0.19381456801846797,0.36156763590391905,0.49090909090909074,0.45543945912722794,0.034482758620689724,0.31444759206798856,0.1717114568599718,0.0,0.011436950146627378,0.3716502115655853,0.0608695652173914,0.366880534492815
1999-12-03,-0.04125245841418723,-0.03745789945307909,0.12138572746847132,0.0658518323814985,-0.11438757743785521,0.08009169107162029,0.7034205231388331,0.7034205231388331,-0.12765957446808507,-0.15909090909090906,0.04814882363669515,1.1926000894391224,0.4807723264590673,0.06905727318803856,0.1735603494384026,0.46889507892293425,0.2494192799070849,0.2331081081081079,-0.10833333333333328,0.42025862068965525,0.032351521004345685,0.09090909090909083,-0.07625398666280081,0.20359897172236496,0.024590163934426146,-0.09694312980060504
2000-03-03,0.265239301917376,0.34763689477781434,0.30453968798217046,0.2824245504037306,0.2428618005540708,0.0016396351634311301,-0.33683583438613796,-0.33683583438613796,-0.3414634146341463,-0.31081081081081074,-0.5015609166931084,-1.1799542707472332,-0.747525320545728,-1.42503259452412,-0.06285897922813988,0.2654867256637168,0.06646525679758297,0.03287671232876721,0.2429906542056075,0.4195751138088013,0.023386342376052305,0.0,-0.01773383553044572,0.053395984621956494,-0.02400000000000002,0.05086129129258121
2000-06-02,-0.07950945555583955,-0.1144762136165165,-0.1263335514851407,-0.06529162563298696,-0.051524885918269536,0.06325646985458766,0.018771780376364955,0.018771780376364955,0.0185185185185186,0.019607843137254832,1.4196562416575969,0.19470293486041523,0.26638599177112243,-5.1151701059676515,0.2760261118419822,0.2987012987012987,0.06515580736543924,0.05072944297082249,-0.052631578947368474,0.044895777659005764,0.16499085923217538,0.08333333333333348,0.030356286946796596,0.02676399026763976,0.024590163934426146,-0.052610064178555294
2000-09-01,0.1147502635635067,0.11566489662185053,0.11296528611354284,0.1532021009647606,0.11573291995415724,0.09591282469966833,0.18992961065418013,0.18992961065418013,0.19999999999999996,0.1730769230769229,0.08419757277433582,2.9801278210505293,0.15838685304117872,-1.308170133947731,-0.06666243195965948,0.1842307692307692,0.03191489361702127,0.01609340485957711,0.11111111111111094,0.2501278772378517,0.09317379364456646,0.0769230769230771,0.000930376802604993,0.013033175355450233,0.008000000000000007,-0.032576803589920544
2000-12-01,0.024701117342524226,0.058389663873346986,-0.14348038804929275,-0.14960819347322496,0.11705784908057781,0.08005363870500837,0.011830841957327198,0.011830841957327198,-0.5,-0.4918032786885246,0.1768831555134598,0.3994279549389066,-1.1266856909906238,-4.360771091402184,0.24003874041305662,-0.07405001623903862,-0.1441316415543219,-0.12080745341614907,0.11428571428571432,-0.1669394435351883,-0.14013996052395472,0.0,0.09016266460108446,-0.11384015594541907,-0.007936507936507908,0.24459212345568893
2001-03-02,-0.03252335854335453,-0.03706180118280644,-0.07881415839834383,-0.08535147248136554,-0.013031796147467745,-0.07383289132136239,-0.11919793928986311,-0.11919793928986311,-0.12121212121212133,-0.09677419354838701,-0.544144252002022,-0.6328504580741166,-12.35371347663792,-2.3217596126583935,-0.25585774235221603,-0.0894423009470362,-0.020847810979847003,0.013776050865418332,-0.0064102564102563875,-0.18271119842829076,-0.041110183639399,0.0714285714285714,0.0201790535739661,-0.018477782666080134,0.03200000000000003,0.05278623902526425
2001-06-01,-0.03634808410695556,-0.048975898269998486,0.07590322646952008,0.09140130598117135,-0.08046320568384235,0.04597393675391914,-0.12115086874247372,-0.12115086874247372,-0.10344827586206884,-0.1071428571428572,1.0255774253323025,-1.9121761847791587,0.6050766945933996,-1.5523067784304665,0.18989912743529525,-0.2935285053929122,-0.04258339247693399,-0.029616724738675826,-0.07741935483870976,-0.2890625,-0.3088139281828074,0.0,-0.04582810976459106,-0.04706409681757051,0.015503875968992276,-0.1285996323779699
2001-08-31,-0.02898614682837397,-0.01615354763598731,-0.05051997427194055,-0.05051997427194055,-0.019084181828297964,-0.15104928028178433,-0.34272897806051705,-0.34272897806051705,-0.34615384615384615,-0.36,-0.4059512918956687,0.9046573875802997,-0.4962459121762408,1.4822239483747608,0.3961446403539721,0.08178844056706658,-0.1304670126019274,-0.11561938958707374,-0.013986013986013957,0.17244294167371077,0.09130982367758178,0.06666666666666665,0.010218978102189746,-0.10724365004703673,-0.007633587786259555,0.036171874999999964
2001-11-30,-0.03873971210418459,-0.02986276604486815,0.051856546876467124,0.051856546876467124,-0.07906379675791864,-0.0944070546833814,-0.14902963220330567,-0.14902963220330567,-0.17647058823529405,-0.12499999999999989,0.5626045834849036,-2.320807217740802,0.5209966209110921,-1.892543780465788,-0.2532520089201862,-0.2792338709677419,-0.13839158851946565,-0.15022330491270797,-0.07801418439716301,-0.2689257390050468,-0.1748413156376225,0.0625,-0.04190751445086727,-0.1190727081138041,-0.03846153846153855,-0.07765965467842872
2002-03-01,0.06374117123690248,0.07667677920778138,-0.0421487576956554,-0.0421487576956554,0.11757259648736085,0.01268617222348234,0.4525941263962203,0.4525941263962203,0.4999999999999998,0.4285714285714286,-0.7046357513114194,-0.42029663992509525,-1.175407221674241,-1.0274822336394407,0.00932032086050616,0.2097902097902098,-0.07882585751978899,-0.08647873865265177,0.11538461538461542,0.31262327416173563,0.4576923076923076,0.0,0.05052790346907998,-0.04964114832535871,-0.040000000000000036,0.12404970162674744
2002-05-31,0.1668734127857996,0.09873360421107158,0.15385562741528003,0.15385562741528003,0.1725454706306353,0.1846350822707319,0.09020639254738194,0.09020639254738194,0.09523809523809534,0.09999999999999987,1.8576307700391457,0.5892739152778796,-1.6657031742694977,4.1776251226692835,0.04781150883552332,0.13236994219653164,-0.0809165771571787,-0.07531380753138073,0.1586206896551725,0.015026296018031404,0.253058287359079,0.0588235294117645,0.004881550610193797,-0.015103838892385202,-0.05833333333333335,-0.04778008072433737
2002-08-30,-0.04352211036439835,-0.04858902571887147,-0.005613666653204619,-0.005613666653204619,-0.05977614866360825,-0.10234466329929193,-0.13075265648883083,-0.13075265648883083,-0.13043478260869568,-0.13636363636363635,-0.5717661119794061,-0.5308580667513569,6.618536354306466,-9.519522365428355,-0.388744745991386,-0.29147524247064827,0.005843396961433545,0.004524886877828038,-0.04166666666666652,-0.3886010362694301,-0.26186830015313933,0.05555555555555558,-0.017002428918416967,0.04536741214057516,-0.03539823008849541,-0.04322755565738723
2002-11-29,-0.04819873595187818,-0.05731015006906581,0.09451767873098382,0.09451767873098382,-0.11291644467246809,0.034312813510297246,-0.1506747738395373,-0.1506747738395373,-0.15000000000000002,-0.052631578947368474,1.9180317310375918,-1.9707308667503631,0.37942468705960364,-1.4708669825802576,0.2994609278831868,-0.13112391930835732,0.011231603408210722,0.0022522522522521182,-0.0931677018633541,-0.09322033898305082,-0.16597510373444002,0.0,-0.06802325581395341,0.0042787286063570296,-0.00917431192660556,-0.13869487128317703
2003-02-28,0.03444337729766733,0.047747896021970826,0.03474524833748127,0.03474524833748127,0.03427447758560098,0.007605530554480877,0.35261543066676637,0.35261543066676637,0.3529411764705881,0.2777777777777779,-0.41621848306712084,-3.2350763300704974,-0.7418494591346154,-1.9824474368060478,-0.22640513055029288,0.11111111111111116,0.020298736116430627,0.0,0.027397260273972712,0.22563417890520676,0.054726368159204064,0.05263157894736836,-0.0001559575795383461,-0.0018259281801582539,0.0092592592592593,0.012557924003707033
2003-05-30,0.13964025662074353,0.15590934614388186,0.10860967525448384,0.10860967525448384,0.15701006404916318,0.07831388201215916,0.18480405716920245,0.18480405716920245,0.21739130434782616,0.17391304347826098,0.6143143408068359,0.8477841566634141,-1.965808235122945,-0.993603770409022,-0.0018719607029000773,0.19477611940298512,0.051426426426426364,0.030898876404494402,0.15333333333333332,0.16230936819172115,0.15123820754716966,0.0,0.015286226797691427,0.04878048780487787,-0.01834862385321101,0.04265251018260052
2003-08-29,0.037947595294482106,0.051840433245947226,-0.02262944230462638,-0.02262944230462638,0.07043796479774755,-0.003198540665821259,0.004327117641565126,0.004327117641565126,0.0,0.0,-0.24207789774457222,-0.4915510254206067,-1.3303103344380838,-10.887218045112782,0.01854319577525354,0.10056214865708935,0.04712602641913599,0.04196185286103549,0.06936416184971095,-0.04592314901593253,0.03738796414852752,0.04999999999999982,0.03134121984943916,0.05348837209302326,-0.009345794392523366,0.07619716455251724
2003-11-28,0.20847681151648967,0.28140830458501176,0.07385255493433873,0.03197361733312842,0.27440447523432,0.1236643039339187,0.2917519062674354,0.2917519062674354,0.24999999999999978,0.2222222222222221,0.3247942482205948,1.5914547255029827,-12.781081820669526,16.28365019011407,0.31465931981642115,0.1719636776390463,0.04705080122741223,0.07792887029288709,0.24864864864864855,0.09626719056974453,0.07306837817822753,0.04761904761904767,0.05452107850439436,0.13520971302428242,-0.05660377358490576,0.24169011786777594
2004-03-05,0.08775373059943603,0.10015590341211777,0.04353817873614463,0.007479440130117032,0.10599927325581393,0.18041697110316623,0.47614248521278,0.47614248521278,0.48571428571428577,0.5151515151515151,0.4419857714885511,-0.26503811955934165,-1.1412013379169377,-0.7834829285462865,0.05182263831041989,-0.049394673123486665,0.09443178117876916,0.1266375545851528,0.10389610389610371,-0.2383512544802867,-0.17897400506096162,0.0,0.016810283938409443,0.14632960622265445,-0.020000000000000018,0.09200197076695682
2004-06-04,0.024605883750929536,0.015389108278425212,-0.006638932370227502,-0.04270626087154239,0.036770914443228886,-0.03117550752337095,-0.11081399601739339,-0.11081399601739339,-0.11538461538461542,-0.12,-0.2073805274424273,-0.6220500399457245,2.7287931129023413,0.9208494208494209,0.09463904004325219,0.034131431482425034,0.01844689080630757,0.04565030146425486,0.031372549019607954,-0.06352941176470583,-0.16951527038386094,0.045454545454545414,0.011808835787718852,0.06743002544529242,-0.020408163265306145,0.06066895265595851
2004-09-03,-0.007107961505417704,-0.10175402909394138,0.05134483674011148,0.021878184284095825,-0.02891340239508433,-0.015538242071765573,-0.04515498030182541,-0.04515498030182541,-0.0434782608695653,-0.045454545454545525,0.09146938775510205,-0.5978727687558717,1.3003294020764096,-2.056016926738958,-0.09129989390114512,0.06748768472906419,0.021618463336254834,0.033360790774299875,-0.02281368821292773,0.035175879396984966,-0.05060728744939269,0.0,-0.021968968831525326,0.04648390941597147,-0.01041666666666663,-0.12097666108952732
2004-12-03,0.13820484330616778,0.16306443376468138,0.08100765172143531,0.049239465952620076,0.1613053495149117,0.06387953818678116,0.08653947406209017,0.08653947406209017,0.06818181818181812,0.09523809523809534,0.18941575358687657,0.4722569879015437,-1.1160157773274435,-9.887347225005009,0.8929391041771515,0.26534379326257507,0.0045753503002572415,0.010761259465922546,0.13229571984435817,0.29490291262135915,0.15316275764036957,0.04347826086956519,0.020356591323880346,0.026195899772209374,-0.010526315789473717,0.10849437042294441
2005-03-04,0.08382279060078668,0.09600723132836331,-0.06897067204828511,0.07261723319037316,0.14126536642320175,0.10100069382680399,0.33826133690452065,0.33826133690452065,0.3191489361702129,0.3043478260869563,-0.14011957848844825,5.446585434967413,0.26002865329512903,-1.235031872262959,-0.4221100851574069,0.09336250911743238,-0.014232849416453197,0.003154574132492094,0.14089347079037795,-0.03467666354264287,0.015408320493066174,0.04166666666666674,0.05297193175564119,0.03329633740288562,-0.031914893617021156,0.021798603026775165
2005-06-03,0.14057122399084232,0.1762586775172521,0.1065098495719976,0.06967541533453958,0.15101765703434467,0.048948786377997155,-0.01393076750892075,-0.01393076750892075,-0.5,-0.5166666666666666,0.04195689135084746,-0.10189450549450552,2.120829142432326,-1.861897796215918,0.16535701140964298,0.018012008005336755,-0.02310135720473583,-0.0062893081761006275,0.14457831325301207,-0.10776699029126224,-0.035204855842185245,0.0,0.009146739840585338,0.03222341568206222,-0.03296703296703296,0.09963257284456972
2005-09-02,0.0761514049138945,0.0905750642138703,-0.046922528581767486,-0.07498976683837788,0.11243791790269331,-0.01812394033413367,-0.03246137617006506,-0.03246137617006506,-0.06451612903225812,0.0,0.011925231895755006,-0.8706630318276812,-0.2671655176279356,4.588614990818541,0.7929901856282224,-0.038007863695937116,-0.053798403783623994,-0.026898734177215333,0.10789473684210527,-0.1588683351468987,-0.1034916640452972,0.0,0.033665673960896036,0.030523759972250986,-0.05681818181818188,0.1790089880073562
2005-12-02,-0.06343272841711778,-0.0789208315391674,0.09619483712821908,0.0027343790767817566,-0.10375448705406487,0.04790581452409359,0.07821772613099998,0.07821772613099998,0.0,0.034482758620689724,0.28454349472029405,-6.217664421403163,-8.517017859191556,-1.166031085400217,-0.07343097708336999,0.06198910081743869,0.012808497344579894,0.02195121951219514,-0.26128266033254155,-0.04139715394566623,-0.014385964912280724,0.0,-0.042966303394713745,0.031975765735442696,-0.012048192771084376,-0.08144030932817792
2006-03-03,1.377452501009091,0.29222365275334083,0.2589146667731501,0.18922345153467468,1.723028054106417,0.2843167029474638,-0.32754350372157615,-0.32754350372157615,-0.3793103448275862,-0.43333333333333324,-0.20000629912757084,1.045096531817061,-0.373283306836248,-7.427826086956522,0.5094078675341833,0.2033354714560618,-0.37014188772362744,-0.33333333333333337,1.726688102893891,0.6275303643724697,0.13207547169811318,0.0,0.14528795811518314,-0.1562296151337247,-0.20731707317073167,0.08660400373107557
2006-06-02,-0.051751261217984346,-0.10289836534475394,0.010698904044980084,0.005223202642408387,-0.06067136901539849,-0.03054564760373346,0.17154903304400793,0.17154903304400793,0.16666666666666674,0.17647058823529416,0.3569439991901058,-0.923551857920009,0.9284514039402869,-1.9786581952530229,-0.3302859319947228,-0.09648187633262273,-0.24828599412340846,-0.22732696897374693,-0.02948113207547165,-0.6683250414593698,0.015408805031446482,0.0,-0.009371428571428586,-0.10591418631619631,-0.1384615384615384,-0.10754534248987502
2006-09-01,0.021684868415551728,0.07219290379547649,-0.035357814864390935,-0.028877848997267863,0.030451660201815667,-0.05234823496827479,-0.23315759116794077,-0.23315759116794077,-0.23809523809523803,-0.20000000000000007,-0.2531438329478667,0.8094354502017906,-1.0003030762236702,-2.045606860095427,0.5156666893907516,-0.10707964601769904,-0.24951140065146582,-0.23629343629343635,0.023086269744835963,-0.07999999999999996,-0.023536698668318312,0.0,0.008537148131056771,-0.13878080415045402,-0.1071428571428572,0.10405465397326497
2006-12-01,0.06080342870257449,0.15538017603464627,0.14669163722159206,0.21454302246560397,0.0484464323981002,0.13282164628830384,0.9412263231492859,0.9412263231492859,0.875,0.875,0.8201852478758651,-4.777854689022202,-371.2361111111111,-0.41764488673921074,0.198131380340409,0.2229930624380576,-0.11805555555555558,-0.10616784630940335,0.039192399049881255,0.19565217391304346,0.4145258483983507,0.0,-0.011667810569663595,-0.014056224899598346,-0.09999999999999998,-0.04869876019211439
2007-03-02,-0.009788432730436725,-0.00952306993072205,-0.017964108788757982,-0.032218345988097696,-0.008501951522125184,-0.04803459522849707,-0.21497566086747721,-0.21497566086747721,-0.19999999999999996,-0.19999999999999996,-0.17520222207993752,1.1026812071200265,2.861631091270586,-2.9293754794670672,-0.3190550161812298,0.0850891410048622,0.0748031496062993,0.07239819004524883,-0.006857142857142895,0.04318181818181799,0.08520179372197312,0.0,0.001388888888888662,0.07942973523421593,0.0,0.023435481977222006
2007-06-01,0.03925436605634247,0.033434021701085115,0.18104053590651525,0.18848585253934247,0.01715656093538165,0.14808894884101953,0.06015947056329107,0.06015947056329107,0.08333333333333348,0.04166666666666674,0.2768059796390627,-1.4905841232342205,-0.38630457696025333,-2.5238649734247574,0.7140030036309717,0.03385611152601453,0.03205128205128194,0.025316455696202445,0.016110471806674465,0.04139433551198257,-0.04669421487603298,0.0,-0.021266759130836754,0.01037735849056598,0.0,-0.13046371291558634
2007-08-31,-0.07651432565687888,-0.1514946041027312,-0.0072066936314992835,0.03679078298662142,-0.08905651429486472,0.14231796313459233,0.34581161273400873,0.34581161273400873,0.34615384615384603,0.3600000000000001,0.2309531874730384,-1.3651476576736599,4.621431454644748,-1.9114639218077303,-0.3796889366549211,0.00313026727666732,0.20408163265306123,0.190329218106996,-0.06568516421291049,-0.012552301255230214,-0.04963155613350667,0.0,-0.013580538497874328,0.09150326797385633,0.0888888888888888,-0.18159748792780428
2007-11-30,0.008332890670208482,0.02704222765973574,0.13951948715586404,0.0552972228824975,-0.01754024931333198,0.06989078134429816,0.08265811745102147,0.08265811745102147,0.11428571428571432,0.11764705882352944,-0.06339581814333095,-6.344401405278804,-0.5664729792707085,-2.1308809525200534,0.6922059136430037,0.0660105616898703,0.08400884303610923,0.06828003457216947,-0.00969696969696976,0.13983050847457634,-0.10376282782212098,0.0,-0.02573925535735677,-0.019674935842600605,0.10204081632653073,-0.026761244559084352
2008-02-29,-0.06524307718372002,-0.13474858111829213,0.4353250972786422,-0.21452587369927612,-0.17974951300886755,-0.022789452717317915,-0.012731314804147464,-0.012731314804147464,0.0,0.0,0.0027221407477349135,0.10831274166416649,1.0996580202849504,-0.77705423633372,0.09119716151991386,-0.1303760414321099,0.18150917743031947,0.1318770226537216,-0.12239902080783349,-0.1208178438661709,-0.18778625954198458,0.0,-0.12251167362988447,0.02617801047120416,0.09259259259259256,0.10154050024846795
2008-05-30,0.022377497729315632,0.06971160756637107,-0.07007756995083025,0.00480773539084689,0.05938597066187756,-0.003996877965511625,-0.020371138531946942,-0.020371138531946942,0.025641025641025772,0.05263157894736836,-0.169068369646882,-1.2101827715948184,-0.7960208008513376,0.5029370532145381,0.12560845833337364,-0.03107198342827544,0.15074798619102414,0.11079342387419588,0.06276150627615062,0.10359408033826623,-0.13157894736842113,0.0,0.0362694300518136,0.03486394557823136,0.0847457627118644,0.06460150375939855
2008-08-29,0.03265922730809745,0.05696106058907335,-0.10737871189496817,-0.016502047520307928,0.0818641621894658,0.0004183175740737344,-0.10842678330463917,-0.10842678330463917,-0.10000000000000009,-0.1250000000000001,-0.3617337420243466,2.8376313276026743,-1.2331071090047394,-1.2173142152328091,-0.02425044281360189,0.12399786210582575,0.004999999999999893,-0.014800514800514808,0.08005249343832022,0.05747126436781613,0.011544011544011523,0.0,0.047702702702702604,-0.025472473294987696,0.015625,0.07469348550765575
2008-11-28,0.03242704500110838,0.08660016209000765,0.11357617879789283,0.1525489561906892,0.008901410564294387,0.031607527469493135,0.28343806104129254,0.28343806104129254,0.33333333333333326,0.4285714285714286,0.5952136978150928,0.12811288595260728,-9.91060798282424,7.790812344803122,-0.2184793121172074,-0.24037089871611994,0.042786069651741254,0.02286087524493774,0.023086269744835963,-0.2971014492753623,-0.24536376604850207,0.0,-0.02282987230749378,0.02655986509274877,-0.015384615384615441,-0.05719993691183434
2009-02-27,0.01133674980649646,0.04895172137941417,-0.09552423252109488,-0.16487564237561292,0.045530585526694756,-0.14084000782256334,-0.36387073687463656,-0.36387073687463656,-0.375,-0.4,0.08265644426025687,-0.5602315802140646,-1.1046834671310342,-2.059165580498198,0.2960967905691241,-0.3586854460093897,-0.11450381679389321,-0.09386973180076619,0.04513064133016642,-0.37371134020618546,-0.40595463137996224,0.0,0.0337909186906018,-0.0443531827515401,-0.046875,0.2560363575531144
2009-05-29,0.029918662897386206,0.0762560774850809,-0.010758079527684927,-0.03648025876755667,0.0411785754560674,-0.1039140884294053,-0.19409978585354937,-0.19409978585354937,-0.19999999999999996,-0.19999999999999996,-0.28493778418178883,0.6551283805354129,-0.2950305143853531,-0.7033812744070864,0.06776334399547412,0.07759882869692536,-0.14709051724137923,-0.13319238900634245,0.03863636363636358,0.03292181069958833,0.13365155131264905,0.0,0.010980592441266479,-0.060593038246669506,-0.08196721311475397,0.11700592687961997
2009-08-28,-0.016785831198376622,-0.031360830424814856,0.003720586930903824,0.0012238605548602344,-0.022179148230560886,-0.010169255810851263,0.07911414996311605,0.07911414996311605,0.08333333333333348,0.08333333333333348,-0.09501049596794242,-0.7433134942503399,-14.682908731140243,-2.2155417121572154,-0.07714178581326725,0.3532608695652175,-0.09349336702463684,-0.08943089430894302,-0.01969365426695835,0.3027888446215141,0.5087719298245614,0.0,-0.005556958827986791,-0.020585544373284415,-0.07142857142857151,-0.03255166931637521
2009-11-27,0.22145016068541223,-0.17295934982182826,0.8870642463874918,0.3746360169470835,0.04175259949925003,0.08569949835628887,-1.2355323606159727,-1.2355323606159727,-1.2307692307692308,-1.2307692307692308,0.07240969913089779,18.534976920599707,-3.550137382501808,0.4017604294348873,-0.11717325711216953,0.13621151271753695,-0.432752613240418,-0.45178571428571423,0.041294642857142794,0.15902140672782883,0.21488372093023256,0.0,-0.14706629413258832,-0.3872022419430172,-0.09615384615384626,-0.39836079043589
2010-03-05,0.09102038288509418,0.28443894464154607,0.15971273616875914,0.06656894238727462,0.05742727634090761,0.13392219289222118,-4.968230190681272,-4.968230190681272,-5.0,-5.0,0.023575855235423715,-0.808845779054262,-0.23421674927130232,-5.447221028667918,0.5902578022525555,0.02091310751104536,-0.101965601965602,-0.14657980456026054,0.052518756698821,-0.02110817941952503,0.7932618683001531,0.0,-0.03082191780821908,-0.09756097560975618,-0.06382978723404253,0.20427464235719905
2010-06-04,0.007786213058690761,0.031112743565992806,0.01965894026244852,0.07674955094174574,0.0014183725166394545,0.09821241411435899,0.1687481321861679,0.1687481321861679,0.16666666666666674,0.16666666666666674,-0.03353694914993288,1.3040691072686244,-1.3977662132816449,-1.7658821435533218,-0.2842733487601309,-0.026832083092902526,0.04240766073871427,-0.007633587786259666,0.004073319755600657,-0.07547169811320753,0.05892399658411618,0.0,-0.006298970656014702,-0.015202702702702742,0.022727272727272707,-0.042384894533907924
2010-09-03,-0.007481268416075992,-0.012104743761658376,0.01202011473119069,-0.00278995533597004,-0.01813119176327127,0.050140238697397255,0.5481020920389472,0.5481020920389472,0.5714285714285714,0.5714285714285714,0.1608228125373372,-0.44548484829581014,0.64896652191923,-0.28412742676546354,-0.28433130626948167,-0.11265935369107616,0.2230971128608923,0.1692307692307693,0.014198782961460488,-0.1137026239067056,-0.16189516129032255,0.0,-0.010822510822510845,0.14493996569468282,0.022222222222222143,-0.009325872635225108
2010-12-03,0.02442661276308411,-0.00629245631354447,0.030253258802496408,0.10430706305404658,0.02114690321735635,0.01779931517016231,0.16858279181970315,0.16858279181970315,0.2272727272727273,0.18181818181818188,0.0657355277197389,-0.23873880630596844,-0.4742415860363768,-0.801339899893958,-0.07892658469149993,-0.0190444370197127,0.6115879828326178,0.5904605263157894,0.028999999999999915,-0.03289473684210531,-0.21529949482800104,0.0,-0.003125976867771163,0.5273408239700375,0.021739130434782483,-0.10017333094256164
2011-03-04,0.020743511848697604,0.04189860232272502,-0.021752865016866352,-0.0772932567354001,0.04487724046763075,0.019604224829504746,-0.1274279337920774,-0.1274279337920774,-0.12962962962962976,-0.11538461538461542,0.06912059646332791,-0.5314131741246477,-0.5355286892286548,-3.3384636932366396,0.20038245558354473,0.07459128065395104,0.12516644474034622,0.12616339193381587,0.044703595724004064,0.04421768707482987,-0.3464132434089515,0.0,0.023675133270617765,0.09024031387935261,0.042553191489361764,0.12919295914978401
2011-06-03,0.0035730342054367537,0.011495769067547457,0.02277044058188671,0.0657989796373939,-0.006633972345300498,-0.004404956281271133,-0.021974415045760476,-0.021974415045760476,-0.02127659574468077,-0.021739130434782594,0.17232356324261833,0.0772667542706964,3.2298712406666823,-1.4836854889694873,-0.0807426712703131,0.0703645007923932,0.08047337278106514,0.08080808080808088,0.014883720930232602,0.0228013029315961,-0.0684803001876173,0.0,-0.010261908408638387,0.06972559604138562,0.0,-0.05094117647058827
2011-09-02,0.01835098461386453,0.023567573181389356,-0.007287730980669482,-0.017250916097903746,0.032386260846492654,-0.009741208527540124,-0.1496495754807441,-0.1496495754807441,-0.15217391304347827,-0.1333333333333333,-0.16490595405965613,1.9287338375213468,-0.7330828505847633,-0.19837371527634462,-0.07041058642255049,-0.17530352383772585,-0.05750273822562979,-0.05267629566694987,0.03849679193400557,-0.1878980891719746,-0.2502517623363544,0.0,0.013772825750541617,-0.04163162321278391,0.0,0.04152720961943723
2011-12-02,0.058688237672614774,0.08712537429421685,0.09535304561595193,0.21169105815497846,0.039388327517928756,0.13713714405277466,-0.10959451771133921,-0.10959451771133921,-0.10256410256410264,-0.10256410256410264,0.5278690238921286,-0.13475186757385327,-0.9979627563190385,-4.780924428882825,0.2863813877058601,-0.03626570915619398,-0.126670540383498,-0.12466367713004478,0.033539276257722905,-0.07058823529411751,-0.009402283411685697,0.0,-0.018165165623568957,-0.13339183852566905,0.0,-0.10280290407045944
2012-03-02,0.015740420365150998,-0.0704757930038068,-0.019221525714837928,-0.10853795914386155,0.03513488323676195,-0.09281775724052455,0.06614129715229766,0.06614129715229766,0.05714285714285716,0.05714285714285716,-0.3671643653888351,0.6855630006161428,343.3467336683417,-1.8545041037187682,-0.19023446184941895,0.12108792846497773,-0.08250166333998665,-0.08094262295081966,0.030742954739538808,0.0843881856540083,0.23661016949152525,0.0,0.019123134328358216,-0.06278481012658244,-0.020408163265306145,0.04268232016714757
2012-06-01,0.025526273258709153,0.0756355089134555,0.03806883154939311,0.11714746435496348,0.01893389274380075,0.07580126671896825,0.20877495154123182,0.20877495154123182,0.21621621621621623,0.21621621621621623,0.4257975652350945,-0.661280262824218,1.1705217074060563,-1.7967349670893609,0.18717325023119757,0.0721169823861747,-0.03698332124728054,-0.03567447045707928,0.027340513670256916,0.03891050583657596,0.13377192982456143,0.0,-0.0064073226544622,-0.030794165316045286,0.0,-0.03715012722646294
2012-08-31,0.0282068907492683,0.06347871954199724,-0.022921536005604093,-0.06095963212603284,0.05558470114495173,-0.039013774746564756,-0.10058693205167146,-0.10058693205167146,-0.08888888888888902,-0.11111111111111105,-0.41247339464278543,-0.1958721165520032,-1.4232762967694221,0.4078479746624437,0.22196548077347633,-0.008989460632362056,-0.028614457831325324,-0.02312138728323687,0.049193548387096664,-0.0337078651685393,-0.00918762088974856,0.0,0.026562260095194246,-0.007246376811594124,-0.02083333333333337,0.13249867864693443
2012-11-30,0.035774614219108436,0.08009305334208783,0.03698187583821122,0.08723700746338836,0.035176238407391036,0.06741564715245518,0.1041731849401808,0.1041731849401808,0.09756097560975618,0.09999999999999987,0.798659527606896,0.08601744673712464,-2.2773842048414767,0.244053764764945,0.22597773533612076,0.03284329058492341,0.024806201550387597,0.03431952662721893,0.02690238278247503,-0.015503875968992276,0.026354319180087904,0.0,-0.0005982650314088067,0.061763054463784384,-0.02127659574468077,-0.006563019572382811
2013-03-01,0.019167633379561178,0.00963277123120676,0.015420592800802435,-0.0058415477231409385,0.02102808295407388,-0.1261933991545202,-0.707119500928787,-0.707119500928787,-0.711111111111111,-0.7045454545454546,-0.3201205930848986,2.4455609190963505,-1.1418197192205821,-1.4517801669001644,-0.08327415420630269,0.12870987280436097,-0.17095310136157338,-0.16704805491990848,0.014970059880239583,0.09842519685039375,0.06752258678078915,0.0,0.0017958695001496494,-0.1369645690111051,-0.021739130434782594,0.015561688883668934
2013-05-31,0.011278896281824213,0.04220683668706959,-0.0021741634038839885,0.0004207785510506046,0.017921813729163683,0.002655096425839387,0.17551484251424365,0.17551484251424365,0.15384615384615374,0.15384615384615374,-0.07105837636749257,-0.25032839139771446,-2.9852696185883385,-0.49463217325356035,-0.04590693993028072,0.1733297558357927,-0.2308394160583942,-0.22390109890109888,0.016961651917404064,0.15412186379928317,0.3719376391982183,0.0,0.006573050492978627,-0.18566176470588247,-0.06666666666666676,0.041777495085000504
2013-08-30,-0.004495266658229857,-0.1473417152716846,0.013817200789605355,0.05080582359242758,-0.013359169269652194,-0.0152689280777083,0.08434144174744596,0.08434144174744596,0.06666666666666665,0.06666666666666665,-0.27953721903539386,0.1877651828883593,9.925315784824662,6.125408523977856,-0.34284464983432417,0.04161902584038413,-0.22064056939501786,-0.22123893805309747,-0.00870195794053652,0.024844720496894235,0.32045454545454555,0.0,-0.008904719501335756,-0.1926260346124905,-0.023809523809523836,-0.18857713762384476
2013-11-29,0.014279829230666508,0.041121950817832875,0.07538601699066039,0.14786583874858272,-0.01611249204251386,0.046808472152576774,-0.2130310113009325,-0.2130310113009325,-0.12499999999999989,-0.25,0.46146386730077715,-0.999962238976928,0.2148958447028957,-1.0362042941555023,0.018888149581545166,0.13545554335894616,-0.3531202435312023,-0.359090909090909,-0.009509875640087873,0.1454545454545455,0.4450454880747481,0.0,-0.029949086552859994,-0.33364398881640267,-0.024390243902438935,-0.09299541692318214
2014-02-28,-0.012949146546659795,-0.025590661625550015,-0.005652871817541261,0.38455725042735933,-0.016915567449470092,-0.03991460105078337,-0.27976117575015313,-0.27976117575015313,-0.3571428571428572,-0.25,-0.2009924376631046,6293.8,-0.1408212158519948,-7.505074009437011,-0.12059106878388026,0.19779582366589343,-0.05647058823529427,-0.06382978723404253,-0.019202363367799125,0.21164021164021163,0.8824230049344901,0.0,-0.0040135844396419484,-0.06013986013986017,-0.025000000000000022,-0.296202722576266
2014-05-30,0.012328562831389167,0.04361617099876702,0.02759615614749822,0.05000362156407068,0.003933665139740139,0.0680798304203496,0.8817115163882159,0.8817115163882159,1.0,0.8888888888888891,0.4603711959566581,0.5667111478257185,-0.47357760573798746,-1.8257551669316374,0.11323366706816573,0.02953995157384992,0.057356608478803084,0.04166666666666674,0.004518072289156683,0.048034934497816595,0.10865045647654359,0.0,-0.008214507129572168,0.029761904761904878,0.025641025641025772,-0.006108015430775882
2014-08-29,0.011712174052965985,0.04013398980104488,0.007257494757464622,0.012297720620458641,0.014219314835507202,-0.05878911223282357,-0.49522744473437486,-0.49522744473437486,-0.5,-0.47058823529411775,-0.2694049018327457,0.15184003461049667,-0.9279466184054677,0.038566134000770136,0.10563878485226796,0.07917842583882084,-0.13207547169811318,-0.13818181818181818,0.011994002998500841,0.07500000000000018,0.03921728495719523,0.0,0.0025003906860445735,-0.13728323699421963,0.0,0.027493261455525664
2014-11-28,0.027840471598142846,0.07544395705260554,0.06578319273233713,0.11098417635824642,0.00663248782545911,0.06755360256373266,0.9723403303047935,0.9723403303047935,1.0,1.0,0.4887270966780872,-0.5424780215265796,9.552685317541352,1.4802859493216234,0.23698010359459287,-0.07249745750399528,0.08967391304347827,0.08016877637130815,0.007407407407407307,-0.08333333333333326,0.06566766044249195,0.0,-0.02073265783320344,0.08375209380234483,0.0,-0.03200419727177328
2015-02-27,0.020637542093426386,-0.13692396543662255,0.10211614983226625,-0.28314027024155775,-0.027580817617720466,0.033403582129600595,-0.03685213760551875,-0.03685213760551875,-0.05555555555555547,-0.05555555555555547,-0.5421797960240449,7.958183147551919,-2.154054550908053,-2.8896347473501782,-0.36201539287632,0.1657268170426065,0.14214463840399016,0.12109375,-0.03161764705882353,0.15644820295983064,0.0337922403003752,0.0,-0.04727793696275062,0.1128284389489953,0.0,0.2040108401084011
2015-05-29,0.014258265171883888,0.051920882321175865,0.030745788683627318,0.08325485415175371,0.0031997171051234563,0.047762267835457006,0.7375011780228065,0.7375011780228065,0.7647058823529409,0.7058823529411762,1.5762041362729833,-0.9442860599881725,-2.5602766715573253,-1.6013680546628564,0.34123784514731703,0.031577532921257756,0.19432314410480345,0.1707317073170731,0.008352315869400107,0.06581352833638032,-0.10376014812704737,0.0,-0.010860484544695015,0.16666666666666674,0.0,-0.02894570991266776
2015-08-28,0.03072102407951438,0.0831637108680674,0.02453921603062814,0.06390237027453849,0.03498114931038132,0.04785063648832599,0.18286969551097343,0.18286969551097343,0.16666666666666674,0.1724137931034484,-0.2354183811115541,10.95330129276003,-0.8994637349410538,-1.5214726448329585,-0.13267311407137183,0.04884720593982017,0.3491773308957953,0.32440476190476186,0.03313253012048212,0.039451114922812947,-0.12355979340484702,0.0,0.004222972972972805,0.2916666666666665,0.02499999999999991,0.018126187937508753
2015-11-27,0.018949384340735564,0.06540241384674128,0.012390876232011516,0.0741173148086145,0.023423508755312517,0.07278562090644525,0.2765024503482074,0.2765024503482074,0.25714285714285734,0.2941176470588234,0.2608325381149996,-0.38509452988769943,5.154462854088723,-1.3726144022703086,0.05699801758608558,0.005340288127173354,0.2615176151761518,0.24719101123595522,0.02405247813411071,-0.026402640264026278,-0.2511332728921124,0.0,0.004373423044575109,0.2101382488479262,0.024390243902439046,-0.00815044167197887
2016-03-04,0.014515022079957252,0.023538063482135163,0.019172501720674306,0.008244652495803084,0.011372004604675023,0.05888760291609629,0.14190072068431325,0.14190072068431325,0.15909090909090917,0.13636363636363646,0.09463274039360647,-0.09491690181721546,1.4697524967433782,-1.9702970297029703,-0.05232271607191752,0.046324891908585464,0.24704618689581093,0.24324324324324342,0.00782918149466183,0.02203389830508473,-0.17300242130750598,0.0,-0.0031820465583654034,0.20030464584920016,0.04761904761904767,0.01519533581233068
2016-06-03,0.026906745931344567,0.061428580112210085,0.03170857318481235,0.0689056306865381,0.023641325300422178,0.011113721549733002,-0.04023876653021741,-0.04023876653021741,-0.03921568627450989,-0.040000000000000036,-0.01771160158142171,-0.028345477163675192,-0.3639483529775802,-2.214089481946625,0.06703174205726281,0.08925619834710741,0.09560723514211888,0.09710144927536235,0.02754237288135597,0.08126036484245436,-0.13980383545600938,0.0,-0.003192204301075141,0.07106598984771595,0.022727272727272707,-0.007009134484941559
2016-09-02,0.012332051735714611,0.0343884316388996,0.024420048259198746,0.05033387966918035,0.004046982242528863,0.046655880529831384,0.10945041257979127,0.10945041257979127,0.10204081632653073,0.12500000000000022,0.059687138720931454,0.21901353849824057,0.7964541594798991,-3.1318355692042457,-0.13392352481274938,0.05365272057229564,0.09040880503144644,0.08718626155878462,0.006185567010309256,0.024539877300613577,-0.06007488087134105,0.0,-0.008090342154053687,0.05805687203791465,0.022222222222222143,-0.015164624982922814
2016-12-02,0.027465099692005834,0.07770557937221212,0.03787880722940096,0.12211084797415128,0.020182754859681573,0.09867162306254174,0.4757411702143375,0.4757411702143375,0.5,0.4814814814814814,0.3431572646436951,-0.5332563570655081,-0.07535766270614264,-3.0524737378587616,0.3173790368803344,-0.0502005966464355,0.1607786589762077,0.15431348724179839,0.026639344262294973,-0.05538922155688619,-0.14702154626108999,0.0,-0.007136788445199604,0.11758118701007825,0.04347826086956519,-0.03958198464810869
2017-03-03,0.026573225045435134,-0.014420421064239797,0.032905115386748784,0.05065878038934635,0.022068503879210777,0.045527315954362546,-0.002920325414838887,-0.002920325414838887,0.0,0.0,0.049984114456419704,1.3681812464185383,0.10325857243176495,-0.7636665120688877,0.05693676055432784,0.19527780786309967,0.10434782608695659,0.09789473684210526,0.020625415834996774,0.16323296354992078,0.00976438123540646,0.0,-0.004449768954304378,0.06913827655310634,0.02083333333333326,-0.06191622532498797
2017-06-02,0.024539848612276538,0.05153884190631608,0.01920953326858621,0.0317619527505959,0.028372222346676468,0.0538424852793038,-0.06037455514674506,-0.06037455514674506,-0.06172839506172845,-0.0625,-0.11712282815559238,-0.7416593386488513,-0.05147287289401048,3.3079140688768867,0.2320656078795318,0.19010511054729973,0.07874015748031482,0.07478427612655802,0.0312907431551499,0.16621253405994563,0.053815429892789535,0.0,0.0037820182224514998,0.036082474226803996,0.04081632653061229,0.0191439129542188
2017-09-01,0.04054762848955096,0.08738314367493327,0.03155585191035559,0.055201358576539405,0.04695490695922788,0.03886942145029604,0.12067362910334145,0.12067362910334145,0.11842105263157898,0.11999999999999988,0.09244184874392669,-0.5794944429849109,-0.30573542133116227,0.8447596087948592,0.3474695318728882,0.09357393025734728,0.0714285714285714,0.07136485280999105,0.047408343868520886,0.06074766355140171,-0.00857769798523833,0.0,0.0061654392875494235,0.042966983265490866,0.019607843137254832,0.0305182051669437
2017-12-01,0.04521099906772319,0.1013144241115067,0.059149836804772926,0.09679697177738311,0.03542467878695299,0.08990458830008996,0.1953909845579631,0.1953909845579631,0.18823529411764706,0.1785714285714286,0.18281859530177336,-1.553213451404357,0.46363015863563284,0.16154283216783227,0.2995249499873207,0.1495509294715589,0.029683698296837147,0.02830974188176527,0.03862401931200976,0.09691629955947145,0.041448692152917355,0.0,-0.009361702127659521,0.006071118820468291,0.019230769230769162,0.004104969945755821
2018-03-02,0.03012812169001311,0.03214776650556517,0.0434140205050062,0.002554814984279119,0.020586488987004437,0.03605710170712073,0.16255041880254972,0.16255041880254972,0.16831683168316824,0.18181818181818166,0.18768272485057969,-5.603849553176864,0.6940774751258962,-0.32098953571065736,0.15650378652531227,0.1480830961177395,0.07372400756143671,0.07125506072874499,0.01859384079023818,0.10542168674698793,0.08346213292117466,0.0,-0.009278350515463996,0.051724137931034475,0.018867924528301883,0.029493356694408
2018-06-01,0.012683687197736493,0.034839791498625594,0.01867099974019859,0.05442914952739586,0.008287557093861642,0.0559961365056445,0.1373594522840933,0.1373594522840933,0.14406779661016955,0.13675213675213693,-0.013333656695981522,-1.7218169407649153,0.3253293624474156,-0.11056526714490356,0.12036268724824062,0.21006541464443962,0.12323943661971826,0.11866969009826156,0.01426126640045644,0.1880108991825613,0.0907631954350927,0.0,-0.004335761359694712,0.09385245901639361,0.0185185185185186,-0.018578924975180766
2018-08-31,0.015314239467602464,-0.18608040050409203,0.011749164307898852,0.016913849345500553,0.01795882021916273,0.04359922746155531,0.004710728971737188,0.004710728971737188,0.007407407407407307,0.007518796992481258,-0.021611911438479514,-23.463895743140412,-0.06371094212848416,-4.865491191725986,-0.4152770461441252,0.10258087017176742,0.09169278996865216,0.08648648648648649,0.0208098987626546,0.08715596330275233,-0.045120156939676415,0.0,0.00261278522905406,0.055076807793180915,0.036363636363636154,-0.19961464354527947
2018-11-30,0.21909231326831913,-0.2291531401877791,0.43970111858603755,0.1342551094704758,0.05644247722701334,0.07574999694466711,0.017933605586748058,0.017933605586748058,0.022058823529411686,0.014925373134328401,0.1598328908912765,1.064597647622167,-3.8656286430208096,-0.9158885659898681,-0.05973691922360147,-0.041912142659444096,0.045944005743000726,0.0024875621890547706,0.05785123966942152,-0.06118143459915615,-0.1410717342920732,0.0,-0.13342599027102153,0.018821022727272707,-0.01754385964912264,-0.3204140587385652
2019-03-01,0.039259762619453076,0.05696392390507876,0.024183421626250867,0.23542904811437748,0.05440769039983917,0.05531105137698433,-0.005896142958244921,-0.005896142958244921,-0.007194244604316502,0.0,-0.08532996147087568,-0.9579728807554801,-1.407283926948753,-1.9204936331669367,0.05848092404620231,-0.027733069208864647,0.00034317089910773646,-0.03287841191066998,0.05364583333333339,-0.08089887640449434,-0.09687063982459632,0.0,0.014635124298315816,-0.021261763680724965,0.0,-0.1444385405596883
2019-05-31,0.008221922227617862,0.04069762345591843,0.010396976308304717,0.4466463896588013,0.006099183658790919,0.05510841055523641,-0.06177019789659777,-0.06177019789659777,-0.05797101449275355,-0.05147058823529416,0.09460771544272628,-1.0763580406009794,-0.015066742185347315,2.581351292273423,0.19786916150136347,0.14775669595483665,-0.043224699828473434,-0.07248236048749201,0.011369253583786376,0.08964955175224132,0.10726109026704922,0.0,-0.0021734835012843234,-0.06517094017094016,-0.017857142857142905,-0.280612773004865
