Quarter end,Assets,Current Assets,Liabilities,Current Liabilities,Shareholders equity,Revenue,Earnings,Earnings available for common stockholders,EPS basic,EPS diluted,Cash from operating activities,Cash from investing activities,Cash from financing activities,Cash change during period,Cash at end of period,Price,ROE,ROA,Book value of equity per share,P/B ratio,P/E ratio,Cumulative dividends per share,Equity to assets ratio,Net margin,Asset turnover,Current ratio
1997-12-31,-0.0034262066234255206,-0.03755821016400085,0.002963456786295282,-0.03533199464524761,-0.015716628993748816,0.17261026526447965,1.0946226864026851,1.0946226864026851,1.103448275862069,1.103448275862069,-0.22405750775617062,0.11125352889638829,-0.07333086511168707,-0.9651240035429584,3.7260726072607264,-0.008818342151675318,0.032915360501567514,0.028761061946902755,-0.015454545454545499,0.033519553072625774,-0.06628652886671416,inf,-0.012280701754386114,0.026609442060085753,0.027027027027026973,-0.0023106816510870543
1998-03-31,-0.0034262066234255206,-0.03755821016400085,0.002963456786295282,-0.03533199464524761,-0.015716628993748816,0.17261026526447965,1.0946226864026851,1.0946226864026851,1.103448275862069,1.103448275862069,-0.22405750775617062,0.11125352889638829,-0.07333086511168707,-0.9651240035429584,3.7260726072607264,-0.008818342151675318,0.032915360501567514,0.028761061946902755,-0.015454545454545499,0.033519553072625774,-0.06628652886671416,inf,-0.012280701754386114,0.026609442060085753,0.027027027027026973,-0.0023106816510870543
1998-06-30,0.00944391814672274,0.16710786204317296,0.01489871266218823,0.08783289643314585,-0.0012327024553090427,0.17261026526447965,1.0946226864026851,1.0946226864026851,1.103448275862069,1.103448275862069,-0.22405750775617062,0.11125352889638829,-0.07333086511168707,-0.9651240035429584,0.027496508379888374,0.019064565327910454,0.032915360501567514,0.028761061946902755,-0.0013850415512466352,0.033519553072625774,-0.06628652886671416,0.984375,-0.010657193605683846,0.026609442060085753,0.027027027027026973,0.07284977366038525
1998-09-30,0.027224051034735686,0.34619409430584946,0.015617046020708791,0.3746306926903942,0.050365971136749454,0.3593931200313467,1.8297422039410751,1.8297422039410751,1.8360655737704916,1.8360655737704916,2.3876881494943847,0.055598545794337983,6.350095887492009,11.088095238095239,0.32348568515844023,-0.011474183088051926,0.032915360501567514,0.028761061946902755,0.05039297272306986,-0.010810810810810811,-0.06628652886671416,0.5039370078740157,0.022441651705565446,0.026609442060085753,0.027027027027026973,-0.02070454322441362
1998-12-31,-0.030113976507493923,-0.2829493584611622,-0.03557378576178749,-0.11400898129407477,-0.01963728003654397,-0.392630859049805,-0.8889489852402422,-0.8889489852402422,-0.8901734104046243,-0.8901734104046243,-0.4657507111768946,0.6651959224885544,-0.6666847857598424,-2.1936839340818066,0.23345903875471397,0.05198082260913428,0.032915360501567514,0.028761061946902755,-0.019806338028169,0.0,-0.06628652886671416,0.32984293193717296,0.010828211881767524,0.026609442060085753,0.027027027027026973,-0.1906813627254509
1999-03-31,-0.003881688248995041,-0.020061984542766753,-0.00027454371577384507,-0.014369658119658069,-0.010717511092496412,0.08459653089227315,1.0683763935923292,1.0683763935923292,1.1052631578947367,1.1052631578947367,-0.13506359750759567,-0.4480779453784305,0.13241065895476134,-0.8546284582806226,-0.034385855353030736,-0.05109138882225939,0.032915360501567514,0.028761061946902755,-0.010776829815895783,-0.02732240437158473,-0.06628652886671416,0.25196850393700787,-0.006658946149391887,0.026609442060085753,0.027027027027026973,-0.0056951838553918055
1999-06-30,0.014047163448577038,0.11337335861710307,0.021498580414490043,0.04752598562594512,-0.00019713127686160625,0.16847623732507855,0.5916223624422818,0.5916223624422818,0.575,0.575,0.08133982686560048,1.3392026728068989,-0.5542253115459206,6.657964434354899,-0.27270277553220157,-0.02982810920121337,0.003034901365705611,0.028761061946902755,0.0,-0.022471910112359605,-0.06628652886671416,0.19811320754716988,-0.014281550568347456,-0.004180602006689016,0.0,0.06288133482754321
1999-09-30,0.03600691291550362,0.3673689390085624,0.02691355229959247,0.2156934554636547,0.05382976541384221,0.3879337212926395,1.887446688010726,1.887446688010726,1.8888888888888888,1.8888888888888888,1.7764612606263488,-0.32500176925105995,1.6323146173892442,-14.692391304347826,5.134012597258244,0.011203751954142804,0.026475037821482417,0.028761061946902755,0.05401724920562856,0.011494252873563315,0.004580152671755711,0.1679790026246719,0.01744529863985811,0.009235936188077387,0.026315789473684292,0.12464854732895958
1999-12-31,-0.008756103053511377,-0.2359492548600336,0.0023459280955493433,-0.10111429422608165,-0.03006920453243389,-0.3846615979394401,-1.0224242351462458,-1.0224242351462458,-1.021978021978022,-1.021978021978022,-0.8736455722308596,1.2056387430063764,-1.2574025740257402,-1.4915744729986216,-0.4114353364702187,-0.07395001288327763,-0.07885040530582155,-0.08387096774193548,-0.030146425495262696,-0.11931818181818177,-0.10182370820668696,0.14382022471910094,-0.021505376344086113,-0.0906821963394343,0.0,-0.15000000000000002
2000-03-31,0.015001065091529764,-0.01645836319661076,0.026868762743665453,0.2490651411850333,-0.008340939249765311,0.12390401193927425,-11.959121742234917,-11.959121742234917,-12.25,-12.25,2.264654644757286,0.10135733700936433,-4.443769866497139,0.1391670092195667,-0.7963331657105326,-0.13995548135781855,0.015200000000000102,0.0046948356807512415,-0.00843694493783309,-0.11612903225806448,-0.0693739424703892,0.12377210216110024,-0.02316602316602312,-0.007319304666056681,0.0,-0.21250000000000002
2000-06-30,-0.00030337223031939864,-0.09828822065864007,-0.004648674674727182,-0.11682830987035597,0.008562208850139807,0.13924320552087766,0.8501294935904744,0.8501294935904744,0.8444444444444443,0.8444444444444443,-0.7777216918092051,-0.19578677255320487,-2.550087224596413,-1.0593462249743864,0.23204252853291685,0.10999676480103537,0.06304176516942461,0.05607476635514019,0.008508732646663741,0.12408759124087587,0.09090909090909083,0.1118881118881121,0.008817269686834717,0.04608294930875578,0.025641025641025772,0.021008403361344685
2000-09-30,0.03320485676023632,0.2903439738828706,0.022687924249758407,0.23322219099090602,0.05441557613627501,0.2713026850890776,1.2550248712418015,1.2550248712418015,1.2530120481927711,1.2530120481927711,9.979713216687934,-0.15515819774107775,-1.8685943622050996,19.481650380021716,3.857508026420728,0.1331973185660158,0.008895478131949686,0.006637168141592875,0.05461811722912979,0.12337662337662336,0.05916666666666681,0.09905660377358494,0.02049427365883072,0.014096916299559448,-0.025000000000000022,0.04618198445358934
2000-12-31,0.00963947883540528,-0.08422746834448913,0.024280236015568057,-0.19068906971221433,-0.018919282230452805,-0.2515059674036796,-0.8985738101094336,-0.8985738101094336,-0.9037433155080214,-0.9037433155080214,-0.8155057724619782,0.6021378700992706,-1.4949612668814698,-1.5914512606289362,-0.4696910376067729,0.08436213991769526,0.06539309331373988,0.05934065934065935,-0.0189473684210526,0.028901734104046284,0.06687647521636508,0.09155937052932761,-0.028056704075605454,0.02953953084274552,0.0512820512820511,0.13155594405594395
2001-03-31,-0.004901471316381967,-0.1618550948672467,-0.0014217465975029375,-0.03264441242165639,-0.011871099653358086,0.14503362920476826,1.2515108356749685,1.2515108356749685,1.3888888888888888,1.3888888888888888,0.9916721829557344,-0.25019193961741837,-1.1803739612188366,-0.6907832820944886,-0.2738711418773022,-0.01185958254269448,-0.01379310344827589,-0.016597510373444035,-0.012017167381974336,0.00561797752808979,-0.07743362831858414,0.08387942332896459,-0.006988757216651598,-0.05485232067510537,0.024390243902439046,-0.1335135831080212
2001-06-30,0.0410269566553203,0.18035472824200482,0.060186718298153474,0.12051382179584857,0.0016183755270722244,0.03171021192197765,0.6178280790535458,0.6178280790535458,0.6046511627906976,0.6046511627906976,-0.8638230122652029,0.6152244976444572,-23.39553098364432,-0.45102756601640626,-0.20705375591730535,0.0283245319251082,-0.04685314685314679,-0.05907172995780585,0.0017376194613378804,0.03910614525139677,0.03437250199840136,0.0761789600967353,-0.03794369645042828,-0.06874999999999998,0.023809523809523725,0.0533432392273403
2001-09-30,0.021316918759685555,0.07872863157594434,0.0031383201330152932,0.15637745477458265,0.06096367225218757,0.3543910404383661,1.8170347669872133,1.8170347669872133,1.8115942028985508,1.8115942028985508,19.590009054048735,-0.19908094964568346,-1.734966073161282,-3.089973071439886,0.5457328002205983,-0.06652661064425769,0.01614086573734408,0.0067264573991032695,0.05767562879444932,-0.06989247311827962,-0.02472952086553326,0.07191011235955047,0.038804071246819394,-0.03068072866730598,0.023255813953488413,-0.06714628297362102
2001-12-31,0.01193225955094479,-0.12162476947474321,0.018878128068221534,0.06356754560455924,-0.0023695792968957408,-0.30657936188061996,-0.8167614488926235,-0.8167614488926235,-0.8195876288659794,-0.8247422680412371,-0.9941745308269987,0.08579826686683423,-2.138889148060721,-2.1373856803597597,-0.4015627229912945,0.00900225056264059,0.03898916967509014,0.03340757238307335,-0.046330463304632974,-0.046242774566474076,-0.01347068145800312,0.06708595387840677,-0.014084507042253502,0.028684470820969254,0.022727272727272707,-0.17405111144714958
2002-03-31,0.00042545724635423277,-0.09208188865496103,-0.020328502793801828,-0.4187311514562714,0.04396851371851063,0.12318804081756007,0.20785309230863724,0.20785309230863724,0.19999999999999996,0.23529411764705865,35.101083032490976,-0.45242422064566024,-0.8238643345758407,-0.8445135495335406,-0.10570559828295478,0.03271375464684012,-0.02432244614315504,-0.01724137931034475,0.041272570937231245,0.08484848484848495,-0.015261044176706817,0.06188605108055012,0.04347826086956519,-0.019230769230769273,0.0,0.5618820944708898
2002-06-30,0.02931283037001431,0.24489795918367352,0.0357711803041274,0.0761697497279652,0.014016018306636235,-0.0035874439461883734,0.9491525423728813,0.9491525423728813,0.9047619047619049,0.9047619047619049,1.1454545454545455,0.5687500000000001,1.441860465116279,-13.857142857142858,1.5,0.02471802255819533,0.014245014245014342,0.026315789473684292,0.009909165978530199,-0.016759776536312887,0.027732463295269127,0.059204440333024966,-0.014880952380952439,0.031372549019607954,0.0,0.1568397608721135
2002-09-30,0.04705882352941182,0.49590163934426235,0.00013982102908283167,0.04145601617795758,0.14160789844851895,0.10891089108910901,1.0869565217391304,1.0869565217391304,1.0499999999999998,1.0374999999999996,0.6398305084745763,-0.3187250996015937,1.5047619047619047,4.322222222222222,3.1933333333333334,-0.06487119437939115,-0.09971910112359539,-0.07478632478632485,0.07726901062959945,-0.07386363636363646,-0.09444444444444444,0.05502183406113548,0.09033232628398791,-0.011406844106463976,-0.06666666666666676,0.4363157361434795
2002-12-31,0.025414660246120935,-0.005479452054794498,0.06836292464700122,0.16601941747572813,-0.050654806029157395,-0.6891233766233766,-1.1333333333333333,-1.1333333333333333,-1.1341463414634148,-1.1349693251533743,-0.7416020671834626,0.29239766081871355,-0.5437262357414449,-1.0020876826722338,-0.0015898251192368873,0.019784623090408182,-0.202028081123245,-0.1939953810623556,0.0072106261859581355,-0.04907975460122693,0.11831726555652944,0.052980132450331174,-0.07425879745081743,-0.043269230769230727,-0.16666666666666674,-0.14708994708994705
2003-03-31,0.18175493521175756,-0.1108815426997245,0.23828840617639369,-0.11990008326394674,0.06975533576262372,1.8929503916449084,-4.15625,-4.15625,-3.8636363636363638,-3.8636363636363638,1.2599999999999998,1.8461538461538463,-0.42500000000000004,333.0,-0.5318471337579618,0.008840864440078589,0.06647116324535673,0.034383954154727725,-0.03956292388847027,0.0,0.22413793103448265,0.05031446540880502,-0.0945824603412152,0.11155778894472368,-0.05714285714285705,0.01025641025641022
2003-06-30,-0.009713739053646364,-0.08830364058869089,-0.017119306773750398,0.19489120151371808,0.006569343065693456,-0.018050541516245522,0.08910891089108919,0.08910891089108919,0.07936507936507953,0.07936507936507953,-0.09734513274336287,-0.7027027027027026,-4.043478260869565,-0.42215568862275454,-0.6564625850340136,0.03943524829600786,-0.04766269477543539,-0.06648199445983383,0.003138485680659109,0.08387096774193536,-0.03713188220230479,0.047155688622754655,0.01619834710743806,-0.006329113924050667,-0.06060606060606066,-0.23702308825937457
2003-09-30,0.005944861410418278,0.112999150382328,-0.01279432319105478,-0.011084718923198733,0.04761904761904767,0.2408088235294117,1.5,1.5,1.4999999999999996,1.4999999999999996,1.0686274509803924,-0.3475935828877005,0.43333333333333335,-0.9948186528497409,-0.00990099009900991,0.0016393442622950616,0.06448508180943202,0.035608308605341144,0.04380132968322248,-0.005952380952380931,0.04521276595744683,0.045746962115797096,0.041639557579700615,0.05186533212010924,-0.032258064516129115,0.12544264406052164
2003-12-31,0.05141464135332785,0.005343511450381699,0.07351339577434102,0.1665332265812649,0.00461467466543608,-0.22444444444444445,-0.8618181818181818,-0.8618181818181818,-0.8588235294117648,-0.8588235294117648,-0.5758293838862559,0.9918032786885247,-1.2491694352159468,-12.0,0.1100000000000001,0.037175590367079625,0.11934900542495464,0.09455587392550147,0.008992131884600907,-0.005988023952095856,0.011450381679389388,0.04374572795625409,-0.04465958775765144,-0.012975778546712835,0.13333333333333353,-0.13815789473684204
2004-03-31,0.02852525820276819,0.2809415337889143,-0.04504413107436345,-0.30267673301304054,0.19499310978410667,0.1614135625596944,1.5526315789473686,1.5526315789473686,1.291666666666667,1.291666666666667,0.3631284916201116,-0.3374485596707819,4.8533333333333335,46.45454545454545,4.702702702702703,0.05117222723174031,-0.06785137318255241,-0.02617801047120416,0.05792796138135903,0.04216867469879526,-0.09748427672955984,0.04125736738703356,0.16181758744687813,-0.030674846625766805,0.0,0.8369288638123686
2004-06-30,0.00259580572443463,-0.020746887966805017,0.0001062360565176057,0.017716535433070835,0.006726888333653758,-0.052631578947368474,0.21649484536082464,0.21649484536082464,0.18181818181818166,0.18181818181818166,-0.21311475409836067,0.2795031055900621,-1.246013667425968,-1.2337164750957854,-0.1927330173775671,-0.06905425691614853,-0.0433275563258233,-0.005376344086021501,-0.053703053703053616,-0.12138728323699421,-0.045993031358884995,0.040251572327044016,0.004220596510973618,0.0018083182640142859,-0.02941176470588236,-0.03776198506384021
2004-09-30,0.21032908632554337,0.2966101694915255,0.26609305289993634,0.3288201160541586,0.11340206185567014,0.14322916666666674,0.9661016949152543,0.9661016949152543,0.846153846153846,0.846153846153846,0.5625,1.9611650485436893,-5.12962962962963,-2.1147540983606556,0.26614481409001955,0.02510942179221387,-0.14764492753623182,-0.1459459459459458,0.11053412462908008,0.08552631578947367,0.03506208911614328,0.0386940749697704,-0.08013449145418894,-0.07490974729241884,-0.06060606060606066,-0.024222319584402463
2004-12-31,-0.01857689709524879,-0.261437908496732,-0.025085997147411665,0.31513828238719066,-0.005486968449931462,0.11996962794229304,-0.6422413793103448,-0.6422413793103448,-0.65,-0.65,0.31000000000000005,-0.5262295081967213,-2.5291479820627805,-5.25,-0.893353941267388,0.0822471910112359,0.020191285866099973,0.04113924050632889,-0.008016032064128376,-0.024242424242424176,0.2872265349329568,0.0372526193247964,0.013402375875723571,0.0019512195121951237,0.032258064516129004,-0.4384220654265556
2005-03-31,-0.005793277503728378,-0.09102402022756007,-0.01196213425129089,-0.07304925290536801,0.0065517241379309255,0.10237288135593214,0.45783132530120474,0.45783132530120474,0.4761904761904763,0.4761904761904763,-0.09160305343511455,-0.301038062283737,-0.7155425219941349,-0.9325259515570934,-0.5652173913043479,0.033014950166113,0.016666666666666607,0.003039513677811634,0.0033670033670034627,0.04347826086956519,-0.0328947368421052,0.03535353535353525,0.012323414487526385,-0.031158714703018453,0.03125,-0.01941747572815522
2005-06-30,0.009115559914613769,0.08831710709318497,-0.02343001480707252,-0.17611940298507467,0.0729701952723536,-0.022140221402214055,0.5289256198347108,0.5289256198347108,0.5,0.5,-0.14845938375350143,0.19306930693069302,-0.6597938144329897,-0.9230769230769231,-0.09999999999999998,0.05065326633165834,0.07274590163934413,0.07575757575757569,0.03154362416107381,0.04166666666666674,0.025510204081632626,0.03468834688346889,0.06324228028503565,0.03919597989949741,0.030303030303030276,0.32102504368083884
2005-09-30,0.03424618375164368,0.26709265175718855,0.03630039243667493,0.011594202898550732,0.03065134099616862,0.17484276729559745,0.5135135135135136,0.5135135135135136,0.4731182795698925,0.4731182795698925,0.4078947368421053,-0.14937759336099588,-1.4242424242424243,-84.66666666666667,9.296296296296296,0.04094126650086083,0.049665711556829084,0.07042253521126773,0.02797657774886142,0.011428571428571344,-0.051409618573797666,0.03300157150340488,-0.0033510192683607887,-0.013539651837524258,0.08823529411764697,0.2525350498192398
2005-12-31,0.003980099502487455,-0.08320726172465964,0.013942680092951187,0.06518624641833815,-0.014250309789343274,-0.09207708779443258,-0.9285714285714286,-0.9285714285714286,-0.927007299270073,-0.927007299270073,-0.8084112149532711,0.13658536585365844,-2.107142857142857,-1.7250996015936255,-0.6546762589928057,-0.04374195919867663,-0.1146496815286624,-0.10263157894736841,-0.016455696202531733,-0.06779661016949157,-0.09207459207459212,0.032454361054766734,-0.018212384421406602,-0.12352941176470589,0.027027027027026973,-0.13931714185146082
2006-03-31,0.008369122343354185,-0.19526952695269528,0.017146252440370047,0.00806993947545398,-0.007856693903205536,0.061320754716981174,2.5,2.5,2.4,2.4,2.5,1.1201716738197427,-5.516129032258065,-0.6318681318681318,-0.6979166666666667,-0.026907553334614587,-0.10174717368961961,-0.09677419354838701,-0.010617760617760541,-0.012121212121212088,0.07573812580231065,0.03143418467583503,-0.01598173515981738,-0.10738255033557043,0.026315789473684292,-0.20170129232782585
2006-06-30,0.007426012886316391,0.05604921394395079,0.008595510306267151,-0.06070713809206141,0.005543237250554389,-0.13888888888888884,0.7571428571428571,0.7571428571428571,0.7647058823529409,0.7647058823529409,-0.013937282229965153,-0.4898785425101214,-1.0642857142857143,-1.328358208955224,0.7586206896551724,-0.01975113569030218,-0.11441647597254012,-0.12337662337662336,0.0029268292682926855,-0.012269938650306678,0.08054892601431973,0.030000000000000027,-0.0020301624129930307,-0.10651629072681701,-0.02564102564102566,0.12428278688524586
2006-09-30,0.020596205962059688,0.12427184466019425,0.014645043852391293,0.3068181818181819,0.031343518664356695,0.23225806451612896,1.3821138211382116,1.3821138211382116,1.3666666666666667,1.3666666666666667,0.6254416961130742,0.02777777777777768,23.22222222222222,-1.7727272727272727,-0.33333333333333337,0.04332057223453556,0.021963824289405798,0.014814814814814836,0.0295071335927366,0.04347826086956519,0.1866372170071784,0.029588534442903436,0.010462074978204061,0.019635343618513268,0.0,-0.1397065524469151
2006-12-31,0.03972384492830594,0.07887161773172147,0.05838701785859901,0.19673913043478253,0.005345143555284038,-0.1518324607329843,-0.7918088737201365,-0.7918088737201365,-0.7887323943661972,-0.7887323943661972,-0.45869565217391306,0.007722007722007707,-1.5275229357798166,-7.0588235294117645,3.0294117647058822,0.037466203167245915,0.07206068268015176,0.06204379562043805,0.003464566929133772,0.005952380952380931,0.016286644951140072,0.028738212842388977,-0.033074489502444626,0.09353507565336994,-0.02631578947368418,-0.0985169491525425
2007-03-31,0.002451731535396906,-0.007470651013874119,0.005547422759842879,0.021344232515894568,-0.003949567066686921,0.24629629629629624,1.0163934426229506,1.0163934426229506,0.9666666666666666,0.9666666666666666,0.43775100401606415,0.47892720306513414,-0.5478260869565217,-0.7669902912621359,0.17518248175182483,-0.036113179448994726,0.08726415094339623,0.07903780068728516,-0.005963590709353372,-0.03550295857988173,-0.10851648351648358,0.027498908773461395,-0.006246281975014867,0.06289308176100628,0.0,-0.028202115158636798
2007-06-30,0.04611230001019062,0.37903225806451624,0.06459275151329402,0.2538906180524678,0.009303034924508236,-0.1466072313026251,0.16260162601626016,0.16260162601626016,0.1694915254237288,0.1694915254237288,-0.4832402234636871,-0.04663212435233166,12.634615384615385,20.916666666666668,3.267080745341615,-0.0032831208960989455,0.022776572668112616,0.006369426751592577,0.006630880959898944,0.0,-0.0888546481766821,0.0271877655055226,-0.03531876683627666,0.00946745562130169,0.0,0.0998790810157193
2007-09-30,-0.006137061029662494,-0.0873294346978557,-0.019072981142939427,-0.11205673758865253,0.020852221214868516,0.15902495647127113,0.7062937062937062,0.7062937062937062,0.7101449275362319,0.7101449275362319,1.037837837837838,-0.07880434782608692,-1.782792665726375,-1.9828897338403042,-0.75254730713246,-0.021507459794613437,-0.08695652173913038,-0.09810126582278489,0.01882057716436636,-0.030674846625766805,-0.05129650507328076,0.02605459057071946,0.027303754266211788,-0.09026963657678777,0.0,0.02781442392260325
2007-12-31,0.01582945356530252,0.05937633489961547,0.02384621028688816,0.15894568690095845,-0.000592066311426831,-0.09514271407110664,-0.5573770491803278,-0.5573770491803278,-0.559322033898305,-0.559322033898305,-0.5172413793103448,0.10619469026548667,-1.6810810810810812,-1.357833655705996,1.0882352941176472,0.0550495049504951,0.07549361207897798,0.06666666666666665,-0.004002463054187055,0.03797468354430378,0.14676173499702938,0.025796049979846858,-0.016309272123225638,0.055412371134020644,0.0,-0.08589153920205361
2008-03-31,0.0014473176379776742,-0.07137096774193552,0.0019349290526013974,0.20951068228807723,0.0002962085308055862,0.1505257332595462,0.2777777777777777,0.2777777777777777,0.26923076923076916,0.26923076923076916,0.7912087912087913,0.4053333333333333,-0.9153439153439153,-1.9135135135135135,-0.47605633802816905,-0.10641891891891897,0.017278617710583255,0.009868421052631637,-0.0034003091190107915,-0.10365853658536583,-0.17202072538860103,0.02514734774066807,-0.000921093030396003,0.015873015873015817,0.0,-0.23227240814416106
2008-06-30,0.042730513536949566,0.2010421189752496,0.05886560331878976,-0.12307692307692308,0.0093278057447439,-0.13997113997113997,0.49275362318840576,0.49275362318840576,0.48484848484848486,0.48484848484848486,-0.4815950920245399,-0.22580645161290325,7.0625,-1.1124260355029585,0.10215053763440851,-0.05755093467758876,0.09129511677282376,0.08469055374592838,0.005893300248138944,-0.054421768707483054,-0.07947434292866085,0.0241471828286699,-0.032267977873386644,0.09014423076923084,0.0,0.3696082914189909
2008-09-30,-0.007669207669207645,-0.07917570498915405,-0.026479329910834903,-0.05198180636777128,0.03315241308493477,0.15212527964205824,-0.009708737864077666,-0.009708737864077666,-0.010204081632653073,-0.010204081632653073,3.437869822485207,0.38725490196078427,-1.7093023255813953,-0.9473684210526316,0.004878048780487809,-0.0900378872297749,-0.06712062256809337,-0.06906906906906918,0.02713536848596987,-0.09352517985611508,-0.16927260367097208,0.0239520958083832,0.04128294696729129,-0.06504961411245869,0.0,-0.028600044513687917
2008-12-31,0.054844266492853455,-0.012563800549666326,0.08749653066888707,0.049691569568197425,-0.011358795967627455,-0.07184466019417479,-0.7205882352941176,-0.7205882352941176,-0.7216494845360825,-0.7216494845360825,-0.616,0.053003533568904526,-2.060109289617486,-115.0,-0.5533980582524272,-0.20818025961302966,-0.08446298227320126,-0.09677419354838712,-0.016511558090663625,-0.23015873015873023,-0.15466448445171854,0.023391812865497075,-0.06282403171698692,-0.08962264150943389,-0.027027027027027084,-0.05934242181234961
2009-03-31,0.018272498565564677,0.09622266401590451,0.00797549926625396,-0.059418870388508016,0.014074393221312542,0.0020920502092049986,1.473684210526316,1.473684210526316,1.4444444444444442,1.4444444444444442,0.8645833333333333,-0.2751677852348994,-0.44845360824742264,-2.8596491228070176,2.3043478260869565,-0.15156201670275282,-0.006833712984054663,-0.021428571428571463,0.009157509157509347,-0.134020618556701,-0.0784123910939013,0.013571428571428568,-0.0039049788480313152,0.02590673575129543,-0.02777777777777779,0.16550968213372297
2009-06-30,0.005157990550908043,-0.03373231773667029,0.0024053677680719865,-0.11662617146824017,0.012179577963461252,-0.12108559498956162,0.17021276595744683,0.17021276595744683,0.16666666666666674,0.16666666666666674,-0.3091247672253259,0.04166666666666674,-0.7570093457943925,-1.25,-0.17434210526315785,-0.14327378782355082,-0.07798165137614677,-0.08394160583941601,0.008469449485783542,-0.15476190476190477,-0.1428571428571428,0.01374207188160681,0.0068605031035609,-0.05429292929292939,-0.02857142857142847,0.09383490073145229
2009-09-30,0.0174213022854679,0.04354354354354362,-0.018186410709775225,-0.24322200392927307,0.09696376101860915,0.07779097387173395,0.37575757575757573,0.37575757575757573,0.35064935064935066,0.35064935064935066,1.2587601078167117,0.028888888888888964,-3.423076923076923,-6.886792452830188,1.243027888446215,0.07999999999999985,0.011194029850746245,0.015936254980079667,-0.007498500299940036,0.07042253521126773,0.1654411764705881,0.013208202989224871,0.0781959766385465,0.07476635514018692,-0.05882352941176472,0.37886893389377163
2009-12-31,0.008307196744935075,0.022302158273381334,0.0117056856187292,-0.11163032191069577,0.0016581632653061007,-0.07713498622589532,-0.6519823788546255,-0.6519823788546255,-0.6730769230769231,-0.6730769230769231,-0.7243436754176611,-0.04103671706263501,-5.317460317460317,-0.8108974358974359,0.10479573712255763,0.03349093774625689,0.0073800738007381295,0.02352941176470602,-0.0009066183136899886,0.03947368421052633,0.006309148264984188,0.013379073756432325,-0.006620523623231955,0.07204968944099388,-0.0625,0.1507551614244147
2010-03-31,-0.004287515762925631,-0.06474313863476422,-0.009663064208518701,-0.041496201052016346,0.0061123137654399695,0.14388059701492528,0.2911392405063291,0.2911392405063291,0.2647058823529411,0.2647058823529411,0.6493506493506493,-0.286036036036036,-2.1985294117647056,-5.440677966101695,-0.4212218649517685,-0.001143728555089596,-0.08913308913308915,-0.06896551724137945,0.003024803387779551,0.0,-0.02612330198537094,0.013202437373053488,0.010299909118449024,-0.06373117033603715,0.0,-0.024262492474413033
2010-06-30,0.00958291117865584,0.06471030850263348,0.008794453716780115,0.07317073170731714,0.01139096316921906,-0.11064718162839249,0.4901960784313726,0.4901960784313726,0.4883720930232558,0.4883720930232558,0.026246719160105014,-0.2334384858044164,-0.9938650306748467,-1.5572519083969465,0.40555555555555545,-0.04541984732824422,-0.04959785522788196,-0.028806584362139898,0.007237635705669598,-0.05063291139240511,0.03969957081545061,0.012696291346474986,0.0017991004497750485,-0.024752475247524774,0.0,-0.00783612019497748
2010-09-30,-0.011875392013380726,0.10247349823321561,0.00044543429844101645,0.08749999999999991,-0.029658365661369035,0.32276995305164324,-2.098684210526316,-2.098684210526316,-2.09375,-2.09375,0.8721227621483376,-0.11111111111111116,206.0,-0.3013698630136986,0.20158102766798414,0.04838064774090345,-0.7023977433004231,-0.7033898305084746,-0.03203592814371259,0.053333333333333455,0.10423116615067074,0.012867040580666567,-0.017958695001496605,-0.7208121827411167,0.06666666666666665,0.013743781094527341
2010-12-31,-0.004908806229105833,-0.0724358974358974,-0.005788067675868258,-0.013584117032392928,-0.0030951766830022986,-0.21739130434782605,-1.311377245508982,-1.311377245508982,-1.3,-1.3,-0.5382513661202186,0.5555555555555556,-0.8429951690821256,-1.6176470588235294,-0.10361842105263153,0.097254004576659,-0.15165876777251186,-0.15714285714285714,-0.03680791834209707,0.12658227848101267,2.786915887850468,0.012703583061889345,-0.035050289545870195,-0.17272727272727262,0.0,-0.05968958959573045
2011-03-31,-0.007909844779927733,-0.06185210780926054,-0.01164352888490816,-0.02701271186440679,-0.0006468305304010435,0.0793650793650793,0.3653846153846154,0.3653846153846154,0.38095238095238093,0.38095238095238093,0.6390532544378698,-0.25595238095238093,3.246153846153846,-1.4444444444444444,0.05137614678899083,-0.033715676051442434,-0.21787709497206698,-0.22033898305084743,0.028580603725112397,0.0,0.18287265547877585,0.012222579607590767,0.04579911560328487,-0.21978021978021978,0.0,-0.035751565762004
2011-06-30,0.0026576364181920553,-0.04125230202578267,0.07534468250372184,-0.05988023952095811,-0.14265372168284784,-0.06460084033613445,0.943661971830986,0.943661971830986,0.9655172413793103,0.9655172413793103,-0.37003610108303253,-0.008000000000000007,0.07246376811594213,-7.964285714285714,-0.3403141361256544,0.04172661870503602,-0.08571428571428574,-0.13043478260869557,-0.16266000624414612,0.011235955056179803,0.3732526601293551,0.012392755004766443,-0.16309272123225604,-0.14084507042253525,0.03125,0.019756427604871396
2011-09-30,-0.0014963019964944202,0.029581252401075675,-0.00896887979293326,0.07006369426751591,0.017212743469726677,0.2734418865805728,1.0652173913043477,1.0652173913043477,1.0701754385964914,1.0701754385964914,0.8997134670487106,0.04435483870967749,-0.1216216216216216,-1.7384615384615385,0.38095238095238093,-0.015883977900552515,5.039062499999999,4.825,0.015287099179716712,0.1777777777777778,0.1703129747797023,0.011927181418706967,0.019126669072536906,4.80327868852459,0.0,-0.03781847133757976
2011-12-31,0.012373694125706436,-0.14365671641791045,-0.044825072886297335,-0.03409090909090906,0.15333234377319283,-0.3042328042328042,-0.9122807017543859,-0.9122807017543859,-0.9067796610169492,-0.9067796610169492,-0.5294117647058824,0.12355212355212353,0.10769230769230775,-2.854166666666667,-0.5114942528735632,0.08947368421052637,-0.05045278137128051,-0.047210300429184504,0.13808299669482182,0.07547169811320731,-0.8208490198623912,0.012406947890818865,0.12110481586402266,-0.026836158192090398,-0.030303030303030276,-0.11343262998207138
2012-03-31,-0.03155001057305984,-0.07450980392156858,-0.025817118148289464,-0.09579831932773109,-0.04350064350064353,0.05069708491761715,-17.12,-17.12,-16.09090909090909,-16.09090909090909,0.2564102564102564,0.1202749140893471,-0.6076388888888888,-0.8239700374531835,-0.1843137254901961,0.03961352657004835,-0.9114441416893733,-0.9144144144144144,-0.030332365279122198,-0.08771929824561397,0.08768115942028976,0.01225490196078427,0.005685407454200986,-0.9100145137880987,-0.03125,0.023566928521427943
2012-06-30,0.0035372723699724773,0.01412429378531077,-0.0026109660574412663,-0.006815365551425034,0.01655005382131325,0.0012062726176116367,-1.5235732009925558,-1.5235732009925558,-1.5240963855421688,-1.5240963855421688,0.0535714285714286,-0.042944785276073594,0.6991150442477876,0.9361702127659575,-0.4375,0.009603469640644402,1.5230769230769234,1.6842105263157898,0.016638935108153063,0.03846153846153855,9.856095936042637,0.012106537530266248,0.013190954773869334,1.6612903225806455,0.0,0.02104863221884501
2012-09-30,0.022541340295909595,0.11699164345403901,0.012565445026178068,-0.03555832813474735,0.04222369291859707,0.20542168674698802,0.7725118483412323,0.7725118483412323,0.7701149425287357,0.7701149425287357,0.3462469733656175,0.19551282051282048,-0.9895833333333334,-2.989010989010989,1.5470085470085468,0.03651426818042336,0.6890243902439022,0.7450980392156861,0.04320785597381338,0.0277777777777779,-0.5853942927278306,0.011961722488038395,0.01983880967141949,0.8181818181818181,-0.032258064516129115,0.15821984073826023
2012-12-31,-0.07077198059409306,-0.015378221113881985,-0.016352119958634947,0.09831824062095729,-0.17894335788671578,-0.24587706146926536,-4.090909090909091,-4.090909090909091,-4.149350649350649,-4.149350649350649,-0.40827338129496404,-0.19839142091152817,58.5,-1.4917127071823204,-0.2986577181208053,-0.0876258140911782,-5.891696750902527,-5.797752808988764,-0.18230310636962666,-0.12612612612612628,-0.4695085849615157,0.011820330969267046,-0.11975683890577493,0.0,0.0,-0.10351474651416825
2013-03-31,0.005358369590107603,0.3913043478260869,0.014258492673631551,0.5176678445229681,-0.015467904098994567,-0.022531477799867417,-0.8745674740484429,-0.8745674740484429,-0.8762886597938144,-0.8762886597938144,0.15197568389057747,0.013377926421404673,-0.16806722689075626,-0.7415730337078652,-0.2296650717703349,0.0668397144711228,-0.23690036900369005,-0.25761124121779866,-0.015732924021488848,0.2989690721649485,0.0,0.011682242990654235,-0.02106353591160237,0.0,-0.033333333333333326,-0.08328555045871544
2013-06-30,0.014759475218658835,0.03398058252427183,0.02040684115055713,0.2751261156383391,0.001413982717989093,-0.048813559322033906,-1.6551724137931034,-1.6551724137931034,-1.65,-1.65,0.02638522427440626,0.10231023102310233,-0.33333333333333337,-0.5217391304347826,-0.06832298136645965,0.05048661800486598,0.21373307543520292,0.17350157728706628,0.0011695906432749315,0.0714285714285714,0.0,0.011547344110854452,-0.013051146384479684,0.0,0.0,-0.18913213448006272
2013-09-30,0.004893158556293686,-0.039612676056338,-0.005777410958034412,-0.017650639074863084,0.03137747097583943,0.16749821810406273,2.1789473684210527,2.1789473684210527,2.205128205128205,2.1794871794871793,0.40359897172236514,0.18562874251497008,0.9848484848484849,-2.7272727272727275,0.2933333333333332,0.003474232773595709,0.1426294820717131,0.09946236559139798,0.032320872274143264,0.0,0.0,0.011415525114155223,0.026804860614724868,0.0,-0.06896551724137923,-0.022370070388583407
2013-12-31,-0.059995532722805445,-0.39749465322334254,-0.0832694763729247,-0.23760842627013634,-0.004563431700638887,-0.1929181929181929,-0.8774834437086093,-0.8774834437086093,-0.88,-0.8790322580645161,-0.3058608058608059,0.7424242424242424,-2.122137404580153,-9.631578947368421,-0.845360824742268,0.031448355452971866,-1.318688981868898,-1.3227383863080684,-0.00452659373821207,0.0,0.0,0.011286681715575675,0.05882352941176472,0.6500000000000001,0.0,-0.20968537331097747
2014-03-31,0.005892975952856094,-0.06693711967545635,0.010796879353580424,0.10727346607070287,-0.004737163814180878,0.20574886535552195,1.5945945945945947,1.5945945945945947,1.666666666666667,1.666666666666667,-0.36939313984168864,-0.5463768115942029,-0.5238095238095238,-0.975609756097561,-0.1333333333333333,0.08335664335664328,0.8227571115973742,0.8484848484848486,-0.0049261083743842304,0.0888888888888888,-0.0842633928571429,0.01116071428571419,-0.010519395134779841,0.7979797979797978,0.0,-0.1573692749282416
2014-06-30,0.019937635831049905,0.06793478260869557,0.02501550547860254,-0.15155963302752296,0.009058805465991027,-0.10978670012547054,0.5520833333333333,0.5520833333333333,0.5249999999999999,0.5249999999999999,0.7364016736401673,0.46006389776357826,-0.11428571428571432,-6.0,0.7692307692307692,0.027627162406403283,0.09363745498199272,0.11065573770491799,0.009139375476009182,0.03401360544217691,-0.44363193174893356,0.011037527593819041,-0.010299003322259082,0.09887640449438195,0.03703703703703698,0.2587381516587677
2014-09-30,0.013340744858254538,-0.011704834605598013,0.005781901304289461,-0.08347750865051906,0.030736457699330533,0.1768851303735024,0.9664429530201342,0.9664429530201342,0.9836065573770492,0.9672131147540983,0.3228915662650602,-0.03282275711159732,-3.2580645161290325,-2.65,-0.7173913043478262,-0.025125628140703515,-0.023051591657519244,-0.011070110701106972,0.03132075471698115,-0.03947368421052633,-0.11445783132530118,0.01091703056768556,0.01779120510238341,-0.020449897750511314,0.0,0.07836216025414755
2014-12-31,0.03656975681111718,0.05355303810504641,0.057553475935828935,0.06134969325153383,-0.009005019191024477,-0.17964071856287422,-0.8361774744027304,-0.8361774744027304,-0.8347107438016529,-0.8333333333333333,-0.36612021857923494,0.14253393665158365,-2.064285714285714,-0.7575757575757576,-0.6153846153846154,0.11340206185567037,0.012359550561797716,0.0,-0.009147457006952076,0.08219178082191791,0.13234384662956078,0.011069114470842356,-0.0441952506596307,0.010438413361169019,0.0,-0.007419530823786213
2015-03-31,0.009172693596754211,-0.02590420332355814,0.013715947158839503,0.12049799911071579,-0.0013406822583047484,0.1357664233576643,1.25,1.25,1.25,1.25,-0.14367816091954022,-0.1306930693069307,-0.046979865771812124,-1.125,0.19999999999999996,0.010648148148147962,0.013318534961154427,0.003731343283582156,-0.001477104874446078,0.018987341772152,-0.010376843255051726,0.010947930574098708,-0.010351966873705987,0.026859504132231482,-0.0357142857142857,-0.13059250302297454
2015-06-30,0.011711239293829667,-0.0010035122930256435,0.012969198154383355,0.014285714285714235,0.008949880668257748,-0.09961439588688947,0.38888888888888884,0.38888888888888884,0.3555555555555554,0.3555555555555554,0.5738255033557047,-0.006833712984054663,-1.26056338028169,-5.0,-0.6666666666666667,-0.080852038479157,-0.005476451259583848,-0.0185873605947956,0.009245562130177465,-0.08074534161490687,-0.09988962472406193,0.010829371368198615,-0.002789400278939924,0.005030181086519203,-0.03703703703703709,-0.015046149955746602
2015-09-30,0.013260193503801032,-0.004018081366147674,0.0035085559522343157,-0.02621283255086071,0.03696037847427558,0.3083511777301928,1.2866666666666666,1.2866666666666666,1.3278688524590163,1.3114754098360657,0.6226012793176972,0.1169724770642202,4.513513513513513,-18.5,35.0,0.014203837528034002,0.07378854625550657,0.06818181818181812,0.03774276291681944,0.006756756756756799,0.014101778050275904,0.010713352495427042,0.02412587412587408,0.055055055055055035,0.03846153846153855,0.022721437740693018
2015-12-31,0.007715588899782633,-0.033282904689863835,0.015273262589707404,-0.1591000401767778,-0.009694895922440883,-0.2864157119476268,-0.9154518950437318,-0.9154518950437318,-0.9154929577464789,-0.9148936170212766,-0.3574244415243101,0.2607802874743326,-2.6911764705882355,2.142857142857143,3.0555555555555554,0.057002457002456985,-0.027692307692307794,-0.03900709219858156,-0.051200564971751406,0.020134228187919545,-0.025997581620314403,0.011116856256463192,-0.058381700238989476,-0.01992409867172662,-0.03703703703703709,0.14961717082967252
2016-03-31,-0.010786802030456899,-0.23943661971830987,-0.010753987433542722,-0.12135690396559962,-0.011085516844226873,0.09633027522935778,2.6206896551724137,2.6206896551724137,2.5833333333333335,2.5833333333333335,-0.2862985685071575,-0.16938110749185664,-1.3420289855072465,-2.268181818181818,-0.9554794520547946,0.06531845653184543,-0.015822784810126556,-0.011070110701106972,0.05359136583550428,0.125,0.09807572936064557,0.010994630529276295,0.06490210297316912,0.015488867376572957,0.0,-0.1344033191396442
2016-06-30,0.017447081462475866,0.09327846364883396,0.02168071332600463,0.3213703099510603,0.007715824719755515,-0.004881450488145034,0.3999999999999999,0.3999999999999999,0.4186046511627908,0.4186046511627908,0.18624641833810895,0.02941176470588225,-1.940677966101695,-1.0,0.0,0.0896792493999563,-0.01607717041800627,-0.011194029850746356,0.0077711056163900505,0.029239766081871288,0.0983606557377048,0.01062215477996964,-0.009533537623425348,-0.008579599618684486,-0.03846153846153855,-0.17255297679112014
2016-09-30,0.01433194637078139,0.0031367628607277265,0.004184350529021552,-0.05720164609053502,0.039150534527593095,0.30273300630693756,1.510204081632653,1.510204081632653,1.4918032786885247,1.4918032786885247,0.9227053140096619,-0.017142857142857126,-3.4774774774774775,inf,0.3846153846153846,0.020024028834601415,0.02941176470588225,0.03396226415094339,0.03925692253767954,0.017045454545454586,0.02007205352547614,0.010510510510510551,0.02440701271914736,0.03653846153846163,0.0,0.06387195121951228
2016-12-31,0.023410955498466945,-0.0037523452157598447,0.038990416096196245,0.1671759057180271,-0.012512164604476572,-0.2705755782678859,-0.9132791327913279,-0.9132791327913279,-0.9144736842105263,-0.9144736842105263,-0.29145728643216084,0.14341085271317833,-1.0618181818181818,-2.8,-0.5,-0.021201413427561766,-0.0010582010582010914,-0.007299270072992803,-0.07183811129848228,-0.06145251396648055,-0.061553985872855654,0.0108964834076275,-0.09295302013422824,-0.00278293135436003,0.0,-0.14643931795386156
2017-03-31,0.004534596542370206,-0.0897677338355305,0.008651312020167223,0.032909498878085364,-0.005490637758693517,0.11651917404129786,2.1875,2.1875,2.2307692307692304,2.2307692307692304,-0.41312056737588654,-0.08644067796610166,11.176470588235293,-0.8888888888888888,-0.11111111111111116,0.08223024468511841,-0.006355932203389814,-0.018382352941176405,0.03670058139534893,0.16666666666666674,0.07849462365591386,0.010779029887310054,0.03218645948945609,-0.017674418604651132,0.0,-0.11868390129259687
2017-06-30,0.017854983676595104,0.08344827586206893,0.019823913660891757,0.0010861694424331159,0.013306908267270767,0.01585204755614278,0.892156862745098,0.892156862745098,0.8809523809523812,0.8809523809523812,0.607250755287009,-0.03525046382189234,-1.0483091787439613,-3.0,0.25,0.027983691623424622,0.0671641791044777,0.05617977528089879,0.013669821240799074,-0.010204081632653073,0.031904287138584175,0.010664081434803796,-0.004301075268817178,0.05208333333333348,0.0,0.0822857142857143
2017-09-30,0.01437396056070317,0.006365372374283806,0.00980282945304678,-0.06654611211573236,0.02612461581447323,0.12028608582574774,0.49222797927461137,0.49222797927461137,0.5063291139240504,0.4936708860759491,0.46616541353383467,0.011538461538461497,24.5,-1.5,-0.09999999999999998,0.03154858482062384,-0.11688311688311681,-0.13120567375886516,0.026625172890732962,0.020618556701030855,-0.033333333333333215,0.010551558752997625,0.012239020878329843,-0.09720972097209724,-0.040000000000000036,0.07814149947201687
2017-12-31,0.012803997345512741,0.019607843137254832,0.026971869829012673,0.13909337466098415,-0.021919673247106863,-0.18630295995356938,-1.2083333333333333,-1.2083333333333333,-1.2016806722689075,-1.2033898305084745,-0.40897435897435896,0.17870722433460084,-1.6274509803921569,-2.0,0.11111111111111116,0.07095421181405115,-0.15158371040723995,-0.15918367346938778,-0.061973728528123995,0.04040404040404044,0.21539230384807584,0.010915994304698584,-0.07361308677098144,-0.15553339980059822,0.0,-0.10496245510936997
2018-03-31,0.005164771632299114,-0.02791563275434239,0.00472635479886141,0.1377551020408163,0.006403118040089195,0.130527817403709,-3.55,-3.5166666666666666,-3.5833333333333335,-3.5833333333333335,-0.44034707158351405,-0.0370967741935484,1.25,20.0,7.9,-0.0949738903394256,0.08666666666666667,0.08252427184466016,0.04452423698384189,-0.03398058252427183,0.06085526315789469,0.010798122065727611,0.043378119001919346,0.08028335301062572,0.0,-0.14554076235637425
2018-06-30,0.021473215997545925,0.07530312699425656,0.021596193938097974,-0.1895366218236173,0.021576763485477102,-0.013880126182965302,0.5686274509803921,0.5827814569536425,0.5806451612903225,0.564516129032258,1.1782945736434107,-0.10887772194304857,-1.0638888888888889,-0.6666666666666667,0.0786516853932584,0.0481428056256763,0.07239263803680984,0.06726457399103136,0.020281883808868972,0.005025125628140614,-0.041085271317829575,0.010682768230376283,0.0003679175864605977,0.07650273224043724,0.0,0.32657417289220914
2018-09-30,0.012012462930290235,-0.02670623145400597,0.0026162942807808065,-0.04832165252674292,0.036555645816409355,0.10300703774792064,0.49583333333333335,0.493723849372385,0.48979591836734704,0.4948453608247423,0.5409252669039146,0.10902255639097747,11.173913043478262,-1.5714285714285714,-0.04166666666666663,0.07741269568209197,0.09954233409610991,0.10084033613445365,0.0363881401617252,0.05499999999999994,0.0004042037186742231,0.010569852941176405,0.02500919455682249,0.11167512690355319,0.0,0.022847948511665273
2018-12-31,0.009495901183278255,-0.06524390243902434,0.014665205365064438,0.041472868217054204,-0.0032654127481713813,-0.17691415313225056,-0.807799442896936,-0.8095238095238095,-0.8082191780821918,-0.8,-0.44110854503464203,0.045762711864406835,-1.5285714285714285,-4.75,0.16304347826086962,0.0654638352227368,0.16753381893860553,0.1717557251908397,-0.042587776332899896,0.028436018957346043,-0.03717171717171719,0.010686675761709896,-0.05023322569070687,0.18356164383561646,0.0,-0.10256410256410264
2019-03-31,0.010802866066507377,-0.07240704500978479,0.011315708260467128,-0.1097878675102345,0.00969728738042197,0.09654686398872436,1.7971014492753623,1.8088235294117645,1.7857142857142856,1.6896551724137936,-0.20041322314049592,-0.08103727714748787,0.29054054054054057,-0.2666666666666667,0.10280373831775691,0.03431739847145199,0.03208556149732633,0.03583061889250816,0.045500848896434576,0.07834101382488479,-0.13008812421317661,0.010573678290213717,0.038534189648658845,0.05324074074074092,-0.04166666666666663,0.04206836108676604
2019-06-30,0.021592933221854738,0.06469760900140642,0.02583663920252266,0.15050167224080258,0.0111615833874108,-0.11375321336760924,-0.07253886010362698,-0.06282722513089001,-0.06410256410256421,-0.07692307692307698,0.2713178294573644,0.03527336860670194,-0.481675392670157,-0.6363636363636364,0.03389830508474567,0.07244277021153289,-0.08290155440414504,-0.08490566037735847,0.010717765508281962,0.025641025641025772,0.02315484804630974,0.010685663401602818,-0.009821753364859909,-0.04175824175824183,-0.0434782608695653,-0.07468460891505468
