Quarter end,Assets,Current Assets,Liabilities,Current Liabilities,Shareholders equity,Revenue,Earnings,Earnings available for common stockholders,EPS basic,EPS diluted,Cash from operating activities,Cash from investing activities,Cash from financing activities,Cash change during period,Cash at end of period,Price,ROE,ROA,Book value of equity per share,P/B ratio,P/E ratio,Cumulative dividends per share,Equity to assets ratio,Net margin,Asset turnover,Current ratio
1997-12-31,0.01700819194801717,,0.014587717806719969,,0.03983198503165619,0.020720353902228483,-0.3878398791540786,-0.3878398791540786,-0.38888888888888895,-0.39252336448598135,-0.4025517644564651,-0.997331906828073,-0.47109457793541964,-2.6223719612371723,-0.1633458697791278,0.006644518272425293,-0.07703081232493003,-0.23611111111111116,0.03526170798898076,0.040000000000000036,-0.009783728115345114,inf,0.02274881516587679,-0.039087947882736285,-0.040000000000000036,
1998-03-31,0.01700819194801717,,0.014587717806719969,,0.03983198503165619,0.020720353902228483,-0.3878398791540786,-0.3878398791540786,-0.38888888888888895,-0.39252336448598135,-0.4025517644564651,-0.997331906828073,-0.47109457793541964,-2.6223719612371723,-0.1633458697791278,0.006644518272425293,-0.07703081232493003,-0.23611111111111116,0.03526170798898076,0.040000000000000036,-0.009783728115345114,inf,0.02274881516587679,-0.039087947882736285,-0.040000000000000036,
1998-06-30,0.010684303295715347,,0.011425677319043315,,0.004942340326836492,0.020720353902228483,-0.3878398791540786,-0.3878398791540786,-0.38888888888888895,-0.39252336448598135,-0.4025517644564651,-0.997331906828073,-0.47109457793541964,-2.6223719612371723,0.31674708764492054,0.07737440410707741,-0.07703081232493003,-0.23611111111111116,0.0037253858435337683,0.040000000000000036,-0.009783728115345114,1.0,-0.00556070435588496,-0.039087947882736285,-0.040000000000000036,
1998-09-30,-0.036383425328461505,,-0.04621511674176093,,0.029489209390825666,-0.005821672964967828,0.3916101172115978,0.3916101172115978,0.39393939393939403,0.3999999999999999,0.4083465058012623,-249.10148514851485,3.17297076262523,0.8954915025389651,0.4559656282655973,-0.12321307011572491,-0.07703081232493003,-0.23611111111111116,0.035524920466596166,-0.1217948717948718,-0.009783728115345114,0.5,0.06803355079217144,-0.039087947882736285,-0.040000000000000036,
1998-12-31,0.015372849168920455,,0.023783204816680836,,-0.040555816449751814,-0.06609588642804254,-1.686585690220764,-1.686585690220764,-1.684782608695652,-1.6923076923076923,-0.955570656323489,-1.2387437271158201,-0.04381185693287604,-1.8957454221671635,-0.2805211306196973,-0.037655279503105654,-0.07703081232493003,-0.23611111111111116,-0.03942652329749097,-0.07299270072992703,-0.009783728115345114,0.36363636363636354,-0.054973821989528826,-0.039087947882736285,-0.040000000000000036,
1999-03-31,-0.008573130934327544,,-0.0039903727792169885,,-0.03931762283260998,-0.15547744617613424,-2.427169421487603,-2.427169421487603,-2.4444444444444446,-2.428571428571429,23.945866987454888,0.09703301295445055,-0.2585699791963435,-1.40245483620019,0.15691508184456104,0.04477611940298498,-0.07703081232493003,-0.23611111111111116,-0.023987206823027907,0.0866141732283463,-0.009783728115345114,0.24444444444444446,-0.030470914127423754,-0.039087947882736285,-0.040000000000000036,
1999-06-30,0.024682418634495606,,0.03569001056006105,,-0.053342601235760734,0.021587958519858397,-0.2519905899384727,-0.2519905899384727,-0.2417582417582418,-0.24444444444444446,-0.587599889776798,0.5308928843516685,-1.6304942776579865,0.4022766323024054,0.19019403928559986,-0.09420849420849409,0.03338391502276172,-0.23611111111111116,-0.04751501911523748,-0.0724637681159419,-0.009783728115345114,0.1964285714285714,-0.07619047619047625,0.06440677966101682,-0.04166666666666663,
1999-09-30,-0.004879883680947605,,0.003934697556547739,,-0.08256452806494297,0.02738060154807509,-0.2721664449014153,-0.2721664449014153,-0.2753623188405796,-0.26470588235294124,0.5968194574368568,-0.2784095150414293,-4.564266140523951,-2.470240465614949,-0.23494570099199408,-0.11892583120204603,-0.1879588839941262,-0.23611111111111116,-0.06307339449541294,-0.07031250000000011,-0.13312532501300045,0.25373134328358193,-0.07835051546391747,-0.19108280254777066,-0.0434782608695653,
1999-12-31,0.0022175536079944713,,0.009433796907397873,,-0.06419059538009853,-0.022123406836057735,-0.509390061492438,-0.509390061492438,-0.48,-0.5,-0.18805967026529413,-3.956103448275862,-0.4754034837376372,-1.8130990082506875,0.24970007582083253,-0.11707789066279639,0.7106690777576854,0.6181818181818182,-0.06425948592411268,-0.05882352941176461,0.13257348530293922,0.3333333333333335,-0.06599552572706924,0.6692913385826773,-0.045454545454545525,
2000-03-31,0.006242838656228988,,0.006885356145280408,,0.006294879468170311,0.05157191740639022,2.0301490514905147,2.0301490514905147,1.923076923076923,2.04,1.364581588610449,-3.6372088140259193,-0.2865835785721823,-2.32478763885152,-0.26470317179940095,-0.13479452054794527,-0.025369978858350906,-0.0898876404494382,0.003924133420536435,-0.0803571428571429,-0.46133474576271183,0.1428571428571428,0.0,-0.09198113207547176,0.0,
2000-06-30,0.015126624505750641,,0.02225149185527653,,-0.05245870515932438,0.08332384526401126,-0.6349916154276132,-0.6349916154276132,-0.631578947368421,-0.631578947368421,-0.8672129986323538,-0.9548788039631989,-0.056698658953457826,-0.5819286080405413,-0.15050360513736427,0.1266624445851805,-0.148590021691974,-0.18518518518518512,-0.05211726384364812,0.12621359223300965,0.1976401179941003,0.1328125,-0.06706586826347316,-0.21818181818181825,0.04761904761904767,
2000-09-30,-0.010063811319194538,,-0.016898709576556925,,0.05398938855438429,0.05470115472858561,-2.358346094946401,-2.358346094946401,-2.3571428571428568,-2.3571428571428568,6.292121460812474,-3.327810998921674,2.0838705181365205,-1.5655231441856161,0.10019262295081965,-0.06745362563237767,-0.4853503184713376,-0.5,0.0453608247422681,-0.017241379310344862,0.14121510673234816,0.11724137931034484,0.06546854942233638,-0.5149501661129567,0.045454545454545414,
2000-12-31,0.011206123093270959,,-0.0024366316334435423,,0.1499059152360882,-0.019431484585352043,3.280045095828636,3.280045095828636,3.1315789473684212,3.1315789473684212,-0.6856715191689785,-2.6051545523456583,-1.8614299918647745,5.962940238066021,0.6341028210410249,-0.07836045810729364,-2.004950495049505,-2.0303030303030303,0.006574621959237303,-0.11403508771929816,0.8129496402877696,0.09876543209876543,0.13614457831325288,0.0,0.0,
2001-03-31,0.005522510650121104,,0.002725054666146809,,0.026331423995660463,-0.011967163469257969,-1.1383415867664102,-1.1383415867664102,-1.1210191082802548,-1.1210191082802548,2.2839470810433413,7.306118165599749,-1.6201731374606507,-2.337786315597775,-0.5191191556295165,0.10725964682799227,0.49753694581280805,0.5588235294117647,0.020248203788373553,0.0990099009900991,0.0,0.09550561797752799,0.021208907741251393,0.0,0.04347826086956519,
2001-06-30,0.014984009640985674,,0.01919280083138708,,-0.017074759092810976,0.021588068912316682,-0.5224676313785225,-0.5224676313785225,-0.5263157894736843,-0.5263157894736843,-0.22757552960673366,-0.8370415292675839,-0.8663762108201852,-1.3401691536171296,0.36721846142177217,0.05493207324276428,0.0625,0.1132075471698113,-0.01984635083226627,0.02702702702702675,0.0,0.08717948717948731,-0.03219106957424711,0.0,0.0,
2001-09-30,0.04753525004439374,,0.05681760954944326,,0.013316109406926735,0.021744011260129703,-9.883572567783094,-9.883572567783094,-10.11111111111111,-10.000000000000002,0.7166106766789939,0.6196697162350753,-4.284583729028173,1.5969740782815243,0.6975160534235747,-0.08342665173572217,0.2925696594427245,0.3220338983050848,0.009144350097975096,-0.06140350877192968,0.0,0.07547169811320731,-0.03218884120171672,0.0,0.0,
2001-12-31,-0.008446027181453042,,-0.0038458329244102085,,-0.053438157387695306,-0.07048330961849991,-1.385278276481149,-1.385278276481149,-1.3902439024390243,-1.382716049382716,-0.3686798503474078,0.4209927957684114,-0.5235639938319199,-0.7286451394826318,0.1115007843393574,-0.07269395235186327,-0.8862275449101796,-0.8846153846153846,-0.056957928802588986,-0.0841121495327104,0.0,0.07456140350877205,-0.045454545454545525,0.0,-0.04166666666666663,
2002-03-31,0.0165631699604194,,0.020705020502865823,,-0.017477554076772317,-0.019263081902286316,0.94641192917055,0.94641192917055,0.90625,0.967741935483871,0.14152491599156014,3.1045216058480225,1.1371497926570244,-5.942882265657916,-0.49584782780476067,0.13438735177865602,-1.9473684210526314,-1.8888888888888888,-0.019217570350034352,0.20408163265306123,0.0,0.03265306122448974,-0.03368176538908241,-0.7534246575342466,-0.0434782608695653,
2002-06-30,0.04657378659063682,,0.04229633441746117,,0.09683390266616221,-0.006989242662700401,-0.709600191525018,-0.709600191525018,-0.7049180327868853,-0.721311475409836,0.015597188626717218,-0.9096424724288279,-0.140108849976337,-1.6312303809477924,0.6208328169537738,0.022648083623693305,0.4111111111111112,0.375,0.09307207837648712,0.04237288135593231,4.241269841269842,0.035573122529644285,0.04807692307692313,0.4444444444444444,-0.045454545454545525,
2002-09-30,0.04164737924598283,,0.03954255520194172,,0.06792510786506134,0.026950918175188132,1.2159934047815333,1.2159934047815333,1.166666666666667,1.2941176470588234,0.7300108975295188,-3.1557064353512874,-0.01978590495060406,1.574713925893743,0.9862009719589178,-0.16354344122657571,4.102362204724409,4.090909090909091,0.0653008962868118,-0.2357723577235773,-0.4025590551181103,0.03053435114503822,0.025229357798165042,4.26923076923077,-0.04761904761904756,
2002-12-31,0.011406936379317445,,0.013033149765947716,,0.0008217203239793136,0.020037543895724985,-0.8563988095238095,-0.8563988095238095,-0.8717948717948718,-0.8717948717948718,-0.5217838820702643,-5.518207577976046,6.56729365524986,-1.0275897138869823,-0.01369901789171668,0.03258655804480659,-0.2006172839506173,-0.1964285714285715,-0.0012019230769230171,-0.031914893617021156,-0.8045875047522494,0.02962962962962945,-0.010067114093959662,-0.17518248175182494,0.0,
2003-03-31,-0.04936024551052132,,-0.055177059056200406,,-0.005182959333614567,-0.12806793490403012,5.507772020725389,5.507772020725389,6.199999999999999,6.199999999999999,0.8290003462768449,-0.23616372949243114,-1.2847406945727462,10.158277543598645,-0.15498052469111,-0.07495069033530577,-0.22586872586872586,-0.19999999999999996,-0.010228640192539218,-0.06593406593406603,0.12191958495460442,0.02877697841726623,0.04632768361581929,-0.17699115044247793,-0.050000000000000044,
2003-06-30,0.03230972734803017,,0.023629372849623742,,0.09163126862728999,-0.07273602681002844,0.21457006369426757,0.21457006369426757,0.22222222222222232,0.22222222222222232,-0.6919039116182897,-0.829948417422092,-3.010762074761241,-2.3452045865307696,0.24671681390682498,0.02274342572850041,0.22443890274314215,0.25,0.09057750759878425,0.0235294117647058,0.28612716763005785,0.03146853146853168,0.057235421166306644,0.317204301075269,-0.052631578947368474,
2003-09-30,0.03776214723126392,,0.04717133185840661,,-0.020285718096813343,0.09171821601759245,0.36348738118649626,0.36348738118649626,0.36363636363636354,0.34090909090909083,2.158180109405499,5.638834045302796,-1.053606604115909,-1.6389531298180697,-0.12644449699086968,0.04378040305767894,0.15071283095723031,0.15555555555555567,-0.021181716833890918,-0.034482758620689724,-0.1833707865168539,0.027118644067796405,-0.0561797752808989,0.204081632653061,0.0,
2003-12-31,0.01677887740729278,,0.02307938054581604,,0.13068039788585706,0.05139866190890485,3.7256009615384613,3.7256009615384613,3.500000000000001,3.5423728813559325,-0.4848765785357293,0.020893488628621393,-5.166445062250695,0.7935004610518877,-0.25960372623080874,0.07390146471371506,1.7716814159292031,1.9038461538461542,0.07630979498861046,0.09523809523809534,-0.07539900935608146,0.0264026402640265,0.11255411255411274,1.9661016949152543,-0.05555555555555547,
2004-03-31,0.009277992091797804,,-0.0015655583410256746,,0.09402112841923138,-0.021033997030494578,-0.6276419869267746,-0.6276419869267746,-0.6296296296296297,-0.6343283582089553,1.0046882290640577,-0.037581699346405206,-1.4466041950738344,-0.4804051586615157,-0.1821845432245195,0.1822690638561688,0.08365261813537672,0.13907284768211925,0.09206349206349218,0.09782608695652173,-0.581547619047619,0.025723472668810254,0.08365758754863806,0.1508571428571428,0.0,
2004-06-30,0.04371991118021756,,0.06088890641302647,,-0.0780249224694941,0.031019349348559322,-0.23579234972677598,-0.23579234972677598,-0.24,-0.23469387755102045,-0.2700769568960103,-0.7991156067614532,-0.009679095751591538,-2.010949175112821,0.2252088929907543,0.04771893025694807,0.0459634649381262,0.046511627906976605,-0.08139534883720934,-0.03960396039603964,-0.09103840682788056,0.028213166144200663,-0.11669658886894074,0.036742800397219444,0.0,
2004-09-30,0.04025242125313544,,0.03507340027267225,,0.07934709267427542,0.27968090098545284,1.4705041115480872,1.4705041115480872,1.4736842105263155,1.4666666666666668,0.55533003659481,-0.12015779957262618,-0.9538209248934076,1.2168770581778268,0.40749004600360506,-0.004004004004004136,0.20169014084507042,0.22777777777777786,0.07700421940928281,0.08247422680412386,-0.06572769953051638,0.024390243902439046,0.03760162601626016,0.1628352490421454,0.0588235294117645,
2004-12-31,0.01930479967077936,,0.012584916552020431,,0.0753181539659471,-0.1529950473376731,-0.3305354558610709,-0.3305354558610709,-0.3351063829787234,-0.33513513513513515,-0.24452218624404054,2.838242620500685,-56.46590909090909,-0.8982582969189062,0.029455790033270146,0.008040201005025116,-0.2550398499765587,-0.24434389140271495,0.033300685602350555,-0.06666666666666676,-0.19430485762144056,0.023809523809523725,0.05484818805093061,-0.24135090609555188,0.0,
2005-03-31,-0.024466559072803262,,-0.025635536671784198,,-0.02945180652750179,-0.04611386660498362,-0.3204172070903588,-0.3204172070903588,-0.3440000000000001,-0.3414634146341463,0.2518835048482211,1.786864499590327,0.5902479000204877,-14.5600843573833,-0.387994318485115,0.026420737786640114,-0.037759597230962894,-0.0479041916167664,-0.03270142180094793,0.0,0.3347193347193349,0.023255813953488413,-0.00464252553389044,-0.04234527687296419,0.0,
2005-06-30,0.023009624914114735,,0.014639409874918297,,0.08447313501737841,0.0672394238950711,0.29821073558648115,0.29821073558648115,0.29268292682926833,0.28395061728395055,-0.23970738521992563,-1.1322634731933374,-1.6720883792836898,-1.8078247111568382,0.5121380531711766,0.002428363283147217,0.021582733812949728,0.056603773584905426,0.08084272415482596,0.030612244897959107,0.0389408099688473,0.02556818181818188,0.05970149253731338,0.0487528344671202,0.0,
2005-09-30,0.02809417037669837,,0.04062699601219255,,-0.06068644282457569,0.09865490238264951,-1.3237978560490045,-1.3237978560490045,-1.320754716981132,-1.3269230769230769,0.5523518150590387,-5.883156898562845,0.3281976326256768,-1.5782367075532124,-0.19583993740344685,0.08817829457364335,-0.4468629961587708,-0.4464285714285714,-0.06346328195829554,0.00990099009900991,0.02398800599700146,0.02216066481994461,-0.08626760563380287,-0.4302702702702703,0.0,
2005-12-31,-0.014277684675028213,,-0.018811866058197402,,0.022705122218976248,-0.06762685124856327,-4.348846008323875,-4.348846008323875,-4.352941176470588,-4.264705882352941,-0.5108818290219036,-0.5135052912437578,1.1891180025617434,0.08502369061339476,-0.2642396477199723,0.06188780053428311,-0.0219907407407407,-0.02150537634408589,0.014520813165537216,0.12745098039215685,0.9121522693997073,0.02168021680216814,0.037572254335260125,-0.028462998102466663,0.0,
2006-03-31,0.004087966019623357,,0.005477341777568645,,-0.0034656579623054684,-0.020870077291129885,0.14687605920234992,0.14687605920234992,0.14035087719298267,0.144144144144144,1.6657129743874015,-0.09316620576886558,0.30265771148378584,-1.5510654494597513,0.19790865298008464,0.11111111111111094,0.17633136094674562,0.17582417582417564,-0.008110687022900853,0.09565217391304359,0.16156202143950993,0.023872679045092715,-0.007428040854224771,0.16796875,0.0,
2006-06-30,0.008439730252343791,,0.00842982429226491,,0.010729984381539603,-0.0026623603789452943,0.21022559353758252,0.21022559353758252,0.19999999999999996,0.20472440944881898,-0.8587978283813034,-0.9404965009960669,-0.8641749593537081,-0.6784211259008599,0.05312862682933739,0.07132075471698118,0.17806841046277655,0.16822429906542058,0.00962000962000964,0.08730158730158744,-0.0883322346736981,0.023316062176165886,0.00187090739008422,0.16722408026755864,0.0,
2006-09-30,0.08516426996065518,,0.08104828964314792,,0.11510510026449294,0.14227377117558082,-0.2385022385022385,-0.2385022385022385,-0.23717948717948723,-0.24183006535947715,3.5492406847297664,-12.590780324491373,-6.694224499301351,17.133732933732933,0.914817340935588,0.04402958788305744,0.36891545687446636,0.3839999999999999,0.10767031919961889,0.029197080291970767,-0.09978308026030369,0.022784810126582178,0.02801120448179284,0.40401146131805166,0.0,
2006-12-31,0.0012354145140383022,,-0.006402731483473811,,0.061109917568254346,-0.013627672763396048,0.4483164083377873,0.4483164083377873,-0.04201680672268915,-0.04310344827586188,-0.4084273182957393,-3.1478288562519903,1.5298433601897674,-0.6525040583521253,0.16597562066926463,0.14439946018893401,0.06612601372426696,0.09248554913294793,0.055053763440860326,0.03546099290780136,-0.19357429718875507,0.022277227722772297,0.05994550408719346,0.0887755102040817,0.0,
2007-03-31,0.011310261303289604,,0.007255017520775953,,0.03827375465191718,-0.03695107058463565,-0.1615617388737176,-0.1615617388737176,-0.16666666666666663,-0.1711711711711712,0.05856531742249049,0.6151612747498294,-0.7982449900739121,-2.194835941256982,-0.17012791572610986,0.0277122641509433,-0.02750146284376831,0.0,0.03709743171626578,-0.0273972602739726,-0.07370517928286835,0.02421307506053272,0.0265638389031706,0.007497656982192957,0.0,
2007-06-30,0.012247390191057805,,0.017698472815018684,,-0.02331469911213413,0.011393108558725551,-0.41021126760563376,-0.41021126760563376,-0.41052631578947363,-0.4130434782608695,-0.48860478043357425,0.1663108454312554,-0.5048076923076923,0.8726227333038479,-0.38389699882128936,-0.0014343086632242485,-0.15764139590854376,-0.1428571428571429,-0.02161949685534592,-0.035211267605633645,-0.021505376344086113,0.02364066193853409,-0.03505843071786319,-0.13953488372093026,-0.05555555555555547,
2007-09-30,0.016345020022649592,,0.025408583029152387,,0.014410289215851302,0.094239399212382,0.682089552238806,0.682089552238806,0.714285714285714,0.7222222222222221,2.7945652173913045,-0.598572213069742,-3.592233009708738,-1.1173830892772791,0.07314201618837379,-0.15455328928468837,0.02499999999999991,0.03703703703703698,0.04861390116512654,-0.13868613138686148,-0.03296703296703285,0.023094688221708903,-0.0017301038062282892,0.033513513513513615,0.0588235294117645,
2007-12-31,-0.011808898027638293,,-0.015034293314324931,,0.011019283746556363,-0.13090056913290926,-0.20230700976042593,-0.20230700976042593,-0.1874999999999999,-0.22580645161290325,-0.5201947865940991,-0.7824897400820794,-0.5867665418227216,0.744466800804829,0.1188974218321448,-0.0261637784573564,-0.11498257839721249,-0.11309523809523803,0.027203065134099536,-0.06779661016949146,-0.06931818181818195,0.02257336343115135,0.022530329289428108,-0.08995815899581605,-0.05555555555555547,
2008-03-31,0.007548193354645072,,0.008754936787061851,,-0.00853550441548212,-0.02330508474576276,-0.1546162402669633,-0.1546162402669633,-0.14102564102564097,-0.11111111111111105,1.2071641791044776,2.5786163522012577,-0.048338368580060465,0.9319492502883506,0.20529476651550427,-0.0666434054431263,-0.09685039370078741,-0.10738255033557054,0.0018649757553153012,-0.09090909090909094,0.050061050061050105,0.028697571743929284,-0.016101694915254372,-0.08505747126436769,0.0,
2008-06-30,0.005972548582240833,,0.013136540404813601,,-0.048110989702327744,0.01626898047722336,-0.20657894736842108,-0.20657894736842108,-0.20895522388059706,-0.1875,-0.49824181769001896,1.6795547744581136,-5.177777777777778,-1.8376119402985074,-0.1426682936750051,0.040747663551401914,-0.011333914559720992,-0.022556390977443552,-0.07073715562174232,0.040000000000000036,0.14418604651162803,0.025751072961373467,-0.05340223944875111,-0.005025125628140725,-0.05882352941176472,
2008-09-30,0.029322261981221454,,0.0377069282648681,,-0.03415889801029637,0.13505384690016498,-0.6533996683250415,-0.6533996683250415,-0.6603773584905661,-0.6538461538461539,0.6711590296495957,-0.9304766069086139,-0.4506079027355623,-3.498218104062723,0.41572767168781866,0.016163793103448176,-0.255731922398589,-0.2769230769230768,-0.03725961538461542,0.08653846153846145,0.023373983739837456,0.027196652719665204,-0.061874431301182864,-0.26641414141414144,0.0,
2008-12-31,-0.018462669826107003,,-0.008637942871408621,,-0.10321976518043652,-0.07863919993161805,0.8468899521531101,0.8468899521531101,0.8888888888888891,0.8333333333333335,-0.6525806451612903,0.9056603773584906,-0.677731673582296,-0.7991440798858773,0.05898123324396787,-0.23294450335807704,-0.16824644549763035,-0.21276595744680848,-0.10362047440699129,-0.20353982300884943,0.045680238331678114,0.026476578411405383,-0.08632395732298725,-0.21514629948364883,0.0,
2009-03-31,-0.02215116829060637,,-0.027810072232318572,,0.02947791164658642,-0.06707486779849703,-1.0,1.6891191709844557,1.6470588235294117,1.6666666666666665,2.9182915506035285,4.184818481848184,-3.4377682403433476,-0.27556818181818177,0.04034810126582289,-0.14838709677419348,0.19088319088319072,-0.391891891891892,0.02831940575673153,-0.04444444444444451,0.05128205128205132,0.025793650793650702,0.05307855626326963,0.14473684210526327,0.0,
2009-06-30,0.016581469772193547,,-0.0036825495503662875,,0.1965748615120544,0.09009546539379465,inf,0.2263969171483622,0.22222222222222232,0.23863636363636376,-0.8350710900473933,-1.8621896880967537,2.6038732394366195,1.6627450980392156,0.10326996197718641,0.05627705627705626,0.2763157894736843,-0.4888888888888888,0.19322799097065468,0.023255813953488413,-0.07678410117434509,0.025145067698259194,0.17741935483870974,0.27969348659003823,0.0,
2009-09-30,0.06026128067116843,,0.04218736458965244,,0.19636162096958243,-0.0031928480204341803,inf,-0.0007855459544383603,0.0,0.0,2.8721264367816093,-2.3359173126614987,-1.3722520762090864,-1.1192930780559647,-0.011166253101737023,0.20491803278688514,0.26241799437675706,-0.34782608695652173,0.19447597427166108,0.011363636363636465,-0.07240704500978479,0.024528301886792336,0.12756849315068508,0.39071856287425155,0.0,
2009-12-31,-0.0061176791593217095,,-0.011940993530575983,,0.03038478308262471,0.030566486684359795,inf,0.2657232704402517,0.26363636363636345,0.27522935779816504,-0.4311688311688312,0.04421110804089534,-2.1876640419947506,18.450617283950617,-0.21964310609229054,0.05824829931972797,0.1789161098737937,11.866666666666667,0.06810262907823872,-0.1123595505617977,-0.2257383966244726,0.023941068139963217,0.03720577069096431,0.29386437029063517,0.0,
2010-03-31,0.09416146196443353,,0.09335813233239643,,0.10153130041522318,-0.0817866974513809,-1.0,-0.3416149068322981,-0.3237410071942446,-0.3309352517985611,1.563600782778865,-0.1982005821645938,-0.5580110497237569,-1.1586797841954934,0.045109423849932995,0.055443953394937795,-0.10516372795969764,-0.041450777202072686,0.1106168446026099,-0.012658227848101222,-0.19618528610354213,0.02517985611510798,0.0065885797950220315,-0.0024958402662229595,0.0,
2010-06-30,0.0077913502806206125,,0.004310510718546823,,0.02881152460984393,0.01740812379110257,inf,0.018867924528301883,0.042553191489361764,0.043010752688172005,-0.8269720101781171,0.33333333333333326,-5.425,-4.18,-0.13589743589743586,0.05900266463646742,-0.11118930330752996,0.16756756756756763,0.05554072096128171,-0.05128205128205132,0.047457627118643986,0.02280701754385972,0.02109090909090905,-0.02668890742285246,-0.0625,
2010-09-30,0.06921968158291292,,0.06955355432075105,,0.06814469078179686,0.19296577946768068,0.22222222222222232,0.22222222222222232,0.24489795918367352,0.24742268041237114,3.7058823529411766,0.6509900990099009,1.689265536723164,-1.8113207547169812,0.12759643916913954,0.03486700215672167,-0.04433887569279493,0.16203703703703698,0.07462686567164178,-0.013513513513513487,0.06310679611650505,0.02401372212692965,-0.0014245014245014564,-0.027420736932304957,0.0,
2010-12-31,-0.005668065810839784,,-0.002723038337513417,,-0.0233777583570024,-0.07888446215139444,0.8106060606060606,0.8106060606060606,0.024590163934426146,0.016528925619834656,-0.740625,-0.5037481259370316,-0.5651260504201681,-1.3178294573643412,-0.035964912280701755,0.09030913511635985,0.10770505385252704,-0.3944223107569721,0.002354048964218425,0.013698630136986356,0.06240487062404876,0.02680067001675046,-0.01783166904422251,0.1462555066079294,-0.06666666666666654,
2011-03-31,0.015221544339680815,,0.018035496155780706,,-0.0015659955257271152,-0.10121107266435991,-0.6527196652719665,-0.6527196652719665,-0.36,-0.3577235772357723,3.686746987951807,-0.22356495468277948,0.2946859903381642,-10.75609756097561,0.36396724294813465,0.07359031538706606,-0.05534779356768893,0.1513157894736843,0.013151714419915583,0.06756756756756754,0.11174785100286533,0.02610114192495927,-0.015976761074800172,-0.04073789392774785,0.0,
2011-06-30,0.03353769576302046,,0.038537549407114735,,0.0020165807752632325,0.051973051010587135,-0.3373493975903614,-0.3373493975903614,-0.3375,-0.3417721518987342,-0.6272493573264781,0.8832684824902723,0.75,-0.675,0.08672448298865909,0.04035608308605343,-0.10372129849564526,-0.1200000000000001,0.03129346314325465,0.025316455696202445,0.0760309278350515,0.027027027027026973,-0.030996309963099655,-0.10256410256410253,0.0,
2011-09-30,0.031627169412386635,,0.036767704227266496,,-0.0015652951699463014,0.22140896614821592,0.7454545454545454,0.7454545454545454,0.811320754716981,0.8076923076923075,-0.12413793103448278,1.4586776859504131,-0.093816631130064,-5.907692307692308,-0.3916513198281154,-0.06588705077010848,-0.06448763250883394,-0.0844155844155845,0.016632951224994308,-0.0864197530864198,0.045508982035928236,0.024767801857585203,-0.031987814166032025,-0.08660714285714288,0.0,
2011-12-31,0.025960717335610672,,0.02756473287446748,,0.01791713325867872,-0.03895131086142323,0.13541666666666674,0.13541666666666674,0.16666666666666674,0.17021276595744705,-0.952755905511811,-0.573109243697479,0.9647058823529411,-1.5219435736677116,0.3360242179616548,0.025343511450381717,-0.2776203966005666,-0.2978723404255318,0.026531063453460124,0.0,0.1053837342497137,0.025679758308157163,-0.007867820613690069,-0.2942326490713587,0.0,
2012-03-31,0.004688973974807276,,0.004082804376255966,,0.007700770077007757,-0.13250194855806707,0.03669724770642202,0.03669724770642202,0.03571428571428559,0.036363636363636154,0.6666666666666667,-0.639763779527559,-0.6754491017964072,-0.7057057057057057,0.07401812688821763,0.1200119118522931,0.07973856209150343,0.06060606060606055,0.01809175102304561,0.09459459459459474,0.16373056994818658,0.025036818851251752,0.003172085646312439,0.07063711911357329,0.0,
2012-06-30,0.023224986882439014,,0.02535023348899257,,0.00917030567685595,0.03324348607367478,-0.12389380530973448,-0.12389380530973448,-0.1206896551724137,-0.11403508771929816,20.6,2.5136612021857925,0.948339483394834,0.030612244897959107,0.07102672292545709,0.035628822121776205,0.10895883777239712,0.09523809523809512,0.04167548127776599,0.012345679012345512,-0.06233303650935007,0.025862068965517127,-0.014229249011857625,0.10478654592496772,0.0,
2012-09-30,0.0696588578214401,,0.07410849831149124,,0.033967979229770684,0.35913043478260875,1.2828282828282829,1.2828282828282829,1.3823529411764706,1.3663366336633662,0.20833333333333326,-0.8258164852255054,-1.0871212121212122,0.01980198019801982,0.06762967826657906,-0.025417201540436474,0.2893013100436681,0.27826086956521734,0.07554833468724609,-0.060975609756097504,-0.1396011396011395,0.023809523809523725,-0.03287890938251814,0.25409836065573765,0.0,
2012-12-31,-0.011656952539550347,,-0.007095676252559913,,-0.04205900816070307,-0.20921305182341654,-0.7787610619469026,-0.7787610619469026,-0.7695473251028806,-0.7740585774058577,0.26436781609195403,3.3482142857142856,-6.130434782608695,-0.23300970873786409,0.048585485854858446,0.018440463645942984,-0.10922946655376797,-0.12925170068027203,-0.0304003021148036,-0.051948051948051965,-0.2439293598233997,0.061559507523939905,-0.030679933665008208,-0.099906629318394,-0.07142857142857151,
2013-03-31,-0.0008169308927522545,,-0.00557766609534327,,0.033857579729139387,-0.07119741100323629,1.4,1.4,1.3928571428571428,1.4444444444444442,-0.8212121212121212,-0.03490759753593431,-0.004237288135593209,-3.2278481012658227,-0.10322580645161294,0.128556647697879,0.005703422053231932,0.0,0.025121713729308714,0.1643835616438356,0.2540145985401461,0.02577319587628879,0.03421727972626165,0.007261410788381717,0.0,
2013-06-30,0.007026239811952273,,0.015921240980397933,,-0.054933446017325194,-0.007839721254355392,-0.08333333333333337,-0.08333333333333337,-0.08208955223880599,-0.09090909090909094,1.3220338983050848,0.5361702127659576,0.39148936170212756,0.46590909090909083,-0.16873773708306083,0.10405684162273654,0.0302457466918713,0.0078125,-0.04483282674772038,0.08235294117647074,0.06635622817229336,0.023869346733668362,-0.06120760959470628,0.02471678681771361,0.0,
2013-09-30,0.03889480895113406,,0.04201173222912358,,0.015425888665325349,0.266900790166813,-0.24545454545454548,-0.24545454545454548,-0.2357723577235773,-0.23333333333333328,0.4014598540145986,-0.0013850415512465242,0.8012232415902141,-1.2325581395348837,0.04720692368213997,0.074112518164833,-0.273394495412844,-0.28682170542635665,0.010938743038981569,0.11956521739130443,0.0360262008733625,0.024539877300613355,-0.022907488986784186,-0.26532663316582916,0.0,
2013-12-31,0.027840867462817886,,0.0298313878080414,,0.012549537648612885,-0.05613305613305608,0.9036144578313252,0.9036144578313252,0.8723404255319149,0.8695652173913042,0.9375,0.38973647711511794,0.5925297113752122,4.133333333333334,0.23140495867768585,0.07151140316969462,0.2967171717171717,0.2717391304347827,0.010230179028132946,0.058252427184465994,0.46786090621707044,0.1461077844311378,-0.014427412082957614,0.26538987688098503,0.0,
2014-03-31,0.016228289020362663,,0.012835628919020348,,0.042835398999782504,-0.1108663729809104,-0.3481012658227848,-0.3481012658227848,-0.34659090909090917,-0.34302325581395354,-0.4516129032258065,-0.5748502994011976,-0.5106609808102345,-0.23051948051948057,0.1446003660768762,0.002525252525252597,-0.03992210321324252,-0.05982905982905995,0.04342745861733199,-0.00917431192660556,-0.22684852835606606,0.02298850574712641,0.025617566331198605,-0.047567567567567526,-0.07692307692307698,
2014-06-30,0.06043956043956045,,0.06349710294467825,,0.03940783986655538,0.14946325350949619,0.029126213592232997,0.029126213592232997,0.026086956521739202,0.017699115044247815,0.446078431372549,0.27699530516431925,0.065359477124183,0.012658227848101333,0.1279317697228144,0.03904282115869018,-0.035496957403651,-0.0454545454545453,0.04292646509891762,0.0,0.07892293407613749,0.022471910112359605,-0.019625334522747617,-0.055618615209988675,0.08333333333333348,
2014-09-30,0.02639179803770264,,0.03176853994079165,,-0.016248746238716194,0.13577586206896552,0.09433962264150941,0.09433962264150941,0.10169491525423746,0.11304347826086958,-0.4067796610169492,1.6930147058823528,-0.010224948875255602,-4.358333333333333,-0.3809073724007561,0.006233766233766147,0.05362776025236582,0.03809523809523796,-0.0012526843235505236,-0.03703703703703709,0.016351118760757455,0.021978021978022122,-0.0418562329390354,0.046875,0.0,
2014-12-31,0.02111617116343023,,0.0242802719776245,,-0.005097879282218609,-0.03289057558507269,0.09482758620689657,0.09482758620689657,0.10769230769230753,0.1015625,2.1314285714285712,-0.19180887372013655,0.3822314049586777,-1.0409429280397022,0.02519083969465652,0.00826019617965934,-0.07784431137724557,-0.09174311926605494,0.0019709729439167933,0.009615384615384581,-0.06011854360711266,0.12218963831867047,-0.02564102564102566,-0.09184845005740516,0.0,
2015-03-31,0.016240664773324864,,0.01708999317341875,,0.00901824144291874,-0.15369522563767168,-0.8503937007874016,-0.8503937007874016,-0.8472222222222222,-0.851063829787234,-0.2755474452554745,-0.18243243243243246,-0.34230194319880414,-4.96969696969697,-0.09754281459419212,0.04983785628946902,-0.19047619047619035,-0.21212121212121227,0.0014306151645206988,0.04761904761904767,0.11531531531531547,0.021777003484320545,-0.006822612085769952,-0.19721871049304684,-0.07692307692307698,
2015-06-30,0.023122942844722383,,0.028537042608836494,,-0.024578509039203777,0.19088098918083451,6.421052631578948,6.421052631578948,6.272727272727273,6.476190476190477,-0.5491183879093199,0.18388429752066116,1.206818181818182,-1.0305343511450382,0.0033003300330032292,0.054300113802633554,0.10427807486631013,0.07692307692307687,-0.02124999999999999,0.05454545454545445,0.2932148626817448,0.021312872975277175,-0.046123650637880376,0.06771653543307088,0.0,
2015-09-30,0.022924085464551602,,0.027250225022502184,,-0.016243231986672213,0.09279688513951978,-0.5531914893617021,-0.5531914893617021,-0.55,-0.5477707006369428,0.8491620111731844,0.13525305410122157,-0.3326467559217302,-81.5,-0.26480263157894735,0.07232074016962242,-0.12348668280871666,-0.15476190476190466,-0.013318737456668561,0.09482758620689657,-0.02810743285446604,0.02086811352253748,-0.039094650205761305,-0.14601769911504425,0.0,
2015-12-31,-0.013806198943766446,,-0.01231079275371838,,-0.02794242167654526,-0.03444180522565321,1.0476190476190474,1.0476190476190474,1.0555555555555558,1.0422535211267605,0.3595166163141994,-0.10684089162182941,0.6018518518518519,-2.012422360248447,0.3646532438478747,0.028616623526028118,0.02071823204419876,0.0,-0.01941568047337272,0.03937007874015741,0.17866323907455017,0.10466067048242023,-0.013918629550321193,-0.010362694300518172,0.0,
2016-03-31,0.023646683647887023,,0.0224444986582093,,0.03549651567944245,-0.09286592865928656,-0.21705426356589153,-0.21705426356589153,-0.21621621621621623,-0.21379310344827596,-0.25555555555555554,0.029259896729776358,-0.1599229287090559,-0.9662576687116564,0.00901639344262306,-0.04557528309800096,0.2449255751014885,0.21126760563380276,0.034131623609277906,-0.022727272727272707,-0.05507088331515819,0.02072538860103612,0.011943539630836053,0.19720767888307145,0.08333333333333348,
2016-06-30,0.033210549002703926,,0.031214073447430657,,0.05152471083070442,0.071864406779661,-0.4653465346534653,-0.4653465346534653,-0.4568965517241379,-0.45614035087719296,-0.7283582089552239,-0.5392976588628762,-0.10894495412844041,27.818181818181817,0.2575142160844841,0.03076021678628993,-0.20869565217391295,-0.2093023255813954,0.049234135667395984,-0.007751937984496138,-0.1661858049624928,0.020304568527918843,0.01716738197424883,-0.20553935860058303,-0.07692307692307698,
2016-09-30,0.040050822065879066,,0.04095498527555752,,0.032200000000000006,0.07843137254901955,1.0185185185185186,1.0185185185185186,0.9841269841269842,0.9838709677419355,1.7142857142857144,0.2686025408348458,-0.3011583011583011,-0.7129337539432177,0.05878552971576223,0.043342333380701925,0.1071428571428572,0.10294117647058831,0.03284671532846706,0.0,0.2961937716262977,0.01990049751243772,-0.007383966244725704,0.12844036697247696,0.0,
2016-12-31,0.004138937004284804,,0.013458079899771658,,-0.04747142026739004,0.01876832844574783,2.532110091743119,2.532110091743119,2.5439999999999996,2.5284552845528454,0.9311740890688258,-0.23462088698140204,-0.03130755064456725,4.142857142857143,0.28553996339231236,0.10269681285753185,0.6240694789081884,0.6133333333333333,-0.049301699478377925,0.0625,-0.026695141484249896,0.09128919860627183,-0.05100956429330494,0.6243902439024391,0.0,
2017-03-31,0.04343404997094713,,0.04219089585867253,,0.05593978844589098,-0.09268854346574551,-0.6025974025974026,-0.6025974025974026,-0.6027088036117381,-0.6036866359447004,-1.159329140461216,1.2317757009345796,1.0019011406844105,-1.4636752136752138,-0.10299003322259137,0.12747035573122534,0.05653170359052728,0.04958677685950419,0.04831858407079648,0.19117647058823528,-0.3170597915523863,0.01979565772669223,0.011198208286674172,0.06306306306306309,0.0,
2017-06-30,0.02008213838229156,,0.01983967552468968,,0.023309574263147725,0.04441624365482233,-0.05228758169934644,-0.05228758169934644,-0.06818181818181823,-0.06395348837209291,-9.552631578947368,-0.3299832495812395,-0.5565052231718899,-2.460829493087558,0.16772486772486772,0.07602979842243651,0.11279826464208242,0.10236220472440949,0.018909336484889572,0.024691358024691246,-0.002409638554216831,0.11333750782717589,0.0033222591362125353,0.11864406779661008,0.0,
2017-09-30,0.026357091678324007,,0.02772670993884363,,0.012612951807228878,0.11482381530984198,-0.9241379310344827,-0.9241379310344827,-0.9207317073170732,-0.9192546583850931,-0.3553846153846154,-0.7050000000000001,-1.0877944325481799,-0.5520504731861199,0.06434073402809237,0.02199144777031159,-0.13255360623781676,-0.1428571428571429,0.011599005799502793,0.0,-0.09178743961352664,0.017997750281214753,-0.013245033112582849,-0.14057239057239057,0.0,
2017-12-31,0.008227648222329353,,0.009856892523364413,,-0.009109499907045904,-0.014713896457765663,14.090909090909092,14.090909090909092,13.46153846153846,13.0,0.9355608591885443,3.5,-6.853658536585366,-1.0774647887323943,-0.004682843763303524,0.048216776250249005,-0.3288389513108615,-0.33333333333333337,-0.012612612612612595,0.03614457831325302,0.19592198581560294,0.12983425414364635,-0.016778523489932695,-0.3222331047992164,0.0,
2018-03-31,-3.297174321603702e-05,,0.002693225363314289,,-0.027579737335834853,-0.1045353982300885,-0.12650602409638556,-0.12650602409638556,-0.12765957446808507,-0.1208791208791209,-0.5178791615289766,0.5593220338983051,1.4416666666666669,60.72727272727273,-0.2904191616766467,0.08144839384147518,-0.016741071428571397,-0.025000000000000022,-0.033178500331785044,0.09883720930232553,0.5974796145292809,0.017114914425427896,-0.028441410693970437,-0.023121387283237094,0.0,
2018-06-30,0.019420997098390957,,0.023020208029131295,,-0.019100906810727403,0.13218035824583074,0.4482758620689655,0.4482758620689655,0.4390243902439024,0.44374999999999987,0.10485933503836309,-0.4993961352657005,-0.06484641638225253,-1.2223858615611194,0.09101868595539475,-0.021530890236400424,0.15096481271282647,0.11538461538461542,-0.020761839396019277,0.010582010582010692,0.0013921113689094877,0.08894230769230749,-0.0374707259953162,0.10946745562130178,0.0,
2018-09-30,0.03810201507261368,,0.04010572687224667,,0.015735641227379915,0.09547190398254224,-0.02857142857142858,-0.02857142857142858,-0.025423728813559365,-0.0216450216450218,0.05092592592592582,0.07358262967430629,0.15875912408759119,0.3178807947019868,0.10994475138121551,-0.010598167774384826,0.3777120315581852,0.3448275862068966,0.013842649377956873,0.010471204188481575,-0.12882298424467087,0.015452538631346657,-0.021897810218978075,0.33066666666666666,0.0,
2018-12-31,-0.011434802928805055,,-0.009182394199166444,,-0.037567776917118545,-0.1583665338645418,-1.142156862745098,-1.142156862745098,-1.1478260869565218,-1.1504424778761062,0.775330396475771,1.2191011235955056,0.06299212598425208,-3.4824120603015074,-0.2458934793429567,-0.10484749455337683,-0.2562634216177523,-0.2735042735042734,-0.038195644659522965,-0.11917098445595853,-0.34361702127659577,0.08260869565217388,-0.026119402985074647,-0.2575150300601202,-0.08333333333333326,
2019-03-31,0.04217095310136165,,0.033906709527392165,,0.13983903420523136,0.1976331360946746,-12.344827586206897,-12.344827586206897,-11.823529411764705,-11.676470588235293,-0.43672456575682383,-0.6536708860759494,0.059259259259259345,-1.9817813765182186,0.3201320132013201,-0.040665246932359844,0.31665062560154,0.3176470588235294,0.13495058400718785,0.0,0.31523500810372784,0.016064257028112428,0.09450830140485311,0.2753036437246963,0.09090909090909083,
