Quarter end,Assets,Current Assets,Liabilities,Current Liabilities,Shareholders equity,Revenue,Earnings,Earnings available for common stockholders,EPS basic,EPS diluted,Cash from operating activities,Cash from investing activities,Cash from financing activities,Cash change during period,Cash at end of period,Price,ROE,ROA,Book value of equity per share,P/B ratio,P/E ratio,Cumulative dividends per share,Equity to assets ratio,Net margin,Asset turnover,Current ratio
1993-12-31,-0.0038306022557991204,0.002478035593602268,-0.01972722844617636,-0.12626628075253254,0.007385811467444103,0.06949071870537837,0.05855855855855863,0.05855855855855863,0.05714285714285716,-1.2780748663101604,-15.0,1.6344086021505375,-4.2439024390243905,-1.6724137931034484,-0.04090267983074758,0.019748653500897495,-0.04778672032193165,0.020408163265306145,0.01990049751243772,-0.028268551236749095,-0.007965686274509776,inf,0.011141552511415576,-0.02395209580838331,-0.010638297872340274,0.14738480697384793
1994-03-31,-0.0038306022557991204,0.002478035593602268,-0.01972722844617636,-0.12626628075253254,0.007385811467444103,0.06949071870537837,0.05855855855855863,0.05855855855855863,0.05714285714285716,-1.2780748663101604,-15.0,1.6344086021505375,-4.2439024390243905,-1.6724137931034484,-0.04090267983074758,0.019748653500897495,-0.04778672032193165,0.020408163265306145,0.01990049751243772,-0.028268551236749095,-0.007965686274509776,inf,0.011141552511415576,-0.02395209580838331,-0.010638297872340274,0.14738480697384793
1994-06-30,0.06002990813928655,0.03662921348314607,0.10136645962732915,0.17888198757763973,0.03472892147404982,0.06949071870537837,0.05855855855855863,0.05855855855855863,0.05714285714285716,-1.2780748663101604,-15.0,1.6344086021505375,-4.2439024390243905,-1.6724137931034484,0.028676470588235192,-0.008802816901408383,-0.04778672032193165,0.020408163265306145,0.034146341463414887,-0.028268551236749095,-0.007965686274509776,0.6666666666666667,-0.023843930635838118,-0.02395209580838331,-0.010638297872340274,-0.12069246214793505
1994-09-30,0.04887142281338175,0.06026446997615431,0.03970223325062028,0.0519845451352301,0.06190564982286029,0.0778816199376946,0.2851063829787235,0.2851063829787235,0.2702702702702702,-1.2780748663101604,0.08866995073891615,0.48979591836734704,-0.7518796992481203,0.6153846153846154,0.045032165832737725,0.10301953818827703,-0.04778672032193165,0.020408163265306145,0.05660377358490565,0.06545454545454543,-0.007965686274509776,0.5999999999999999,0.012398223538119924,-0.02395209580838331,-0.010638297872340274,0.007899771647225773
1994-12-31,0.0181573638197714,-0.007360457984052382,-0.03254502061184639,0.08080133555926539,0.059350307287094006,0.11560693641618491,0.15231788079470188,0.15231788079470188,0.14893617021276606,-1.2780748663101604,0.911764705882353,0.7753424657534247,10.181818181818182,-3.4603174603174605,-0.10601915184678523,0.1223832528180353,-0.04778672032193165,0.020408163265306145,0.05357142857142838,0.06143344709897591,-0.007965686274509776,0.25,0.040577590934015806,-0.02395209580838331,-0.010638297872340274,-0.08162390545588138
1995-03-31,0.010284959426306806,-0.047991761071060735,-0.02197802197802201,-0.1801050355267223,0.02618929222608979,-0.15507031828275353,-0.37643678160919536,-0.37643678160919536,-0.37037037037037035,-1.2780748663101604,-1.3431952662721893,-0.26234567901234573,-2.154471544715447,1.1225806451612903,-0.2517214996174445,0.012912482065997155,-0.04778672032193165,0.020408163265306145,0.021186440677966267,-0.03858520900321538,-0.007965686274509776,0.30000000000000004,0.015633233795889767,-0.02395209580838331,-0.010638297872340274,0.16115482064275244
1995-06-30,0.08583169888857767,0.06252704456945035,0.2533822517771154,0.0011303692539563759,-0.032628008399289254,0.14848883048620243,-2.0599078341013826,-2.0599078341013826,-2.0588235294117645,-1.2780748663101604,0.006896551724137945,0.5313807531380754,1.3028169014084505,-1.0243161094224924,0.008179959100204526,-0.014164305949008416,-0.43687268885367136,0.020408163265306145,-0.03319502074688796,-0.03344481605351168,-0.007965686274509776,0.23076923076923084,-0.10913178830854386,-0.44347063978965817,0.0,0.06132644272179166
1995-09-30,0.05246860485119553,0.017511708409692517,0.08324185876326373,0.06398193451260825,0.05443312740023387,0.04347826086956519,-2.4869565217391303,-2.4869565217391303,-2.4722222222222223,-1.2780748663101604,-2.202054794520548,0.016393442622950838,-0.6972477064220184,-18.5,-0.14198782961460443,0.07327586206896552,0.03564727954971847,0.020408163265306145,0.051502145922746934,0.11072664359861584,0.8641136504014821,0.1875,0.0019413706076489845,0.03149606299212593,-0.010752688172043001,-0.04366174322350269
1995-12-31,0.07576005230467464,0.04522713628176911,0.09339638574565101,0.17297488503714176,0.05922406967537608,0.10782163742690054,0.1578947368421053,0.1578947368421053,0.13207547169811318,-1.2780748663101604,1.8433048433048431,0.10752688172043001,-0.8215488215488216,-2.2642857142857142,0.20921985815602828,0.04283801874163329,0.04347826086956519,0.01333333333333342,0.05306122448979589,-0.009345794392523255,-0.01656726308813783,0.1578947368421053,-0.015307111024995157,0.036641221374045685,-0.03260869565217395,-0.1089047295768274
1996-03-31,0.01572589835143967,0.05992724487842227,-0.0043249922767995,-0.021712907117008462,0.03513230677231283,-0.14846585285384362,-0.41666666666666663,-0.41666666666666663,-0.41666666666666663,-1.2780748663101604,-0.9078156312625251,-0.8592233009708738,0.49056603773584895,-0.6666666666666667,0.05767350928641246,0.12066752246469847,-0.00954861111111116,-0.03453947368421051,0.0348837209302324,0.06289308176100628,0.05997304582210239,0.13636363636363646,0.019086973632428172,-0.007363770250368162,-0.022471910112359605,0.0834232747127166
1996-06-30,-0.002243829468960401,0.024385838150289052,-0.010238907849829393,0.0194204685573367,0.005199306759098743,0.12204571871367698,-0.9696969696969697,-0.9696969696969697,-0.9714285714285714,-1.2780748663101604,4.163043478260869,0.7327586206896552,-3.0126582278481013,0.44067796610169485,0.07855822550831792,0.07789232531500567,0.27256792287467135,0.27597955706984645,0.0,0.041420118343195256,0.06834075015893193,0.1200000000000001,0.007337323807685037,0.28783382789317513,-0.011494252873563204,0.004863756226194171
1996-09-30,0.016116941529235485,0.055016751895609284,0.005642633228840177,0.0471726640459631,0.0257183908045977,-0.007251381215469643,23.714285714285715,23.714285714285715,25.0,-1.2780748663101604,-0.12631578947368416,-0.2786069651741293,-0.16981132075471694,1.2705882352941176,0.16538131962296476,0.04569606801275228,-0.19765840220385666,-0.19359145527369814,0.022471910112359605,0.048295454545454586,-0.21392442725379346,0.10714285714285698,0.009584052137243448,-0.18317972350230416,-0.011627906976744207,0.00752274317704682
1996-12-31,-0.0042050903725562305,0.0023399632291492,-0.06577306733167088,0.08374241986716724,0.05028715506373449,0.0845217391304347,1.0809248554913293,1.0809248554913293,1.1153846153846154,-1.2780748663101604,0.8554216867469879,0.9448275862068964,4.4772727272727275,-2.243523316062176,-0.17647058823529416,-0.13414634146341464,-0.07210300429184557,-0.04966887417218546,0.04761904761904767,-0.1544715447154471,0.057153671461014355,0.09677419354838723,0.054680083539016655,-0.05218617771509182,0.0,-0.07512878393239564
1997-03-28,-0.016817306267595145,-0.011005502751375684,-0.03770437103770441,0.005595523581135131,0.0,-0.1783194355355997,-0.5055555555555555,-0.5055555555555555,-0.509090909090909,-1.2780748663101604,-0.7961038961038961,-0.4716312056737588,-1.0857538035961272,-1.2333333333333334,0.050000000000000044,0.0,-0.08695652173913049,-0.06794425087108014,0.0,0.0,0.0,0.11764705882352944,0.017101710171016915,-0.06696428571428559,0.0,-0.016521684711183537
1997-06-27,0.00030140908748399475,0.007924464677120158,0.014216366158113836,-0.048224695283518804,-0.009735929581221714,0.11046057767369244,0.202247191011236,0.202247191011236,0.2222222222222221,-1.2780748663101604,1.0955414012738856,-0.12751677852348997,-2.935483870967742,0.4107142857142858,0.06717687074829937,0.0,0.2684903748733538,0.28971962616822444,0.0,0.0,0.0,0.07894736842105265,-0.010088495575221068,0.2934609250398723,0.0,0.059051861279032725
1997-09-26,0.04173258003766489,0.05085312813650056,0.004102564102564044,-0.00111358574610243,0.07138047138047132,0.011247803163444647,1.0373831775700935,1.0373831775700935,1.0,-1.2780748663101604,0.7264437689969605,1.4923076923076923,-0.3916666666666667,1.0253164556962027,0.12749003984063756,0.0,0.2492012779552717,0.27826086956521734,0.06643356643356646,0.0,0.0,0.07317073170731714,0.02842839263364927,0.2848335388409371,0.0,0.05197380279997588
1997-12-31,0.011569889362933017,0.01305316778096155,-0.05141300646918623,0.012541806020066826,0.05769956002514132,0.07612095933263818,0.04357798165137616,0.04357798165137616,0.06060606060606055,-1.2780748663101604,0.8380281690140845,-0.2716049382716049,4.671232876712328,1.4625,0.2784452296819788,0.0,0.04859335038363177,0.07029478458049887,0.05245901639344264,0.0,0.0,0.06818181818181812,0.04572322670375528,0.08157389635316692,-0.0117647058823529,0.0005140507196710331
1998-03-27,-0.05883193938094222,-0.09318038969201758,0.14608758076094763,-0.003853564547206201,-0.19420014261944374,-0.1301679586563308,-3.6857142857142855,-3.6857142857142855,-3.6714285714285717,-1.2780748663101604,-2.4415708812260535,-2.2288135593220337,-2.4009661835748792,-2.7030456852791875,-0.37092316196793806,0.0,-1.0932926829268292,-1.0911016949152543,-0.19626168224299068,0.0,0.0,0.08510638297872353,-0.14380714879468004,0.0,0.011904761904761862,-0.08968430667351712
1998-06-26,0.02802673553091295,0.09721018887541155,0.04650798621985586,0.014921248963802203,0.010619469026548645,0.20683252877831415,-1.2847790507364976,-1.2847790507364976,-1.2834224598930482,-1.2780748663101604,-1.3568106312292358,-1.0655172413793104,-1.1982758620689655,-1.593144560357675,0.3497363796133568,0.0,-1.1503267973856208,-1.1395348837209303,0.015503875968992276,0.0,0.0,0.05882352941176472,-0.017087378640776807,-0.9875776397515528,0.0235294117647058,0.08108616580960737
1998-09-25,-0.020539342445511588,0.07075173720783323,-0.00418973514888521,0.030220528178600548,-0.03648569760653819,-0.011692307692307669,-1.9022988505747125,-1.9022988505747125,-1.9056603773584904,-1.923076923076923,0.8230912476722532,9.894736842105264,1.6608695652173915,0.16582914572864316,0.30208333333333326,0.0,-45.47826086956522,-46.25000000000001,-0.04580152671755733,0.0,0.0,0.05555555555555536,-0.016199130778348447,0.0,0.04597701149425282,0.039387435466094356
1998-12-31,0.006562570717356886,0.0,-0.040721262208865516,0.0,0.0542259921235988,0.18493150684931514,-1.910828025477707,-1.910828025477707,-1.8958333333333335,-1.9166666666666667,0.0,0.0,0.0,0.0,0.0,0.0,0.297165200391007,0.24677716390423554,0.03600000000000003,0.0,0.0,0.05263157894736836,0.04738955823293156,0.0,0.06593406593406592,0.0
1999-03-26,-0.013489208633093552,-0.01961651917404128,-0.02819548872180455,-0.06897463002114168,0.0,-0.18208092485549132,0.22377622377622375,0.22377622377622375,0.2325581395348839,0.15909090909090917,-0.160367722165475,-0.01449275362318836,-0.06862745098039214,-0.3987068965517241,0.0475000000000001,0.0,-1.7377543330821401,-1.742983751846381,0.007722007722007707,0.0,0.0,0.1166666666666667,0.013611963190184095,34.785714285714285,0.030927835051546504,0.05296350039066855
1999-06-25,0.034487997569127904,0.061982849405747054,0.05141843971631199,0.2529094521714448,0.0193965517241379,0.18149694828140062,0.3400000000000001,0.3400000000000001,0.3396226415094339,0.3529411764705881,-0.3309002433090025,-0.3578431372549019,0.23508771929824568,-0.7813620071684588,0.029116945107398484,0.0,0.17058222676200208,0.17892644135188873,0.03065134099616862,0.0,0.0,0.05970149253731338,-0.014564024966899791,0.14371257485029942,0.030000000000000027,-0.1523824667408703
1999-09-24,0.04839183433690697,0.08783113755489436,0.14855128008585017,-0.031037607612143137,-0.04369274136715995,-0.057096247960848334,0.002132196162046851,0.002132196162046851,0.0,0.01449275362318847,0.34545454545454546,0.4045801526717556,-0.8778409090909091,7.081967213114755,0.22866419294990714,0.0,0.9773123909249564,0.9527824620573355,-0.07063197026022305,0.0,0.0,0.04225352112676051,-0.08790786948176588,0.954624781849913,0.0,0.12268634317158589
1999-12-31,-0.062057855291727915,0.0,-0.05953016550987722,0.0,-0.0648489314664702,0.2298154555940024,0.26170212765957457,0.26170212765957457,-0.3661971830985915,-0.37142857142857133,0.0,0.0,0.0,0.0,0.0,0.0,0.2219770520741393,0.19430051813471505,-0.05600000000000005,0.0,0.0,0.013513513513513598,-0.002946127946127919,0.15714285714285703,0.03883495145631066,0.0
2000-03-31,0.06481965499215891,0.02747753613751791,0.10417258018734032,-0.08276829553425302,0.020961386918833647,-0.11793669402110196,-0.26644182124789206,-0.26644182124789206,-0.2666666666666666,-0.25,-0.05675675675675673,-0.375,-17.25581395348837,1.6105476673427992,0.10079275198187987,0.0,0.06392199349945837,0.024584237165582,0.05932203389830515,0.0,0.0,0.053333333333333455,-0.041156606162938036,0.0,0.01869158878504673,0.12019605658906096
2000-06-30,0.031068097342029644,0.057034220532319324,-0.0715938303341902,-0.022176905429518223,0.15421426366162394,0.07416267942583743,0.193103448275862,0.193103448275862,0.21212121212121215,0.18181818181818188,-0.37679083094555876,0.7043478260869565,-1.1659513590844064,-0.916083916083916,0.03703703703703698,0.0,0.011201629327902252,0.0056457304163726185,0.14000000000000012,0.0,0.0,0.05063291139240489,0.11952454325335693,0.0015432098765433278,0.00917431192660545,0.08099642004773266
2000-09-29,0.0466603183240375,0.08537170263788973,0.04596428076976333,0.07820646506777895,0.04707770496188313,-0.055679287305122505,0.052023121387283267,0.052023121387283267,0.04999999999999982,0.0512820512820511,1.6528735632183906,-0.005102040816326481,0.9827586206896552,6.083333333333333,0.25297619047619047,0.0,-0.001007049345417954,0.01754385964912286,0.04561403508771922,0.0,0.0,0.048192771084337505,0.00039323633503740574,0.015408320493066174,0.0,0.006669426429326997
2000-12-31,0.2808682089940213,0.0,0.45148908007941757,0.0,0.11610678247541184,0.0500524109014675,0.1923076923076923,0.1923076923076923,0.16666666666666674,0.24390243902439024,0.0,0.0,0.0,0.0,0.0,0.0,-0.052755376344086,-0.07379310344827583,0.09060402684563762,0.0,0.0,0.04597701149425282,-0.12873427672955973,0.044764795144157654,-0.10909090909090913,0.0
2001-03-30,-0.005834601725012711,0.459456473707468,-0.01504650738646729,0.03699226305609282,0.005607690547035915,-0.011479910157224826,-0.19969278033794158,-0.19969278033794158,-0.18367346938775508,-0.23529411764705876,-0.5927209705372617,-0.2205128205128205,1.3260869565217392,-1.34640522875817,0.972552124571127,0.0,-0.03334515785739611,-0.04020848845867475,0.027692307692307683,0.0,0.0,0.0439560439560438,0.011504624407850272,0.026870007262164153,-0.0714285714285714,0.4073837156172895
2001-06-29,-0.0066343454963000426,-0.04185905684656721,-0.0446254976391075,0.03613896013056661,0.03971776487993628,0.05326937642009599,-0.5796545105566219,-0.5796545105566219,-0.575,-0.5897435897435898,0.15531914893617027,5.230263157894737,-0.9046728971962616,0.7849056603773585,-0.06328605833556333,0.0,-0.1757798165137615,-0.1892940263770364,0.03592814371257491,0.0,0.0,0.05263157894736836,0.046833184656556615,-0.14144271570014144,-0.05494505494505497,-0.07528731900525942
2001-09-28,0.028101721037760097,0.0436877863801548,0.036922182382013835,0.09360936093609351,0.017841506129597118,0.003835091083413289,2.050228310502283,2.050228310502283,2.0,2.125,1.3425414364640882,-0.7571277719112989,8.470588235294118,-2.116279069767442,0.0754177974575061,0.0,0.019590382902938686,0.0,0.023121387283236983,0.0,0.0,0.040000000000000036,-0.010012782275244936,0.0387149917627676,-0.03488372093023262,-0.045641259698767644
2001-12-31,0.022486508095142854,0.003179168874422933,-0.0022429906542056344,0.008230452674897082,0.05108076137219064,0.08190066857688638,0.2589820359281436,0.2589820359281436,0.23529411764705888,0.26,0.04323899371069184,0.9086956521739131,0.318840579710145,-0.4507575757575758,0.03851773143843795,0.0,0.06200873362445414,0.08229665071770342,0.02824858757062154,0.0,0.0,0.04807692307692313,0.02797503765870446,0.05868358445678057,0.024096385542168752,-0.005003126954346571
2002-03-29,-0.02927377577949375,-0.07930279936618123,0.06538029224428632,-0.042244897959183625,-0.13269899733988133,-0.046126682851467704,-0.4791914387633769,-0.4791914387633769,-0.46031746031746024,-0.47619047619047616,-0.9253956292388847,-0.7722095671981777,0.5777080062794349,-4.524137931034483,-0.1307072515666965,0.0,-0.028782894736842146,-0.03978779840848812,-0.13186813186813184,0.0,0.0,0.0366972477064218,-0.10655222943269838,-0.0576779026217229,0.0117647058823529,-0.038710393019558476
2002-06-28,0.11574283844333677,0.18341255531880019,0.20555653244241245,0.02535691455359035,-0.0049545829892650994,0.10064784821841744,-0.91324200913242,-0.91324200913242,-0.9117647058823529,-0.9090909090909091,5.101010101010101,2.85,-2.5442786069651744,-2.713307240704501,0.25761365308224216,0.0,-0.06604572396274344,-0.11418047882136284,0.03164556962025311,0.0,0.0,0.04424778761061954,-0.10824742268041243,-0.11367249602543716,0.0,0.15415384615384609
2002-09-27,-0.21708329573143215,-0.19016620498614956,-0.2740665110851809,0.004156275976724855,-0.12542975696502667,-0.26298087029640527,-10.68421052631579,-10.68421052631579,-10.333333333333334,-10.333333333333334,0.0,0.0,0.0,-1.5339805825242718,-0.11757136172204019,0.0,-0.49501359927470534,-0.5062370062370062,-0.1257668711656441,0.0,0.0,1.0677966101694918,0.11718339464004202,-0.5031390134529148,0.0,-0.19351506264996
2002-12-31,0.041207999538931395,0.026338293141782154,0.001004621257785887,-0.16473509933774833,0.0957028602412906,-0.6391899600684541,-2.75,-2.75,-2.714285714285714,-2.714285714285714,-1.5364238410596025,0.20779220779220786,-0.37306701030927836,-1.2106951871657754,0.0261169296036059,0.0,-0.16606822262118492,-0.18315789473684208,0.056140350877192935,0.0,0.0,0.020491803278688714,0.052210724365004735,-0.019855595667869985,-0.16279069767441867,0.22875087806288996
2003-03-28,0.05944868814347393,0.08106982169638388,0.028201525491770463,0.062438057482656184,0.09810713843869845,2.092490118577075,0.09006211180124213,0.09006211180124213,0.12500000000000022,0.10416666666666674,-4.648148148148149,-0.5827956989247312,-0.9650565262076054,4.2944162436548226,0.1347545219638242,2.76056338028169,0.3347685683530679,0.3659793814432988,0.09966777408637872,2.41025641025641,3.09702828499821,0.016064257028112205,0.0364327223960661,0.39226519337016574,-0.02777777777777779,0.01755388909439426
2003-06-27,-0.06280041797283176,-0.17988439306358384,-0.02176671547096143,-0.13013059701492535,-0.11074808472284814,0.1285787321063394,-2.537037037037037,-2.537037037037037,-2.5370370370370368,-2.5660377358490565,-0.6328257191201354,13.242268041237113,-3.4705882352941178,-3.2473633748801536,-0.26687919845155417,0.15761548064918873,-1.1008064516129032,-1.1056603773584905,-0.1117824773413898,0.0535714285714286,-0.14698942584986463,0.01976284584980248,-0.05111063187405651,0.0,0.028571428571428692,-0.057206120493076495
2003-09-26,0.061099342178615235,0.08720984869843051,0.04789463181001796,0.11689008042895432,0.07728366907386297,0.0040770101925253766,-1.7043558850787766,-1.7043558850787766,-1.6987951807228916,-1.6867469879518073,2.0,-0.8950416214259862,1.5119047619047619,-1.338310580204778,0.12315576952943008,0.06255055270962506,-10.856,-10.892857142857142,0.07823129251700678,0.19536128456735047,0.0,0.015503875968992276,0.015227272727272645,-0.031746031746031744,0.05555555555555558,-0.026570386988222006
2003-12-31,-0.07801828307239678,-0.19768346443080642,-0.015616073128927876,-0.07969275084013439,-0.1548865106433024,0.08143469433792005,-2.194736842105263,-2.194736842105263,-2.189655172413793,-2.2105263157894735,0.10215053763440851,8.317241379310344,3.298578199052133,-3.7187894073139973,-0.2981194690265486,-0.028672925653387304,-1.5251623376623376,-1.5144404332129964,-0.1545741324921135,-0.09850746268656718,0.045794488269644384,0.01908396946564883,-0.08327736736064473,0.0,0.25,-0.12819589485055827
2004-03-26,0.07595874408798231,0.13639301874595988,-0.0016444186496420432,-0.020344287949921713,0.18730865571945454,-0.014601585314977017,-1.8898678414096917,-1.8898678414096917,-1.8985507246376812,-1.8840579710144927,-0.6662020905923345,-0.9330125832716506,-1.3296582138919515,-1.2815398886827458,0.11958234830575254,0.08333333333333326,-0.19319938176197826,-0.19999999999999996,0.18656716417910446,0.2806291390728477,0.0,0.014981273408239737,0.10354090354090362,0.0,0.05263157894736836,0.15997521685254035
2004-06-25,0.05984535536489788,0.09129692832764502,0.0186997383974421,0.013578274760383424,0.10958743553680272,0.07154953429297195,0.13613861386138604,0.13613861386138604,0.12903225806451601,0.13114754098360648,1.1544885177453028,0.18784530386740328,-1.060200668896321,0.3558484349258648,0.14481787788140066,0.05931999035447322,-4.590038314176246,-4.666666666666666,0.11006289308176087,-0.10730446024563667,0.0,0.01845018450184499,0.046913033857048037,0.13387978142076506,0.010000000000000009,0.07666559840472886
2004-09-24,0.04897061762942245,0.07479801928590035,0.045463191934563385,0.11820330969267134,0.053660082391465025,0.009087317265902728,0.002178649237472685,0.002178649237472685,0.0,0.01449275362318847,1.1705426356589146,0.43255813953488365,33.388888888888886,0.5589307411907656,0.197202582231786,-0.09287502845435913,0.054962646744930455,0.07416267942583743,0.05099150141643061,-0.18247646632874737,-0.3383620689655171,0.01449275362318847,0.00443880786303108,0.06385542168674707,0.00990099009900991,-0.038794814128853106
2004-12-31,0.07517149390243905,0.11218881344972509,0.03557132459970891,0.07963354474982376,0.11899749373433588,0.08888018794048547,0.22282608695652173,0.22282608695652173,0.2142857142857144,0.17142857142857149,-0.22589285714285712,0.18181818181818188,-0.7075928917609047,-0.09664848012470773,0.148799589164206,-0.0659974905897115,0.9494183105715732,1.0367483296213806,0.12129380053908356,-0.11160318866253316,-0.1587207580692923,0.017857142857143016,0.040824915824915875,1.087202718006795,-0.02941176470588236,0.030141416921859454
2005-03-25,-0.0037217545414266473,-0.0009447674418604501,0.011244838794693734,0.008920800696257558,-0.018903422325748043,-0.05213951815893558,-0.2897777777777778,-0.2897777777777778,-0.2823529411764706,-0.2682926829268293,-0.47577854671280273,-0.6181318681318682,4.972375690607735,-1.261432269197584,-0.033862315601251636,0.012627619559376635,-0.06045666839647135,-0.04373974849644613,-0.019230769230769273,-0.09670987038883339,-0.5295670538542767,0.01754385964912264,-0.015365952284674411,-0.02821486706456855,-0.010101010101010055,-0.00978656601756911
2005-06-24,0.05016454682913807,0.016658179966538178,0.06376509425766663,0.1539788656458918,0.03561318601041008,0.1210166919575113,-0.5819774718397998,-0.5819774718397998,-0.5737704918032787,-0.5833333333333333,0.37073707370737075,7.0,-0.9546716003700277,-1.283828382838284,0.009947946790052065,0.030246749801008166,-0.19165976249654781,-0.18925100057175526,0.034313725490195957,0.050772626931567144,0.03404414515525622,0.017241379310344973,-0.01375770020533884,-0.18816303740926865,-0.010204081632653073,-0.11900425015179106
2005-09-30,0.11518590666553741,0.16392386949055515,0.05577786851776234,0.12016445524201091,0.18120095229697553,0.025549915397631073,3.5059880239520957,3.5059880239520957,3.4230769230769225,3.4800000000000004,-0.2841091492776886,-0.8723021582733813,-34.3469387755102,26.61627906976744,0.27201924178215564,0.1511717744012362,0.09771096686026626,0.11706629055007056,0.18246445497630348,0.11239495798319332,0.36468885672937756,0.016949152542372836,0.05912971059754324,0.13480055020632742,-0.010309278350515427,0.03909181407458462
2005-12-31,0.08244095086200343,0.12227208458843064,-0.007967202970297071,0.7417417417417418,0.16967751567632128,-0.01847879887807291,-0.06910299003322262,-0.06910299003322262,-0.07826086956521727,-0.07142857142857151,0.344170403587444,2.0140845070422535,-0.3274173806609547,-0.2181052631578947,0.16720691518098318,0.09843400447427286,-0.020852785558667875,0.010732323232323093,0.16633266533066138,-0.07082152974504252,-0.06680805938494161,0.016666666666666607,0.08059760172989949,0.05575757575757567,-0.04166666666666663,-0.35565053981355255
2006-03-31,0.8454306262059288,-0.07865907099035929,0.7156335282651072,0.8169540229885057,0.9522624289999362,0.03412338208102206,-4.174875089221985,-4.174875089221985,-4.10377358490566,-4.163461538461538,-0.026688907422852348,28.214953271028037,5.481346678798908,-3.262250942380183,-0.3240762169250945,0.13543788187372696,-1.2164653528289893,-1.230480949406621,0.7216494845360824,-0.026422764227642226,0.05227272727272725,0.016393442622950838,0.05784973621975631,0.0,-0.2065217391304348,-0.4929376107965917
2006-06-30,0.022697893696296934,-0.020511296076099916,0.14148070717629424,-0.7184353418735832,-0.0627983000980713,0.3031534460338101,-1.16681654676259,-1.16681654676259,-1.148936170212766,-1.148936170212766,0.7617823479005998,-0.8850767754318618,-1.0637371893864944,-1.045227326826946,0.021684546907098756,-0.09470852017937226,-0.46842878120411147,-0.46341463414634143,-0.06986027944111772,-0.47390396659707723,0.0,0.016129032258064502,-0.08357695614789329,0.0,-0.1095890410958904,2.4787414006992217
2006-09-29,0.031320866946726644,0.10937784522003025,0.004260232521102081,-0.022093240966111205,0.055076912344343976,0.006361481851066442,0.4339622641509433,0.4339622641509433,0.44897959183673475,0.4285714285714286,-0.08365758754863817,-0.8044537230340988,-1.1674008810572687,7.757894736842106,0.1858802502234138,0.08202892807608486,0.3038674033149169,0.3181818181818181,0.05579399141630903,0.1626984126984128,0.0,0.01587301587301604,0.02308125351848367,0.0,-0.09230769230769242,0.13444206704272843
2006-12-31,0.03943550276661312,0.16556327624883727,0.03972564722673755,0.2600038292169251,0.0391100238032267,0.0406544372830937,0.2857142857142858,0.2857142857142858,0.19718309859154926,0.22857142857142865,0.25371549893842893,1.2206405693950177,15.907894736842106,0.8497596153846154,0.289939713639789,0.047793444424098164,-0.10805084745762716,-0.11111111111111127,0.03861788617886197,-0.0068259385665528916,0.0,0.015625,-0.0003668378576668907,0.0,-0.05084745762711851,-0.07495784871259958
2007-03-30,0.010819996185257752,-0.09754494672111913,0.014795042897998156,-0.11031758091475463,0.0076357735993128895,0.05585993330157213,-0.6798245614035088,-0.6798245614035088,-0.6588235294117647,-0.6744186046511628,-0.552497883149873,4.386217948717949,-1.733852140077821,-2.0601039636127356,-0.23827953848400762,-0.01170919259000347,-3.812351543942993,-3.762931034482759,0.007827788649706457,-0.04982817869415812,0.0,0.01538461538461533,-0.003119266055045977,-0.37830080367393804,0.05357142857142838,0.014365152919369795
2007-06-29,0.03240415129942531,0.10845253576072822,-0.01059632510427233,0.041161400512382595,0.06835906665403679,0.11460800902425272,2.146118721461187,2.146118721461187,0.5517241379310347,0.607142857142857,1.12961210974456,-0.9038976495090747,-0.9056203605514316,-1.5684952497701503,0.1778352986290863,0.04031830238726797,0.1283783783783783,0.1450858034321374,0.06796116504854366,0.032549728752260254,0.363390928725702,0.015151515151515138,0.03478741027056875,0.11357340720221609,0.033898305084745894,0.064626161108573
2007-09-28,0.04637445168151011,0.13406851243547635,0.021419619459952077,0.05561023622047245,0.0657583638727981,0.005667442566541947,0.1422351233671988,0.1422351233671988,0.1333333333333333,0.1333333333333333,0.0,0.0,0.0,-0.004312668463611891,0.1503337131694611,0.046404895461499285,0.07110778443113785,0.08446866485013627,0.0663636363636364,-0.019264448336252293,-0.11029702970297028,0.014925373134328401,0.01849875489149766,0.06384742951907141,0.016393442622950838,0.07434848528191784
2007-12-31,0.0447479158396189,-0.12103281334050564,0.05566090351366415,0.1121989121989122,0.0367432960816394,0.0773875415115226,0.01842439644218552,0.01842439644218552,0.03921568627450989,0.019607843137254832,0.0,0.0,0.0,-2.382782891174878,-0.180711809240784,0.05539311241065614,0.00419287211740027,0.015075376884422065,0.036658141517476484,-0.010714285714285676,-0.05497440462942349,0.014705882352941346,-0.007684247293049173,-0.011691348402182444,0.032258064516129004,-0.20971349451485777
2008-03-31,0.011232197954189616,0.030882214480745684,-0.005635390250774863,-0.03842392063713851,0.024019686513668148,0.0056043340183074,-0.30505302557704306,-0.30505302557704306,-0.30188679245283023,-0.3076923076923077,-0.812972012438916,-0.009287925696594423,7.5168539325842705,-0.7913077525450274,-0.04603160894723202,-0.04648299215022311,0.08420320111343083,0.0990099009900991,0.023848684210526327,-0.08122743682310474,-0.09938765897315116,0.014492753623188248,0.012671594508975703,0.08280757097791813,0.015625,0.07206873315363893
2008-06-30,0.002540131064750817,0.027947757786099148,-0.031453669594786016,0.04984016274338865,0.027531083481349805,0.08861229797510672,0.322262118491921,0.322262118491921,0.29729729729729737,0.33333333333333326,3.824228028503563,2.671875,0.3087071240105541,-0.7298311444652907,-0.0130363932645301,-0.10185633575464093,-0.020539152759948553,-0.009009009009009139,0.027309236947791193,-0.12180746561886058,-0.2092050209205022,0.014285714285714235,0.02502606882168923,-0.02694828841951935,0.01538461538461533,-0.020836607058675627
2008-09-30,-0.0006596602749584513,-0.052376721457130127,-0.023880924517261537,-0.062145328719723225,0.015354110529259168,-0.06296928327645046,0.14935505770536328,0.14935505770536328,0.16666666666666674,0.14583333333333348,0.16100443131462328,0.8944680851063829,-0.2348790322580645,4.340277777777778,-0.07053751605210057,0.003953989935298274,-0.004587155963302836,0.006818181818181834,0.015637216575449697,-0.02237136465324374,-0.012235449735449655,0.014084507042253502,0.015937605968124657,-0.0029940119760477613,0.015151515151515138,0.01039928103736032
2008-12-31,0.018842732196168388,0.06446017533167692,0.04124985950320337,0.02863046044864226,0.004030844724850935,-0.03788016754689494,-0.11045481393975187,-0.11045481393975187,-0.1250000000000001,-0.09090909090909094,-0.14800678541136558,-0.6091644204851752,-0.8432147562582345,-2.2626788036410925,0.09582552057633476,-0.2683494450411744,-0.03357472021066488,-0.02483069977426633,0.0038491147036181506,-0.2791762013729977,-0.28356210244392377,0.0,-0.014519359145527266,-0.013513513513513709,-0.014925373134328401,0.03484752223634047
2009-03-31,-0.016432789009467985,-0.019422179159693465,-0.09200489349453078,-0.12324246771879488,0.03588260229907991,-0.046753738406208556,-0.703187250996016,-0.703187250996016,-0.6938775510204082,-0.7,-0.42010950721752116,-0.7655172413793103,8.38655462184874,-1.227600411946447,-0.019902737752161337,0.05578664056765348,-0.13351498637602188,-0.11574074074074081,0.03604294478527614,0.050793650793650835,0.06682242990654208,0.01388888888888884,0.05317527519051657,-0.10121765601217647,-0.015151515151515138,0.11839641464837158
2009-06-30,0.03871431351707422,0.13474062429822586,0.02599564097483653,0.11323842251677307,0.04626642915603485,0.12271644162033368,2.9395973154362416,2.9395973154362416,2.8666666666666667,2.8666666666666667,1.8557939914163089,-0.37254901960784315,-0.7350044762757386,-14.565610859728507,0.2754755122668382,0.07763615295480886,0.029874213836478036,0.04581151832460728,0.04589193190229457,0.0392749244712991,0.2124397722295226,0.013698630136986356,0.00723589001447178,0.06689246401354798,-0.03076923076923077,0.019322610748202074
2009-09-30,0.04679820705360105,0.1166435780724322,0.04121123170213581,0.11186241364104066,0.04613013068286409,0.009285461620091917,0.016467915956842605,0.016467915956842605,0.01724137931034475,0.0,0.028854824165915227,-0.0390625,-0.21283783783783783,0.035690460306871286,0.22368705424681212,0.11419354838709683,-0.014503816793893232,-0.003754693366708306,0.04670912951167727,0.06686046511627897,0.051661849710982644,0.013513513513513375,-0.0006385696040868138,0.0071428571428573395,0.0,0.004308255694975394
2009-12-31,0.03767038413878554,0.10105628810435285,-0.0011499369389420533,0.07297726070861987,0.06067870417207333,0.07272408656794882,0.23743016759776547,0.23743016759776547,0.23728813559322037,0.24137931034482762,-0.05988898626935435,3.3252032520325203,-0.27467811158798283,-0.1996779388083736,0.14629695042976576,0.13298591005597382,0.07745933384972892,0.09924623115577869,0.060175794455713305,0.08174386920980936,0.11405015458605283,0.013333333333333197,0.022204472843450507,0.08747044917257685,0.0,0.026167622928843448
2010-03-31,0.012180558872701308,0.012201010848919891,-0.011512608162810523,-0.03486939379004439,0.02529650825246743,-0.05684881156579269,-0.24198645598194135,-0.24198645598194135,-0.2465753424657533,-0.23611111111111105,-0.461466749533872,0.518796992481203,1.497041420118343,-0.8285714285714285,0.021878691387191118,0.03100511073253842,0.14737598849748368,0.15885714285714303,0.025510204081632626,-0.02770780856423183,-0.08078939253777373,0.013157894736842257,0.01297077668385671,0.16014492753623166,0.0,0.04875372315409954
2010-06-30,0.020869382832573002,0.06678964442465496,0.0060863358004283885,0.8128430997063705,0.02895971525643093,0.08010738720013855,0.43001786777843964,0.43001786777843964,0.4363636363636363,0.4181818181818182,0.9503750721292556,-0.7363861386138614,0.7630331753554502,4.396713615023474,0.11554505704377549,0.008922670191672255,0.04448621553884702,0.055226824457593526,0.02922885572139311,-0.015544041450777257,-0.15699429721569946,0.01298701298701288,0.007867941993211947,0.059337913803872544,0.0,-0.4115346287992029
2010-09-30,0.09662797267450829,0.2651004710512195,0.5145076365809029,0.4739436619718309,-0.12352594339622647,-0.031270044900577276,-3.7925864223240318,-3.7925864223240318,-3.7974683544303796,-3.833333333333333,-0.0840236686390533,24.71361502347418,-9.153225806451612,0.6689865158764681,0.17286898540277518,0.023419587291189092,-1.050989802039592,-1.0485981308411214,-0.12386706948640491,-0.0052631578947368585,-0.054516514126541904,0.012820512820512997,-0.20067350375019133,0.0,-0.031746031746031744,-0.14169594852038436
2010-12-31,-0.02716595824404866,-0.058844322948579,-0.1303597406119782,-0.2697563306258959,0.06686848301379089,0.0836781989736799,-1.392393736017897,-1.392393736017897,-1.3846153846153846,-1.3846153846153846,-2.1531007751937983,-0.4022274968048202,-0.8796571051763931,-2.5952567109721136,-0.2351246494833481,0.11921907505200835,-1.011764705882353,-1.0192307692307692,0.066896551724138,0.27513227513227534,0.0,0.012658227848101111,0.09670624281884344,-0.9994103773584906,0.0,0.2888428529150635
2011-03-31,0.00753481542109502,0.022710769461902425,-0.012588602211511146,-0.034545930384716095,0.02270004413897464,-0.02909951882685402,-0.3983276320790574,-0.3983276320790574,-0.388235294117647,-0.4,-1.3871148459383753,-2.4636530238240684,-2.2041095890410958,-1.8815553014213364,0.2709923664122138,0.029739776951672736,-20.0,-12.0,0.02262443438914019,-0.03319502074688796,0.0,0.012499999999999956,0.01501658809149653,0.0,0.0,0.05931879066207424
2011-06-30,-0.05866892852449612,-0.12040936245225742,-0.16990179750760925,-0.3755082678232583,0.020182090963273502,0.11485210824417869,0.5578016424510424,0.5578016424510424,0.5576923076923077,0.5490196078431373,0.7590448625180897,-1.182804674457429,8.497155858930602,-2.2496293550778352,-0.2664374901217006,0.0934462649264094,-0.736842105263158,-0.7272727272727273,0.020227560050569027,0.06866952789699576,0.0,0.012345679012345734,0.08377773954928602,0.0,0.032786885245901676,0.40845375722543364
2011-09-30,0.03863140260926956,0.025051494739185998,0.05693728596630798,0.00238741182854052,0.02856624831281862,-0.06265876375952584,0.012976480129764711,0.012976480129764711,0.012345679012345512,0.025316455696202445,0.3171534348004936,-2.268264840182648,-0.9319597508385242,-1.527213406495625,0.1914893617021276,-0.013841269841269876,-373.8,-374.66666666666674,0.028500619578686548,-0.03413654618473916,0.0,0.012195121951219745,-0.009682539682539626,1722.0,0.031746031746031855,0.022623505873903493
2011-12-31,0.03966275659824037,0.09930483897246511,0.039502536409752986,0.03388546064739639,0.03993575807430916,0.055630834086118686,0.12009607686148915,0.12009607686148915,0.12195121951219523,0.11111111111111116,0.18800749531542782,-2.4572457245724575,-0.5985915492957746,-0.45400843881856545,0.08774864376130198,0.07494205511202678,-0.009656652360515161,0.012488849241748534,0.0403614457831325,0.04573804573804585,0.18686868686868685,0.012048192771084265,0.00016028209648988323,0.0005803830528148257,0.01538461538461533,0.06328383666098114
2012-03-31,0.02063794278729758,0.04700738581626851,0.008532208299225408,0.014450261780104778,0.028062377580232,-0.007416387363616939,-0.17869907076483205,-0.17869907076483205,-0.17391304347826086,-0.1777777777777778,-0.45084121976866454,0.21988882025941936,4.7631578947368425,-1.5893869139618753,-0.0475458210381946,0.08217537134643038,0.04604550379198269,0.06607929515418487,0.027793862188766782,0.03976143141153088,0.06418439716312063,0.011904761904761862,0.007371794871794846,0.05336426914153147,0.015151515151515138,0.032082281616380826
2012-06-30,-0.0012436378710761753,0.004954466097296217,0.0027159491774106925,-0.005161023947151122,-0.003627303704246465,0.07148502047560878,0.28546562228024364,0.28546562228024364,0.2894736842105263,0.29729729729729737,1.0555289612254666,-1.028354430379747,1.6369863013698631,-1.6730769230769231,0.03359951127983596,0.022692052247066608,0.02537545313309164,0.023966942148760273,-0.0033802816901408184,-0.003824091778202754,-0.04965011662779084,0.0117647058823529,-0.00238625517021962,0.03469162995594721,-0.014925373134328401,0.01017119608694661
2012-09-30,0.027382572001752425,0.06484176918020479,0.03256537982565377,0.09452168499688729,0.024049422666764686,-0.051964597022931436,-0.15572105619498988,-0.15572105619498988,-0.15306122448979598,-0.14583333333333337,0.0752212389380531,-4.482142857142858,-0.5365079365079365,2.7181818181818183,0.12086798665934895,-0.04188765017859075,-0.02171717171717169,-0.02098466505246155,0.02374222724703201,-0.040307101727447225,-0.08976157082748948,0.011627906976744207,-0.0033487482060277074,-0.015433741351782881,0.0,-0.027129151959453424
2012-12-31,0.03012041432403012,-0.016976057145376755,3.0151359826424695e-05,0.03820267323916959,0.0480285837403045,0.06719004172855225,0.29991980753809133,0.29991980753809133,0.28915662650602414,0.29268292682926833,0.08273770846870265,18.379487179487178,-0.5080946450809465,-0.8365351030387705,0.01762711864406774,0.027677361048350724,0.01755291688177585,0.022258862324814555,0.04803975704030927,0.0040000000000000036,0.024653312788905923,0.011494252873563315,0.017440000000000122,0.022702702702702693,0.0,-0.0531432425518058
2013-03-31,0.007756582745960916,-0.08731048712658118,0.17227967558114998,-0.030770635500365184,-0.08565897449075743,-0.032672808005832055,-0.9614435533621222,-0.9614435533621222,-0.9626168224299065,-0.9622641509433962,-0.760752150430086,0.81899973537973,-1.9215189873417722,-11.747863247863247,-0.1861721815086239,0.12399692206221835,-0.19330289193302885,-0.2104838709677419,-0.08587987355110638,0.07370517928286846,0.07368421052631557,0.011363636363636243,-0.0926246265136027,-0.20665961945031708,-0.015151515151515138,-0.0583366083709963
2013-06-30,0.04588941138316849,0.10141294999385675,0.01018492322728326,0.03429109750353265,0.07209908002473253,0.09461496300356265,27.792,27.792,29.5,28.749999999999996,3.025919732441472,-0.713267384346814,-0.9148351648351648,-1.5669980119284295,0.12970711297071125,-0.032860635696821516,0.0591194968553459,0.04392236976506636,0.07204610951008639,0.0575139146567718,0.20238095238095255,0.011235955056179803,0.024956672443674055,0.05396402398401068,0.0,0.06489814017789586
2013-09-30,0.04853746770025835,0.10044174735620892,0.02642768032181686,0.09272247017032509,0.06361523270242397,-0.024410089503661525,-0.16699083078632948,-0.16699083078632948,-0.17213114754098358,-0.15966386554621848,0.20249221183800614,0.915271435819381,-2.32258064516129,-0.2906732117812062,0.08144122383252816,-0.11103246030943481,0.029691211401425166,0.019569471624266255,0.06397849462365568,-0.1701754385964912,-0.17676179382644153,0.011111111111111072,0.014372675008454516,0.028445006321112576,-0.015384615384615441,0.007078995713410974
2013-12-31,0.042357510399621434,0.07852161219690212,0.018181818181818077,0.03717596065683093,0.061995760692748814,0.08064412651568609,0.04369579719813199,0.04369579719813199,0.03960396039603964,0.040000000000000036,-0.11001727115716753,-0.6998675496688742,4.195121951219512,0.7785467128027681,0.13393887503257274,0.13638948925036987,-0.037485582468281486,-0.04606525911708248,0.061647296614451896,0.06765327695560241,0.07392996108949412,0.01098901098901095,0.018836472745457522,-0.03872157344806393,0.0,0.03986476625966828
2014-03-31,0.013797603623880494,0.02612929300524458,-0.0023387253946599573,0.003053925902113619,0.023935511820769806,-0.022738066967466164,-0.17769255353147972,-0.17769255353147972,-0.18095238095238098,-0.1826923076923077,-0.6782456821269164,1.266548984995587,2.251173708920188,-1.641467481934408,-0.0757690161189718,0.20960960960960962,0.1845416417016177,0.204225352112676,0.02427415516420739,0.13861386138613874,0.21706192358366283,0.010869565217391353,0.009980366492146509,0.21227621483375936,-0.015625,0.022992538535307583
2014-06-30,0.025242066379358663,0.04473592613625965,0.024736276616526665,0.12683278583446844,0.0254008069024918,0.13249498815381822,0.6214535561601244,0.6214535561601244,0.627906976744186,0.6117647058823532,1.8546441495778048,-1.7624610591900312,1.1407942238267146,-2.6230502599653382,0.13305864383902244,0.20175438596491224,0.0035407182599898057,0.013366750208855471,0.025092936802973975,0.17391304347826098,-0.03680649526387003,0.010752688172043001,0.00016199578810938142,0.0052742616033756295,0.015873015873015817,-0.07284616791659049
2014-09-30,0.05959529788550433,0.07029756790404873,0.07870844751578687,0.11419226393629134,0.04784851164161519,-0.025265529449629898,-0.2509587727708533,-0.2509587727708533,-0.2499999999999999,-0.24817518248175185,0.2560743714346081,-0.4938712972420838,-1.1605396290050591,0.9244527495995729,0.22599454528355123,0.14674287288252308,-0.02872983870967738,-0.023907666941467398,0.04805077062556684,0.11851851851851847,0.09834223096375383,0.010638297872340496,-0.01101392938127621,-0.02728226652675747,0.0,-0.03940813810110966
2014-12-31,0.06610967043912819,0.12572495822274643,0.027812141026773984,-0.0061901723037651735,0.09032865962563452,0.05140058334709141,0.7190399999999999,0.7190399999999999,0.7238095238095237,0.7087378640776698,0.167703952901598,0.45913218970736636,2.8529411764705883,0.3879872381745042,0.2558555794210904,0.14736083588542592,0.11935651271406322,0.125,0.08996539792387526,0.09403973509933783,0.13942184701969795,0.010526315789473717,0.0227644939403866,0.13592233009708732,-0.015625,0.1327531320599713
