Quarter end,Assets,Current Assets,Liabilities,Current Liabilities,Shareholders equity,Revenue,Earnings,Earnings available for common stockholders,EPS basic,EPS diluted,Cash from operating activities,Cash from investing activities,Cash from financing activities,Cash change during period,Cash at end of period,Price,ROE,ROA,Book value of equity per share,P/B ratio,P/E ratio,Cumulative dividends per share,Equity to assets ratio,Net margin,Asset turnover,Current ratio
1994-12-31,-0.027137505264791306,-0.04026239631756445,-0.05009608357154349,-0.05072192341232451,0.05697242869400698,0.0070810733183832575,-0.08901273885350314,-0.08901273885350314,-0.10000000000000009,-0.10000000000000009,0.032441613588110485,-0.5204527913558015,1.6778262979136342,-0.18071048567015613,0.14681649827408094,0.04683544303797449,-0.0005307855626327518,0.023026315789473673,0.05590062111801242,0.005836575875486361,-0.14829659318637278,inf,0.08675373134328357,0.020854021847070525,0.0,0.011097050520782581
1995-03-31,-0.027137505264791306,-0.04026239631756445,-0.05009608357154349,-0.05072192341232451,0.05697242869400698,0.0070810733183832575,-0.08901273885350314,-0.08901273885350314,-0.10000000000000009,-0.10000000000000009,0.032441613588110485,-0.5204527913558015,1.6778262979136342,-0.18071048567015613,0.14681649827408094,0.04683544303797449,-0.0005307855626327518,0.023026315789473673,0.05590062111801242,0.005836575875486361,-0.14829659318637278,inf,0.08675373134328357,0.020854021847070525,0.0,0.011097050520782581
1995-06-30,0.10983940501471978,0.13563663236747514,0.13818599870479398,0.1435665997724982,0.016509849181354008,0.0070810733183832575,-0.08901273885350314,-0.08901273885350314,-0.10000000000000009,-0.10000000000000009,0.032441613588110485,-0.5204527913558015,1.6778262979136342,-0.18071048567015613,0.10488619386589337,0.06287787182587667,-0.0005307855626327518,0.023026315789473673,0.0117647058823529,0.005836575875486361,-0.14829659318637278,1.166666666666667,-0.0841201716738198,0.020854021847070525,0.0,-0.006931741600076924
1995-09-30,0.014667205942435757,0.01739241789890178,-0.013154357511425241,-0.014653673527152189,0.11723275281439438,0.21364793120091274,1.6974305191400103,1.6974305191400103,1.6111111111111112,1.6111111111111112,0.7533931068520194,0.19688841201716745,-0.3306758470737452,2.2239212400502724,0.3965400676078743,0.03299203640500581,-0.0005307855626327518,0.023026315789473673,0.08720930232558155,0.021276595744680993,-0.14829659318637278,0.46153846153846145,0.10074976569821925,0.020854021847070525,0.0,0.03247697527872018
1995-12-31,0.003190906019015838,-0.01962275201454944,-0.0011927966718063843,-0.004590607038018835,0.017465594157465958,0.08160627615440941,-0.08903576982892691,-0.08903576982892691,-0.12765957446808507,-0.12765957446808507,-1.177988365547007,-0.6848946660690274,2.2999458581483485,-2.0842050549022155,-0.237598245813874,-0.028634361233480177,-0.0005307855626327518,0.023026315789473673,0.010695187165775222,-0.10606060606060619,-0.14829659318637278,0.3157894736842106,0.01447424435930178,0.020854021847070525,0.0,-0.015117370892018811
1996-03-31,-0.040288910313557635,-0.04839985955865789,-0.06581191149523902,-0.06125584373823356,0.041297760322323906,-0.15837720397760513,-0.41606202873808507,-0.41606202873808507,-0.41463414634146345,-0.41463414634146345,-5.011597258829731,1.9829302987197726,-0.710090237899918,-1.5746389404925991,0.18317303202913426,0.06916099773242634,-0.0005307855626327518,0.023026315789473673,0.042328042328042326,0.057203389830508655,-0.14829659318637278,0.28,0.08476710029374734,0.020854021847070525,0.0,0.013728668128515586
1996-06-30,0.04589139988104729,0.06304277194354335,0.09705270438041036,0.10221540389327877,-0.10082831386511248,0.018527160260929154,-0.13984650992812764,-0.13984650992812764,-0.10416666666666663,-0.10416666666666663,-0.6281865965834428,-0.09346685741535532,4.418505942275043,-2.6050683074356034,-0.24294035010181048,-0.1208907741251326,0.016197557089750347,0.023026315789473673,-0.08121827411167504,-0.15631262525050105,-0.14829659318637278,0.25,-0.14003868471953584,0.0038910505836575737,0.023255813953488413,-0.035549703752468576
1996-09-30,0.12825953722960692,0.13837100275073944,0.1238508880264988,0.12808784623721037,0.14368496704846456,0.1863174210151779,1.5572865033281404,1.5572865033281404,1.3953488372093026,1.3953488372093026,2.9234847146138896,0.28721725407680165,-0.40002088881925946,-1.5371320901825742,0.27838705641966555,0.0024125452352232735,0.03553697413117329,0.023026315789473673,0.07734806629834257,0.09026128266033262,-0.02352941176470591,0.17499999999999982,0.013495276653171295,0.032945736434108586,0.0,0.009166260360799372
1996-12-31,0.05154198516787645,0.055608646188850974,0.04809723821938383,0.04719588978521205,0.06338579253977916,0.08206514593741776,-0.30907681231655315,-0.30907681231655315,-0.3495145631067961,-0.3495145631067961,-1.426834211593028,-0.613404168369432,-1.5308556010096614,-1.5230434256683199,-0.07052222983331702,-0.04693140794223838,-0.06535452939692143,-0.07609860664523038,0.03589743589743599,-0.11546840958605675,-0.0779116465863453,0.14893617021276606,0.011540168664003536,-0.05909943714821764,-0.022727272727272707,0.008020098560247435
1997-03-31,-0.0912716962725092,-0.12851877397939393,-0.11555975731200674,-0.11920843994945385,-0.008964543224559529,-0.1534442562821321,-0.25953831356203916,-0.25953831356203916,-0.20895522388059706,-0.20895522388059706,-2.138968027856917,6.83615221987315,-2.9952451221511724,1.032377428307123,-0.1537287243376031,-0.0012626262626261875,0.0016198704103671524,-0.0058004640371229765,0.00990099009900991,-0.03448275862068961,0.05574912891986061,0.14814814814814814,0.09039052215884169,-0.0009970089730807485,0.0,-0.010640337423312829
1997-06-30,0.1310296625569627,0.1649654353659893,0.16324703443110433,0.16744399770246976,0.03359485163961473,0.0457583178592893,0.38471530634336437,0.38471530634336437,0.37735849056603765,0.37735849056603765,1.252177135445618,0.048698232834210264,-0.4144136740899006,-2.0707783340919432,0.19511082543697778,0.07711757269279396,0.06495956873315367,0.06884480746791133,0.034313725490195957,0.06632653061224492,0.05693069306930698,0.12903225806451601,-0.08611670020120721,0.08982035928143728,-0.023255813953488413,-0.002131576397635837
1997-09-30,-0.024281643999953806,-0.05192001070034158,-0.06853874132792082,-0.07175547814754313,0.12635428836817786,0.11857297260203459,0.4512976860537836,0.4512976860537836,0.452054794520548,0.452054794520548,-0.22019744960921428,0.4342680730640598,0.6234914397979232,-1.3997874601487779,-0.06526830791651483,0.0539906103286385,-0.04201467982789164,-0.0032751091703056012,0.11374407582938395,0.019138755980861344,-0.052302888368462086,0.10000000000000009,0.15411712901805363,-0.008241758241758323,0.0,0.021458394018836868
1997-12-31,0.08385379546091731,0.04989945315054256,0.09374964235603267,0.09784641768472224,0.05599974229294857,-0.006357313210788251,-0.3147858874225693,-0.3147858874225693,-0.3113207547169812,-0.3113207547169812,-0.38882734609906633,-0.16959641255605384,-1.9485694528481288,-4.535619351408825,0.2468771460920245,0.010022271714922093,-0.04544253632760897,-0.017524644030668224,0.051063829787234116,-0.0938967136150235,-0.0008237232289950436,0.10389610389610393,-0.02556276230446386,0.008310249307479367,-0.023809523809523836,-0.04372623574144485
1998-03-31,-0.017333798725987615,-0.052621251127781044,-0.05233496217392675,-0.05974834670134199,0.08470657140939686,-0.07172074213564661,-0.1374891911013285,-0.1374891911013285,-0.09589041095890405,-0.09589041095890405,-0.175470395304678,0.7868020304568528,-2.110169491525424,-2.441545748439967,-0.2854208222930126,0.09812568908489538,-0.039856075283697834,-0.006688963210702337,0.06072874493927127,0.04404145077720223,0.07666941467436117,0.10588235294117654,0.10375880971025819,0.0146520146520146,-0.024390243902438935,0.007554671968190929
1998-06-30,0.11997881476877015,0.16786140441722774,0.1504249873574819,0.16015317451442623,0.04243184413159273,0.0059445123421377755,-0.14600802041560335,-0.14600802041560335,-0.16666666666666663,-0.16666666666666663,-1.6447189364597508,-0.8780826885880078,-2.671181154067143,-1.6354438301867111,0.25381218231814007,0.10943775100401609,-0.12741424041510507,-0.09876543209876543,0.026717557251908275,0.04714640198511155,0.06431852986217446,0.09574468085106402,-0.06917346576800265,-0.0703971119133574,-0.025000000000000022,0.006708760852407236
1998-09-30,0.020824307295870037,0.002349974649576092,0.01626819974853877,0.016491892731882896,0.03363099252704571,0.15803262971717613,1.0637139807897547,1.0637139807897547,1.0363636363636366,1.0363636363636366,-5.835849975645397,8.15418939018344,-1.4835461689587426,-0.8789395929087328,0.024506546155379727,-0.0678733031674208,-0.03633961017509091,-0.033623910336239016,0.029739776951672958,-0.09241706161137431,-0.012230215827338076,0.07766990291262132,0.012576219512195008,-0.003883495145631022,-0.02564102564102566,-0.01391611132889059
1998-12-31,0.05192386109254121,0.04369090755229377,0.04430802939009881,0.04485684705518089,0.07297147749102151,0.23522820540270484,-0.08398407198634739,-0.08398407198634739,-0.2232142857142858,-0.2232142857142858,-0.28350792371743216,-0.3678509532062392,0.9700355510411376,-7.59457627118644,0.04550540842969042,-0.008737864077669855,0.03531025025711343,0.05025773195876293,0.025270758122743597,-0.03655352480417762,-0.0276766205389658,0.08108108108108092,0.019947308995107438,0.00877192982456143,0.03947368421052633,-0.0010932220234544099
1999-03-31,-0.05009921746754831,-0.07889213418960128,-0.06572036289447414,-0.06637465620861771,-0.00808087687974035,-0.21932237077781758,-0.25071981030881274,-0.25071981030881274,-0.16091954022988508,-0.16091954022988508,-0.671883786316776,-0.13116860863605206,-0.1021912864140242,1.112881669579521,-0.3187888752733872,0.1371204701273261,0.005298013245033095,0.008588957055214674,-0.0035211267605632646,0.10840108401084003,0.08689138576779021,0.08333333333333348,0.04428044280442811,0.01352657004830915,-0.012658227848101222,-0.013431499353298237
1999-06-30,0.12182450120621069,0.1573402580358625,0.1471139401260666,0.14670192443121066,0.05775286189341111,0.03861895422417949,-0.05658529234478604,-0.05658529234478604,-0.0547945205479452,-0.0547945205479452,-0.7602113681805198,-0.09466522039246628,-1.5993223453741456,-1.1427598287271312,0.06680784206571477,0.037898363479758945,0.013833992094861802,0.017031630170316392,0.0459363957597172,0.041564792176039145,0.015851137146795313,0.07692307692307687,-0.0572438162544171,0.018112488083889433,0.0,0.009277934651068742
1999-09-30,0.016154317283362474,0.013246326707000877,-0.007739509639790421,-0.007494174369300888,0.08180431325088922,0.1353423642336442,0.8326012299337113,0.8326012299337113,0.8115942028985508,0.8115942028985508,29.771292435973795,0.7803071560832153,-2.5870065159064777,5.393319700068166,0.4022966425476511,0.0970954356846474,0.006172839506172645,0.02272727272727293,0.07094594594594583,0.04929577464788726,0.052238805970149294,0.0714285714285714,0.0648425787106448,0.02340823970037431,0.0,0.02088329336530781
1999-12-31,0.07657127271354658,0.09669494662747402,0.09136877123876186,0.09057427268147888,0.03927939203525033,0.07366029398842633,-0.17135884249978206,-0.17135884249978206,-0.592,-0.592,-0.9359721281331655,-0.7421229733863567,-0.7494263977780462,-1.2695916408998826,-0.07018371664713319,0.09152798789712557,-0.022602518566354424,-0.019883040935672613,0.03154574132492116,0.017897091722595126,0.05157962604771105,0.06666666666666665,-0.03484688489968324,0.02287282708142735,-0.03846153846153855,0.005578937065674916
2000-03-31,-0.040259187962169096,-0.059339619999937754,-0.06974203612709784,-0.07253696372432594,0.03776596402809451,-0.10985490640820283,-0.20295571684022295,-0.20295571684022295,-0.1960784313725491,-0.1960784313725491,9.275392986698911,3.9164887307236063,1.3590361445783135,-1.6877595412299784,0.07934455212152969,-0.03118503118503113,-0.02411628675256039,-0.011933174224343701,0.03363914373088672,-0.05934065934065924,-0.071122011036174,0.07499999999999996,0.08132749817651352,0.0,-0.013333333333333308,0.014210628771656575
2000-06-30,0.09451405985026229,0.11621045947054398,0.10386027102141471,0.10761404524587448,0.07234206593965609,0.0405463978459315,-0.027845595513032007,-0.027845595513032007,-0.04878048780487798,-0.04878048780487798,-0.8396634403224383,-0.5290257202142548,-0.7784473953013279,-2.8628522139160437,-0.040919086979601116,0.31115879828326154,-0.02437373053486791,-0.0036231884057970065,0.047337278106508895,0.26635514018691575,0.2805280528052805,0.06395348837209314,-0.0202360876897133,0.0026833631484795006,0.0,0.00777351247600766
2000-09-30,0.01008989492339718,-0.029862156428156594,-0.0330296058422519,-0.03732901435097025,0.11538874908737817,0.23290878796293968,1.0944817756057827,1.0944817756057827,1.0256410256410255,1.0256410256410255,8.886238532110092,-0.5400614754098361,9.729829414476717,-5.031177650872048,0.46656229738918675,0.3726132024004365,0.039555863983344874,0.07393939393939397,0.07909604519774005,0.3118081180811809,0.3407216494845362,0.06557377049180313,0.10430292598967306,0.05084745762711851,0.013513513513513598,0.00780878011617947
2000-12-31,0.13236657918692885,0.18770272994386183,0.17384330466444853,0.17777749046062152,0.044557120167994624,0.20060712475748277,-0.12405210966362046,-0.12405210966362046,-0.5949367088607596,-0.5949367088607596,-0.203637713437268,3.0109155713967475,-0.12907661238344859,-0.8225744697143732,0.0772366051692348,0.18163751987281396,0.03104138851802407,0.048532731376975224,0.03403141361256545,0.09423347398030946,0.08842752787389463,0.05641025641025643,-0.07761845386533661,0.005942275042444711,0.040000000000000036,0.008409713691769793
2001-03-31,-0.033797484321725135,-0.09013374959175646,-0.05965563438094146,-0.06910453639171676,0.027721934523430747,-0.1523141535378515,-0.13200147983721788,-0.13200147983721788,-0.09375000000000011,-0.09375000000000011,-0.6512771511140114,-0.26714801444043323,0.1195914944003158,-5.5155373327578765,-0.039357783472133256,-0.09249915909855366,0.02978310132729023,0.046286329386437064,0.015189873417721378,-0.12210796915167099,-0.14517838219710344,0.06310679611650483,0.0638729300439338,0.0303797468354432,0.025641025641025772,-0.02258245877061471
2001-06-30,0.18398764608167428,0.24616639086067016,0.2532887440495486,0.25908952211924974,0.033130395218625264,0.05170714041405944,-0.01730457761486659,-0.01730457761486659,-0.06896551724137923,-0.06896551724137923,-0.4243133061551828,-0.41667298219022353,-0.1288503062618429,-0.09906810035842295,0.05166090109615307,-0.04707190511489989,0.032065388242690895,0.012345679012345734,-0.009975062344139585,-0.061493411420204924,-0.1148760330578511,0.0547945205479452,-0.1273824650571792,0.02047502047502059,-0.012499999999999956,-0.010257885150033452
2001-09-30,-0.04059201523321754,-0.03698503996298552,-0.0665972354580191,-0.06832132341319785,0.028080445548262167,0.11576243950031562,0.8174444829979182,0.8174444829979182,0.8148148148148147,0.8148148148148147,6.988042721151614,-0.35494348447447055,1.1073397743942537,-2.1767451729259495,0.23093232933716434,0.15480357837417347,0.07005787389582707,0.04979674796747968,0.02015113350125941,0.16692667706708275,0.08730158730158721,0.05627705627705626,0.07135056425191122,0.057784911717496,-0.012658227848101222,0.03361100348702051
2001-12-31,0.26238131588201496,0.20615118664346066,0.3372413843397597,0.3402333255424115,0.08290205266286677,0.15235943882690295,-0.12094599432021569,-0.12094599432021569,-0.1428571428571429,-0.1428571428571429,-0.4488657007077562,9.466465256797584,-0.6912866058569371,-2.2127659574468086,-0.21655210161142324,0.2078140788144156,0.03985197836606891,-0.0058083252662148865,0.07160493827160486,0.1831550802139037,0.12408759124087587,0.05327868852459017,-0.14203194019707788,0.04400606980273136,-0.03846153846153855,-0.10008434073657568
2002-03-31,0.4761367365505227,0.5396303304024541,0.607000481726216,0.5264876166723704,0.08869711231846034,-0.07320284776932173,-0.08578797339486899,-0.08578797339486899,-0.0714285714285714,-0.0714285714285714,-0.7014213010574057,-0.6576992649039757,-1.8655625534561855,-1.1734686292001189,0.0602358887952823,-0.048522030117122195,0.020804817957842836,-0.12463485881207403,0.08294930875576045,-0.11186440677966092,-0.11344537815126043,0.05836575875486405,-0.2625742574257426,0.025436046511627897,-0.1466666666666666,0.00864313235447245
2002-06-30,0.12699782565870033,0.10709953322498356,0.11183187239188297,0.0977542299747618,0.1932749015013322,0.11209173148393425,0.023340757238307308,0.023340757238307308,0.0,0.0,-1.048132120462775,-0.645603777827749,0.2792849443047072,0.5838868652239126,0.07162998924387343,0.016119577960140852,-0.01662644140520242,-0.10011123470522798,0.1638297872340424,-0.06106870229007644,-0.04868591124515309,0.05514705882352944,0.059076262083780806,0.012048192771084487,-0.10937500000000011,0.008569068759033627
2002-09-30,-0.040007286007231246,-0.031621766827845565,-0.0523985367498897,-0.05483050634080022,0.01044808272296427,-0.03213384772511563,-0.32358318098720296,-0.32358318098720296,-0.33333333333333337,-0.33333333333333337,-152.26055045871558,0.5207804568527918,-4.847693279966295,1.4425054112554112,0.16326216893181056,-0.18373233342947792,-0.19880010908099266,-0.2484548825710754,0.014625228519195677,-0.2994579945799458,-0.24139492753623182,0.05226480836236935,0.052231237322515334,-0.1554621848739497,-0.12280701754385959,0.024567509468727433
2002-12-31,0.04807514773012511,0.0490525102946866,0.0390072140342439,0.035734413108853724,0.08270194255163865,0.14391077867309,0.6427713427713428,0.6427713427713428,0.7307692307692308,0.4230769230769229,-0.315016315489404,0.5696255345780745,-0.6801167989780089,0.32328994738299643,0.18572183700755573,-0.08303886925795056,-0.07181756296800546,-0.09539473684210531,0.07207207207207222,-0.09477756286266925,0.06089552238805962,0.04966887417218535,0.033253012048192865,-0.023217247097844118,-0.06000000000000005,0.01278849035867724
2003-03-31,0.011700886598088767,0.017416455703339606,0.006293727611437205,0.005541825464505212,0.03151536954113854,-0.1710726183413629,-0.6892382419763403,-0.6892382419763403,-0.711111111111111,-0.6486486486486487,0.03244315364454198,-0.5348219032429559,1.2136010953902328,-0.4768123221161895,0.08236744112865169,0.021965317919075078,-0.22515584891822515,-0.19454545454545458,0.01680672268907557,-0.04700854700854695,0.05852560495216652,0.056782334384858135,0.019589552238805874,-0.1714770797962648,-0.04255319148936165,0.011837821840781304
2003-06-30,0.06094527363184077,0.08174009420892214,0.06377079482439929,0.06968680725288467,0.05084434654919234,0.17577664176169883,2.042016806722689,2.042016806722689,2.076923076923077,2.0,-1.039451114922813,-0.7857142857142857,-0.6829896907216495,-2.2880000000000003,-0.09751665657177466,-0.012820512820512775,-0.02650260293421669,-0.004514672686230181,0.044628099173553704,-0.029147982062780242,0.21052631578947367,0.05373134328358198,-0.009606587374199393,-0.004098360655737876,0.0,0.011211855318319142
2003-09-30,0.019211133381235035,0.01209016393442619,0.0157833767738198,0.013762686646474398,0.03161572052401751,0.15384615384615374,0.350828729281768,0.350828729281768,0.3500000000000001,0.33333333333333326,-39.47826086956522,3.8,3.235772357723577,-2.8136645962732922,0.19597315436241614,0.02559205500381978,0.17647058823529416,0.19274376417233552,0.03797468354430378,-0.018475750577367167,0.02547211242863434,0.05099150141643061,0.012009237875288736,0.15534979423868323,0.04444444444444429,-0.0016390281527186579
2003-12-31,0.07662053356090692,0.06696699736788814,0.08458066048942747,0.08045916762763383,0.0482560108364376,0.05942028985507242,0.006134969325153339,0.006134969325153339,0.03703703703703698,0.019230769230769162,-0.04519774011299438,3.1805555555555554,-0.2514395393474088,-0.4726027397260274,0.08641975308641969,0.1076350093109868,0.038429752066115874,0.03612167300380231,0.04878048780487809,0.0658823529411765,-0.09678800856531056,0.05121293800539073,-0.02601551802829749,0.030276046304541504,0.0,-0.012457749879285496
2004-03-31,-0.009856630824372714,-0.02780018027420661,-0.025191675794085433,-0.027555426187357512,0.04668066548215144,-0.06566347469220246,-0.20934959349593496,-0.20934959349593496,-0.2321428571428572,-0.2264150943396227,-0.24852071005917165,-0.19269102990033227,-0.4538461538461539,0.16233766233766245,0.0924586776859504,0.09314055144586408,0.13450059689614013,0.143119266055046,0.03779069767441867,0.04415011037527594,-0.018018018018017945,0.06153846153846154,0.05670103092783507,0.1080380293863441,0.042553191489361764,-0.0002933698415802377
2004-06-30,0.12015315001740334,0.14351241887473765,0.1332134831460674,0.13569468695435272,0.07530864197530862,0.10951683748169838,0.18508997429305918,0.18508997429305918,0.18604651162790709,0.19512195121951215,0.2188976377952756,-0.19753086419753085,-0.47887323943661975,1.6145251396648046,0.22127659574468095,-0.014149492463857327,0.00561206594177488,0.006420545746388617,0.06162464985994398,-0.05073995771670192,-0.1636890391115403,0.06038647342995174,-0.039911308203991136,-0.0015600624024961762,0.0,0.006945123740585091
2004-09-30,-0.04138959666894537,-0.06895963130494154,-0.07111128738002692,-0.07977157917856359,0.06615958668197464,-0.015571390868302948,0.18004338394793917,0.18004338394793917,0.1568627450980391,0.16326530612244894,0.21705426356589141,0.02564102564102555,2.171171171171171,-0.16666666666666663,0.15098722415795596,-0.026833073322932832,-0.027903732124171632,-0.0031897926634769647,0.06068601583113442,-0.08463251670378613,-0.07678983833718245,0.056947608200455635,0.11224018475750563,0.010156249999999867,-0.020408163265306145,0.011754420050514858
2004-12-31,0.04956239870340351,0.02108350902924183,0.0575551855172709,0.05594539118812358,0.024363979001211566,0.03726541554959795,-0.09742647058823528,-0.09742647058823528,-0.10169491525423724,-0.08771929824561397,-0.5530785562632696,2.76,0.125,-2.864102564102564,-0.2445341405987218,-0.061878807310035255,-0.05023322569070687,-0.028800000000000048,0.027363184079602032,-0.1143552311435524,-0.08505315822388992,0.053879310344827624,-0.02408637873754149,-0.015467904098994567,0.0,-0.033029284685549665
2005-03-31,-0.0031501899379227094,-0.004847831941826031,0.027494044975574283,0.03146331540165459,-0.10289093298291718,-0.09821659343499611,-2.5071283095723014,-2.5071283095723014,-2.509433962264151,-2.5384615384615383,-0.669833729216152,-0.8351063829787234,-0.6515151515151515,-0.8308115543328748,-0.05476402493321464,0.04921394395078593,-0.6037023044956555,-0.6095551894563427,-0.11259079903147695,0.0219780219780219,0.054682159945317776,0.05725971370143146,-0.09999999999999998,-0.6009426551453261,-0.02083333333333337,-0.03524972693873507
2005-06-30,0.06713759023453236,0.11677943166441129,0.06149312377210214,0.09208046631897271,0.08817928812069731,0.06362854686156494,-1.7,-1.7,-1.6875,-1.675,1.8776978417266186,-1.8870967741935485,0.46376811594202905,-3.5040650406504064,0.14507772020725396,-0.0941368078175896,0.05815061963775037,0.054852320675105704,0.07094133697135052,0.018817204301075252,1.3104342190537914,0.05609284332688591,0.019858156028368823,0.08070866141732291,-0.02127659574468077,0.0226430629888843
2005-09-30,-0.01701312274997102,-0.022658427238579915,-0.03709050527484725,-0.04061321133317286,0.05599676941714904,0.050660199407167816,-0.025096525096525046,-0.025096525096525046,-0.036363636363636376,-0.03703703703703709,1.5550000000000002,-1.6272727272727274,0.21287128712871284,1.2987012987012987,0.2912381735911147,0.012585400934915558,-0.0612612612612613,-0.06799999999999995,0.04968152866242037,-0.05277044854881274,-0.04824684431977555,0.05128205128205132,0.07417709782104764,-0.05828779599271394,-0.021739130434782594,0.018719806763284996
2005-12-31,0.0010927993384133305,-0.007438631291842301,0.007342482604851375,-0.0017987116205137044,-0.019630337794773745,-0.04077968709925617,-0.9504950495049505,-0.9504950495049505,-0.9433962264150944,-0.9230769230769231,-0.6800391389432485,-0.08695652173913049,-0.08163265306122447,-0.9449152542372882,0.012424338961452674,0.06711647727272729,-0.6026871401151632,-0.6051502145922747,-0.02548543689320404,0.01671309192200554,0.13557323902151497,0.04878048780487787,-0.02071644367716874,-0.597678916827853,-0.022222222222222254,-0.005631298162418585
2006-03-31,-0.07505531789349462,-0.11312349071529681,-0.10082430163333844,-0.11184679210493231,0.012742166168248525,-0.12433155080213909,5.84,5.84,5.0,3.25,-3.8776758409785934,2.761904761904762,-0.28888888888888886,-35.30769230769231,-0.421019509125236,-0.011314475873544061,2.8285024154589373,2.9673913043478257,0.0024906600249068322,0.013698630136986356,1.5702050350376329,0.049833887043189584,0.09475539885412076,3.009615384615385,0.0,-0.0014903129657228842
2006-06-30,0.16050524704156177,0.2205060795267828,0.20409982174688057,0.22827215249598942,0.02863011939915272,0.13160305343511447,1.1403508771929824,1.1403508771929824,1.1111111111111112,1.176470588235294,-1.724760892667375,0.4514767932489452,-1.2875,-1.2869955156950672,0.20869565217391295,-0.1066980814540559,-0.1406940063091483,-0.136986301369863,0.023602484472049712,-0.10810810810810823,-0.7889528425729577,0.04746835443037978,-0.11352657004830924,-0.12470023980815359,-0.022727272727272707,-0.006268656716417742
2006-09-30,-0.061347332545419575,-0.1007385183475652,-0.09439216100948156,-0.10498617086662565,0.055666500249625495,0.13653534808418777,0.3715846994535519,0.3715846994535519,0.368421052631579,0.3783783783783785,0.46627565982404695,-0.1308139534883721,-14.347826086956522,-0.7734375,0.039118705035971146,-0.009796533534287777,-0.022026431718061512,-0.006349206349206327,0.0461165048543688,-0.033333333333333326,0.143062200956938,0.0453172205438066,0.12488646684831961,-0.023287671232876672,0.023255813953488413,0.004706117953339417
2006-12-31,0.0014640859711281262,0.016382223362847004,-0.0051765072198652895,0.030645092064037094,0.021636320643177998,-0.015432098765432056,-0.5099601593625498,-0.5099601593625498,-0.5384615384615385,-0.4901960784313726,-0.694,-0.7357859531772575,-0.254071661237785,-3.6551724137931036,-0.09995672868887928,0.0818112633181125,0.1726726726726726,0.2076677316293929,0.019721577726218076,0.034482758620689724,0.0916701548765173,0.041907514450867156,0.020185708518368983,0.1753155680224403,0.022727272727272707,-0.01385290013952567
2007-03-31,-0.008303850764597498,-0.045156131638750985,-0.012597809076682287,-0.036979969183358996,0.004397639162134093,-0.06390161562575358,-0.19512195121951215,-0.19512195121951215,-0.16666666666666663,-0.23076923076923073,-2.34640522875817,10.215189873417721,-2.7598253275109172,1.1298701298701297,-0.2365384615384616,-0.011959198030249696,-0.005761843790012877,0.002645502645502784,-0.0011376564277587597,-0.030303030303030165,-0.1779141104294477,0.04299583911234395,0.012663237039968411,-0.017899761336515496,0.022222222222222143,-0.008489135927236102
2007-06-30,0.09139959312439183,0.12173299836925389,0.15654964735715993,0.16730810810810803,-0.09805277105657328,0.1354971664090674,1.212121212121212,1.212121212121212,1.25,1.1999999999999997,-3.7718446601941746,-0.7189616252821671,-1.4615384615384617,-2.058943089430894,0.32808564231738035,0.009255962976148169,0.06052801030264021,0.04749340369393118,-0.06492027334851924,0.009374999999999911,-0.013059701492537323,0.04122340425531923,-0.17350527549824157,0.009720534629404476,0.04347826086956519,-0.03903781469778822
2007-09-30,-0.03533511629791719,-0.06875957722682802,-0.04018637157833427,-0.1922649477661703,-0.01724578436382218,-0.03788566243194191,0.182648401826484,0.182648401826484,0.22222222222222232,0.2272727272727273,-0.3336252189141856,0.11244979919678721,-3.475806451612903,1.6967370441458733,0.6661925082977715,0.031393298059964714,0.03521554341226474,0.0025188916876575096,-0.0024360535931792215,0.10216718266253877,-0.01984877126654072,0.03959131545338446,0.018439716312056875,0.00962695547533099,-0.02083333333333337,0.15294866355536696
2007-12-31,-0.00394858439048984,-0.039787350744694305,0.014170474014848722,0.023757108787378467,-0.06993370596646298,-0.12709266682386233,-0.5482625482625483,-0.5482625482625483,-0.5454545454545454,-0.5370370370370371,0.35611038107752946,2.779783393501805,-2.020629750271444,-1.6797153024911031,-0.271770062606716,-0.08584131326949374,0.038709677419354716,-0.0201005025125629,-0.05128205128205132,-0.08426966292134841,-0.10511089681774344,0.039312039312039415,-0.06592386258124427,0.019070321811680557,-0.02127659574468077,-0.062097516099355876
2008-03-31,-0.06070062977957713,-0.11204851041392039,-0.0700383627212896,-0.09398799390735602,-0.023619846261355715,0.015126958400864421,-1.2564102564102564,-1.2564102564102564,-1.28,-1.28,-1.6143410852713178,-0.5921680993314231,-1.376595744680851,-0.25968586387434556,-0.2762797967956233,-0.09016086793864575,-0.1394692264257481,-0.18205128205128207,-0.030888030888030826,-0.039877300613496924,-0.08351293103448265,0.03782505910165468,0.039264413518886876,-0.18011695906432756,-0.021739130434782594,-0.019911721432074647
2008-06-30,0.05046544344338355,0.055423594615993776,0.0533626007644854,0.06922468354430378,0.03950758660177489,0.1412985630654604,-7.8,-7.8,-7.285714285714286,-7.285714285714286,-2.2996845425867507,0.4098360655737705,-0.2796610169491526,-1.6746817538896748,0.2575593952483801,0.029194078947368363,-0.007874015748031593,-0.01253918495297801,0.033200531208499307,0.060702875399361034,0.26866549088771285,0.036446469248291535,-0.01052128168340516,-0.01854493580599137,0.022222222222222143,-0.012910328262610071
2008-09-30,-0.08898703519019802,-0.1823893473368342,-0.12973808069557724,-0.15926748057713647,0.06719911870008266,-0.0016320820704126549,-0.07352941176470584,-0.07352941176470584,-0.09090909090909083,-0.09090909090909083,0.2378640776699028,0.3106312292358804,-1.2509803921568627,-0.649895178197065,0.07170459424645781,0.07590890930882943,-0.12896825396825384,-0.10476190476190483,0.04884318766066831,0.04216867469879526,0.07599629286376275,0.03516483516483526,0.17158047365877227,-0.12936046511627908,0.021739130434782483,-0.027476427050593055
2008-12-31,0.023176529463280415,-0.02397063883472872,0.045660969366691395,0.02233223322332223,-0.04709677419354841,-0.03759925268566089,-0.8756613756613757,-0.8756613756613757,-0.85,-0.875,-0.611764705882353,0.017743979721166037,1.265625,-4.3053892215568865,-0.22115384615384615,-0.07909394727070174,-0.20121488230827644,-0.17730496453900713,-0.06127450980392157,-0.12138728323699421,0.0469422911283377,0.03397027600849256,-0.0684818481848185,-0.21535893155258767,0.042553191489361764,-0.04535029190992501
2009-03-31,-0.04973557912756399,-0.15129259694477082,-0.08780795957043586,-0.1498439685784999,0.08083953960731205,-0.02669255035185636,4.617021276595745,4.617021276595745,3.500000000000001,4.4,-1.8585858585858586,-0.6326276463262764,-5.248275862068965,-0.9655797101449275,-0.009773662551440299,-0.17661290322580636,0.37262357414448677,0.44396551724137945,0.04046997389033935,-0.12171052631578949,0.02426984779925956,0.03285420944558526,0.13728963684676687,0.39787234042553177,0.04081632653061229,-0.0016380910778638347
2009-06-30,0.1749662227369233,0.3712011076497057,0.21740824099723,0.310423390924625,0.05211726384364823,0.13089005235602102,0.6590909090909092,0.6590909090909092,0.6296296296296295,0.6296296296296295,-4.2823529411764705,-0.4711864406779661,-2.012987012987013,-18.68421052631579,0.17454545454545456,-0.026444662095984506,-0.009695290858725891,0.017910447761193993,0.04140526976160608,-0.0674157303370786,-0.31164658634538145,0.031809145129224614,-0.10475077881619932,0.012176560121765823,0.0,0.046379348063881
2009-09-30,-0.11263518138261464,-0.20957237340334223,-0.1566821914886053,-0.21254708780063747,0.034889259347463675,-0.031084656084656048,-0.05022831050228316,-0.05022831050228316,-0.06818181818181823,-0.06818181818181823,0.057347670250896154,-0.13461538461538458,0.48557692307692313,-0.6488095238095238,0.05218929677134021,0.13682092555332015,0.004195804195804342,0.029325513196480912,0.028915662650602192,0.09236947791164662,0.1365227537922986,0.030828516377649162,0.16615919965202264,0.02706766917293235,0.0,0.0037633284549445367
2009-12-31,0.0028385424701489193,-0.01635155850792025,-0.006155143338954505,-0.09573750383318003,0.02738465078817165,-0.010011376564277641,-0.5961538461538461,-0.5961538461538461,-0.6097560975609756,-0.6097560975609756,-0.8652542372881356,1.6666666666666665,-0.8716289104638619,-3.711864406779661,-0.13451029844472473,0.0296460176991149,0.0536211699164344,0.10541310541310556,0.019906323185011843,0.0,0.02104722792607805,0.029906542056074903,0.02461767997016029,0.08931185944363085,0.019607843137254832,0.08779420953967909
2010-03-31,-0.005599483124634652,-0.011753246753246738,-0.017816238228556935,-0.03655724362452528,0.02665472057341245,0.10871064123190077,0.7380952380952381,0.7380952380952381,0.7500000000000002,0.7500000000000002,-0.779874213836478,-1.0722222222222222,-2.26890756302521,-1.6625,0.1029626032054396,0.0257842715943275,-0.012557832121612544,0.012886597938144284,0.016073478760045834,0.007352941176470562,-0.06234288587229775,0.029038112522685955,0.032398980706225045,-0.024193548387096753,0.03846153846153855,0.025753949258018105
2010-06-30,0.10015160422016645,0.19823904330113673,0.11876997495033259,0.1896515311510032,0.05312534089669474,-0.04747097844112769,0.5068493150684932,0.5068493150684932,0.4999999999999998,0.4999999999999998,23.6,-11.538461538461538,-4.695364238410596,-0.8632075471698113,0.01276970497578156,0.0393799748638457,-0.03279785809906299,0.007633587786259666,0.03728813559322042,0.021897810218977964,0.03109919571045583,0.02821869488536155,-0.042665726375176294,-0.0027548209366390353,0.0185185185185186,0.007186858316221789
2010-09-30,-0.026745036278755796,-0.07331651677999562,-0.054470352069178496,-0.0932599562104266,0.047648643049513106,0.00805223068552774,0.050000000000000044,0.050000000000000044,0.04761904761904767,0.04761904761904767,0.42624854819976776,-0.10948905109489049,-0.4247311827956989,21.862068965517242,0.28826086956521735,0.022168480451430828,-0.0041522491349480495,0.02020202020202011,0.039215686274509665,-0.014285714285714346,0.038481539261570274,0.027444253859348233,0.07661141804788207,0.022099447513812098,0.0,0.022055416550829543
2010-12-31,0.03909613661975908,0.021362210781703084,0.016331196668435854,0.029367617307315852,0.09422582558829351,-0.008851468048359235,0.18398268398268391,0.18398268398268391,0.18181818181818188,0.18181818181818188,-0.8420195439739414,0.7418032786885247,-0.2710280373831776,-1.7013574660633484,-0.15693553830577123,0.09779179810725558,0.20986796386379436,0.24504950495049505,0.06813417190775684,0.05797101449275366,0.07260891337005515,0.026711185308848195,0.053027711255559495,0.26216216216216215,-0.018181818181818188,-0.007797624444645934
2011-03-31,0.0264460511679645,0.013789107763615194,0.02197404892941801,-0.058327521714321984,0.03650492455046539,-0.025484643868438295,-0.7221206581352834,-0.7221206581352834,-0.7307692307692307,-0.7307692307692307,-1.3762886597938144,-0.35764705882352943,-6.042735042735043,-2.793548387096774,0.33386709367493994,0.08333333333333326,-0.13038483630097641,-0.1093439363817097,0.02060843964671255,0.013698630136986356,-0.15172735760971057,0.02682926829268295,0.00974658869395717,-0.06316916488222701,-0.05555555555555558,0.07657863474367166
2011-06-30,0.24133727073230204,0.38072922619727967,0.3282625786163522,0.5398236046589915,0.04855723127887712,0.22060795708538228,1.7434210526315788,1.7434210526315788,1.714285714285714,1.6428571428571428,-15.342465753424657,6.058608058608058,-0.847457627118644,-1.839328537170264,-0.2100840336134454,-0.02354111405835546,-0.06671070013210034,-0.0803571428571428,0.030769230769230882,-0.04391891891891886,0.06659328563566302,0.026128266033254244,-0.15540540540540537,-0.05828571428571416,-0.019607843137254943,-0.10330192683133854
2011-09-30,-0.07304829874069707,-0.1354718543046357,-0.10393299991121896,-0.1501901971929518,0.013717991353508374,0.030580479765610624,0.11990407673860903,0.11990407673860903,0.07894736842105265,0.10810810810810811,-0.1919770773638968,-0.7784120394395433,-4.538888888888889,-0.6885714285714286,-0.08282674772036469,-0.09303904923599315,-0.04175513092710559,-0.04611650485436891,0.00746268656716409,-0.12014134275618371,-0.06243550051599578,0.0254629629629628,0.09371428571428586,-0.047330097087378675,0.0,0.017322983718288443
2011-12-31,0.05563665473723867,0.05299947335663324,0.07001552230919117,0.0668861905741922,0.019929467727384464,0.02771855010660973,-0.13276231263383298,-0.13276231263383298,-0.14634146341463417,-0.14634146341463417,0.1950354609929077,0.04449648711943799,-0.8948194662480377,-3.2844036697247705,0.20629660314830156,0.10932235117933353,-0.11521418020679464,-0.13740458015267176,0.0009259259259259967,0.10040160642570273,0.13263621353879995,0.02483069977426644,-0.03378613723441326,-0.14012738853503182,0.0,-0.013026891225458304
2012-03-31,0.026586372253819546,0.011639538055833398,0.0019136393098553306,-0.0141782407407407,0.09086522997748481,-0.05463347164591981,-0.3061728395061728,-0.3061728395061728,-0.3142857142857143,-0.3142857142857143,-1.4708209693372898,-0.742152466367713,-11.402985074626866,-0.7871485943775101,0.036401098901098994,0.1532230847114413,0.04340567612687818,0.03539823008849563,0.06105457909343204,0.15328467153284664,0.30758017492711387,0.02496328928047009,0.06236481614996414,0.04148148148148145,0.0,0.02611482982935809
2012-06-30,0.11534534077823877,0.18283146067415723,0.12772249776655054,0.19459935427061925,0.08572902845348662,0.1885515727871252,1.5516014234875444,1.5516014234875444,1.5,1.4583333333333335,-3.323529411764706,5.156521739130435,-1.8536585365853657,-2.8584905660377355,-0.06527501656726309,0.05355575065847229,0.13040000000000007,0.15384615384615397,0.06190061028770688,-0.006329113924050667,-0.02341137123745818,0.024355300859598916,-0.026467594163556263,0.13798008534850648,0.020000000000000018,-0.009830944505696326
2012-09-30,-0.02421302789465485,-0.11661220457481569,-0.07856420903105965,-0.14402129402129404,0.11086971281146041,0.0007693491306355327,-0.13947001394700143,-0.13947001394700143,-0.16666666666666663,-0.15254237288135586,0.05244122965641962,0.01836158192090398,-0.5747899159663865,-1.9644670050761421,0.08188585607940446,0.0002777777777778212,0.0014154281670204494,0.03703703703703698,0.07963875205254523,-0.05732484076433131,-0.13812785388127868,0.023776223776223793,0.13837574067619385,0.04125000000000001,-0.019607843137254943,0.03201261946738421
2012-12-31,0.06847264088794836,0.04499118241644795,0.09504610002668179,0.1304119025977133,0.01369025791468026,0.035055350553505615,-0.4570502431118314,-0.4570502431118314,-0.45999999999999996,-0.48,0.4054982817869415,2.159500693481276,-3.411067193675889,-1.1631578947368422,-0.010157273918741772,-0.011663426825881507,-0.09964664310954041,-0.07619047619047625,0.0022813688212928174,-0.08445945945945943,-0.06490066225165558,0.023224043715847076,-0.05113288426209428,-0.07082833133253308,0.0,-0.07552598453515558
2013-03-31,-0.023765483997533754,-0.052726898538793976,-0.0360884749708964,-0.06255025604130515,0.003677800554684696,0.0013368983957218195,0.20895522388059695,0.20895522388059695,0.18518518518518512,0.23076923076923084,-0.687041564792176,-0.8560140474100087,-2.5114754098360654,24.193548387096776,-0.25852366765971535,0.07164933970216336,0.012558869701726705,0.030927835051546282,-0.003793626707131903,0.06642066420664205,0.1326723323890462,0.02336448598130847,0.028073572120038692,0.011627906976744207,0.020000000000000018,0.010503793036374276
2013-06-30,0.06449637327515267,0.13087685756496037,0.08417593528816991,0.05805606970339938,0.022406439598726458,0.15635662364634317,1.308641975308642,1.308641975308642,1.28125,1.28125,-0.55859375,3.039634146341464,-2.403470715835141,-1.204865556978233,0.0714285714285714,0.13240692186680647,0.06666666666666665,0.08250000000000002,0.015232292460015229,0.1384083044982698,0.07794914547728227,0.022831050228310446,-0.039548022598870025,0.05363984674329525,0.03921568627450989,0.06881616939364754
2013-09-30,0.07337156829255131,-0.021478521478521473,0.04608688894070112,0.09992746511925588,0.13525264394829617,0.07222578576010252,-0.2021390374331551,-0.2021390374331551,-0.21917808219178092,-0.21917808219178092,8.061946902654867,1.0015094339622643,-0.19551777434312212,1.93125,0.19541666666666657,0.007177587404491925,0.011627906976744207,0.011547344110854452,0.10202550637659402,-0.00911854103343468,-0.07076566125290018,0.022321428571428603,0.05751633986928106,-0.00969696969696976,0.018867924528301883,-0.11040072039621796
2013-12-31,0.14912398244614922,0.12914752424706477,0.18251609707776129,0.2742154466814073,0.07933961287651381,0.06508734146925099,-0.1957104557640751,-0.1957104557640751,-0.1929824561403508,-0.22807017543859642,-0.65185546875,0.588235294117647,2.4707012487992315,-0.7611940298507462,0.039037992331822924,0.05816091954022995,0.04525862068965525,0.038812785388127935,0.060585432266848205,-0.039877300613496924,0.01872659176029967,0.02183406113537112,-0.060568603213844274,0.03427172582619353,0.0,-0.11387792286668696
2014-03-31,0.06050579403833534,0.11211573236889683,0.07463874345549737,-0.07647345348270829,0.028146727403500327,0.02785890811053693,-0.17833333333333334,-0.17833333333333334,-0.19565217391304357,-0.18181818181818188,0.06732117812061711,-0.894349477682811,0.13340714088015493,38.38392857142857,1.4797047970479706,0.015424723006734808,-0.030240549828178587,-0.05054945054945048,-0.12387676508344025,-0.04153354632587858,-0.0731209150326797,0.0219780219780219,-0.03059210526315781,-0.04023668639053257,-0.01851851851851849,0.2042494859492805
2014-06-30,0.3771097916323052,0.3884615384615384,0.3192695950422886,0.2773602320675106,0.5155302676989086,0.28885245901639345,1.2109533468559839,1.2109533468559839,0.9189189189189189,0.9444444444444444,0.7174770039421814,30.840449438202246,2.6669108669108668,-0.5116753570618907,0.3169642857142858,-0.02289259734702609,-0.11764705882352944,-0.0995370370370372,0.49743589743589745,0.1166666666666667,-0.04142794182459242,0.021505376344086224,0.10044112656939252,-0.054254007398273796,-0.037735849056603765,0.08698539176626818
2014-09-30,-0.0031239707364786318,-0.10537576289890327,-0.005568932153566575,-0.02714838709677414,0.001969473165928104,0.09115577037225475,-0.14128440366972472,-0.14128440366972472,-0.18309859154929575,-0.17142857142857149,-0.7980107115531752,-0.6828992871762298,-1.1700186467767715,-4.170844939647168,-0.7015921931176168,0.009196409021239305,-0.06666666666666665,-0.06169665809768632,-0.012720156555773077,-0.32835820895522394,0.02390804597701157,0.021052631578947434,0.005242059821153333,-0.04823989569752296,-0.019607843137254943,-0.08046077319137779
2014-12-31,0.0022026431718060735,-0.04058000201389589,0.007219251336898491,-0.03371531646241177,-0.008169533169533172,-0.03217283183089836,-0.44978632478632474,-0.44978632478632474,-0.4655172413793103,-0.4482758620689654,5.40530303030303,-0.7752058758068106,-0.772816294555425,-1.0349926793557833,0.0822719449225473,0.0045563028856583365,-0.12048192771084332,-0.1095890410958903,-0.02874132804757179,0.017777777777777892,-0.0004490345756622549,0.020618556701030855,-0.010429447852760787,-0.10136986301369855,0.0,-0.007022871785138163
2015-03-31,-0.02788211788211792,-0.05678001679261124,-0.03971624929947204,-0.05600241579048504,-0.026072954728432518,-0.011321663722498765,-0.5747572815533981,-0.5747572815533981,-0.5806451612903225,-0.59375,-0.32998225901833234,-0.600990099009901,0.8,-2.573221757322176,-0.11959287531806617,0.0038876889848811214,-0.16144814090019566,-0.1446153846153847,-0.03724489795918373,0.03493449781659397,0.06513926325247077,0.02076318742985417,0.0018598884066955979,-0.14939024390243905,0.0,-0.0008601739462867908
2015-06-30,0.1012444892044928,0.18543451652386778,0.07576060080168312,0.13571989414604357,0.15684217219890617,0.11378218143425656,5.360730593607306,5.360730593607306,5.3076923076923075,5.230769230769231,-1.2789055604589585,0.7071960297766748,-2.3563218390804597,-2.1941489361702127,0.1622109826589595,0.03162650602409656,0.07701283547257876,0.08992805755395694,0.10492845786963434,0.07172995780590719,0.1691269506537325,0.020340846619021358,0.050433168316831756,0.06989247311827951,0.020000000000000018,0.04381098144250983
2015-09-30,-0.019195416242849594,-0.056624583470221035,-0.0288524683779231,-0.0451170174629999,0.0038202555998350096,0.06081376695347829,-0.04307250538406315,-0.04307250538406315,-0.07317073170731703,-0.07407407407407418,-8.746835443037975,1.196220930232558,-1.2542372881355932,0.069042316258352,0.1492073360273547,-0.07904066736183535,0.09750812567713996,0.11551155115511547,-0.008633093525179825,-0.16535433070866135,-0.1341991341991342,0.0199353448275863,0.02356406480117812,0.09212730318257933,0.019607843137254832,-0.012096774193548265
2015-12-31,0.038381032120566205,0.07853038481629815,0.06219772142594637,0.12402123779899177,-0.0038604753039097606,-0.08241682705526532,-0.5326331582895725,-0.5326331582895725,-0.5394736842105263,-0.52,0.33210784313725483,0.3328921244209133,-0.6916666666666667,1.30625,0.299431971869083,-0.04936594202898548,0.000987166831194486,0.00887573964497057,-0.005805515239477588,-0.0424528301886794,-0.12958333333333327,0.01954569466455358,-0.040575539568345365,0.015337423312883347,0.0,-0.04044526901669765
2016-03-31,-0.018435375396287257,-0.09140181742700304,-0.022876992914083294,-0.040389340840231935,-0.011323969985982507,-0.02584463255674585,-0.2536115569823435,-0.2536115569823435,-0.2571428571428571,-0.2777777777777777,-0.6645200858632321,-0.36246276067527305,2.0720720720720722,-1.4968383017163505,-0.1144879267277269,-0.039780848022867854,0.035502958579881616,0.04398826979472137,-0.01167883211678844,-0.03448275862068961,-0.0588798468166587,0.01968911917098448,0.007198560287942524,0.05438066465256797,-0.019230769230769273,-0.053170920340293804
2016-06-30,0.06270186509344144,0.1386216524939714,0.09464187074203645,0.08982199681782022,0.000778404826109913,0.09743155952014759,2.225806451612903,2.225806451612903,2.269230769230769,2.2307692307692304,-0.6745886654478976,-0.009345794392523366,-3.3519061583577714,-0.74,-0.033615420780441885,0.13892334408335394,0.03142857142857136,0.011235955056179803,0.000984736582964052,0.15306122448979576,0.07121057985757884,0.019308943089430874,-0.058368076235854716,0.01862464183381074,0.0,0.04472125791300807
2016-09-30,-0.016162609910139403,-0.06061619404316032,-0.034857993142265675,0.003467390560485395,0.02405622378399408,0.038679840235442464,-0.18133333333333335,-0.18133333333333335,-0.18823529411764706,-0.1785714285714286,5.837078651685394,-0.16352201257861632,-1.180798004987531,-9.44055944055944,0.29360252979810264,0.07166194728817255,-0.029547553093259404,-0.04166666666666652,0.01918347270044274,0.07079646017699126,0.05698005698005715,0.018943170488534555,0.04079696394686905,-0.03234880450070321,-0.019607843137254943,-0.06381939014855365
2016-12-31,0.025829665276822844,0.048033794527374996,0.05023394243273316,0.04837573029621045,-0.02438627424386275,-0.06564123321864668,-0.2255700325732899,-0.2255700325732899,-0.2318840579710144,-0.2318840579710144,-0.0398520953163517,0.9473684210526316,-1.1586206896551725,-0.8864954432477217,0.025761564497931655,0.011178861788617933,0.08943862987630835,0.0724637681159419,-0.02799227799227788,-0.008264462809917328,0.039532794249775405,0.018590998043052753,-0.048921300516560295,0.07703488372093026,0.0,-0.00031318509238953407
2017-03-31,0.025327252471800676,0.015194402300672483,0.028019607342541386,0.03751328143634658,0.018322860479341507,0.020000000000000018,-0.41430073606729756,-0.41430073606729756,-0.41509433962264153,-0.41509433962264153,-0.2738553701326487,-0.1404440154440154,7.6521739130434785,0.35036496350364965,0.033913840513290605,0.101708542713568,0.017467248908296984,0.0,0.012909632571995955,0.13333333333333353,0.02074330164217808,0.018731988472622474,-0.006709265175718793,0.0013495276653172628,0.0,-0.021512113617376705
2017-06-30,0.06697451742695626,0.13918629550321193,0.07528590764034626,0.01531966476477109,0.04974744027303757,0.10667516103914498,2.0861759425493718,2.0861759425493718,2.096774193548387,2.064516129032258,-0.7896287566293458,-0.3464345873104997,3.9798994974874375,0.28648648648648645,0.042198581560283666,0.03630724320379475,0.03433476394849766,0.02432432432432452,0.04607843137254908,0.022058823529411686,0.014817950889076892,0.018387553041018467,-0.0160823415889354,0.02695417789757415,0.0,0.12198505869797205
2017-09-30,0.01915733197556002,-0.0038768796992481036,-0.002471245785024667,-0.03145327295183198,0.06900408354357945,0.013496226173723924,-0.24141942990110532,-0.24141942990110532,-0.25,-0.25263157894736843,6.106442577030812,0.07817869415807555,-2.6710393541876893,-1.96218487394958,-0.0389588295338551,0.03926056338028183,-0.011618257261410747,-0.01583113456464391,0.06513589503280226,-0.003597122302158251,-0.007092198581560183,0.01805555555555549,0.04870872834259554,0.0,-0.020000000000000018,0.028440977836963865
2017-12-31,0.0067913570224191755,0.016354129810905338,0.010916626148966158,0.044015132194168194,-0.0011678832116788218,0.009151151782896827,-0.1940184049079755,-0.1940184049079755,-0.19444444444444442,-0.19718309859154937,0.5573512022073315,-0.2749003984063745,-0.9927536231884058,-16.19650655021834,3.080368206762259,0.08571912586820263,-0.010915197313182134,-0.008042895442359255,-0.00439947206335245,0.018050541516245522,0.07731092436974785,0.017735334242837686,-0.007793017456358964,-0.013123359580052507,0.0,-0.026452090270070228
2018-03-31,0.2504458262905702,0.6503500560863342,0.32184368737474944,0.576125236650856,0.09972717528987629,0.14928080050031278,1.6041864890580402,1.6041864890580402,1.603448275862069,1.5964912280701755,-1.5507466464186281,-0.045054945054945006,-58.916666666666664,-1.564080459770115,-0.08516268980477226,0.05180215322203141,0.395585738539898,0.354054054054054,0.0945647370746796,0.05673758865248235,0.03510140405616213,0.018319928507596117,-0.12064090480678613,0.375,-0.020408163265306145,0.047121413642409404
2018-06-30,0.0063866067276390215,-0.019722733291926975,0.015108723901931853,-0.022447819797478785,-0.015726753200726584,-0.09647929477063721,-0.5801972963098283,-0.5801972963098283,-0.5827814569536424,-0.5810810810810811,-3.439797794117647,3.128883774453395,0.9007194244604317,-2.2022414671421293,0.11191729501588665,0.004895416110369366,-0.11557177615571768,-0.14171656686626755,-0.017763423496164776,-0.08389261744966447,-0.31198191409193665,0.017990346643264488,-0.02179349767774208,-0.09671179883945846,-0.04166666666666663,0.0027218290691344293
2018-09-30,-0.007134715504759526,-0.0335923490735206,-0.018382917712120417,-0.019290225404962613,0.022706814294715993,0.07112743917128395,0.11053089643167979,0.11053089643167979,0.11111111111111094,0.09677419354838723,-0.6396684874741005,-0.4200111482720178,-1.3391370174110522,-1.3567796610169491,-0.035910777498187385,0.044434602893416164,-0.02957359009628613,-0.05813953488372081,0.017262638717632672,0.06593406593406592,0.14622124863088715,0.01767241379310347,0.02994886778670547,-0.032119914346895095,-0.021739130434782594,-0.014567499095186398
2018-12-31,0.013608692684319301,0.004292429490351246,0.022804729612241337,0.03651011774849788,-0.01003410716250408,-0.06809108799550179,-0.08072100313479624,-0.08072100313479624,-0.08571428571428563,-0.07352941176470595,0.3617354939884998,0.23258049014896676,-1.1160714285714286,-0.7185273159144894,-0.010484406104844024,0.04042402826855129,-0.002126151665485465,-0.03456790123456788,-0.012525252525252495,0.020618556701030855,0.04968944099378869,0.017365523083439305,-0.023404255319148914,0.01106194690265494,-0.04444444444444451,-0.03103479937563125
2019-03-31,0.1406514019835925,0.19101580302265142,0.16226209804238256,0.12273837995216796,0.08477627864589121,0.2010377700012067,1.8482523444160273,1.8482523444160273,1.828125,1.8095238095238093,-1.3692898272552783,-0.4491228070175438,96.57692307692308,-13.827004219409282,0.1359084406294706,0.02934383915228911,0.07315340909090917,0.053708439897698135,0.07774140752864156,0.04377104377104368,0.011379153390987717,0.017901748542880958,-0.04901960784313708,0.07111597374179435,-0.023255813953488413,0.060741021510471116
2019-06-30,0.03053447405992027,-0.01262733336780597,0.0423675511219026,0.03410551175632959,-0.00018441489252707388,-0.1671857731337285,-0.6704579467225382,-0.6704579467225382,-0.6740331491712708,-0.672316384180791,-6.361746361746362,3.186128803963199,-0.7778872684272763,-0.9809210526315789,0.002282745591939639,0.09647617790682328,-0.02978160158835208,-0.04854368932038844,-0.004555808656036442,0.016129032258064502,0.01035103510351032,0.01758691206543972,-0.029782359679267012,-0.006128702757916327,-0.04761904761904756,-0.04520278720743254
