Quarter end,Assets,Current Assets,Liabilities,Current Liabilities,Shareholders equity,Revenue,Earnings,Earnings available for common stockholders,EPS basic,EPS diluted,Cash from operating activities,Cash from investing activities,Cash from financing activities,Cash change during period,Cash at end of period,Price,ROE,ROA,Book value of equity per share,P/B ratio,P/E ratio,Cumulative dividends per share,Equity to assets ratio,Net margin,Asset turnover,Current ratio
1996-03-31,0.01796900524155176,,0.018807268476336292,,0.013982011447260856,0.07131966796544131,0.8018867924528301,0.8018867924528301,0.8191489361702129,-0.5227272727272727,-0.44716242661448136,-0.47857142857142854,1.5098039215686274,-3.3191489361702127,2.5348837209302326,0.005760921747479664,-0.07176287051482066,0.0,0.01751824817518255,0.065359477124183,-0.06988847583643121,0.9764705882352942,-0.004029936672423795,-0.04065040650406504,-0.02941176470588236,
1996-06-30,0.01796900524155176,,0.018807268476336292,,0.013982011447260856,0.07131966796544131,0.8018867924528301,0.8018867924528301,0.8191489361702129,-0.5227272727272727,-0.44716242661448136,-0.47857142857142854,1.5098039215686274,-3.3191489361702127,2.5348837209302326,0.005760921747479664,-0.07176287051482066,0.0,0.01751824817518255,0.065359477124183,-0.06988847583643121,0.9764705882352942,-0.004029936672423795,-0.04065040650406504,-0.02941176470588236,
1996-09-30,0.00766075016744816,,0.0037291395980629805,,0.026449479880654714,-0.0488614800759013,-0.6178010471204188,-0.6178010471204188,-0.6198830409356725,-0.5227272727272727,-0.09557522123893802,-0.6181506849315068,-3.15625,-0.8899082568807339,0.07894736842105265,0.08162291169451086,-0.07176287051482066,0.0,0.026542324246771942,0.065359477124183,-0.06988847583643121,0.523809523809524,0.01907514450867076,-0.04065040650406504,-0.02941176470588236,
1996-12-31,0.031780981263761277,,0.02642727456122662,,-0.0021211407023332685,0.006982543640897676,1.0376712328767121,1.0376712328767121,1.046153846153846,-0.5227272727272727,0.8356164383561644,5.5291479820627805,-2.7028985507246377,-5.0,-0.29268292682926833,0.20962047661076788,-0.07176287051482066,0.0,0.0062893081761006275,0.17791411042944794,-0.06988847583643121,0.3125,-0.0328984685195689,-0.04065040650406504,-0.02941176470588236,
1997-03-31,-0.0012481881140280482,,0.0023912473794549527,,-0.01881593449850416,0.020141984480765984,0.2890756302521009,0.2890756302521009,0.3007518796992481,-0.5227272727272727,-0.1918976545842217,-0.867445054945055,-2.174468085106383,-1.2708333333333333,0.11206896551724133,0.1357168916453848,-0.07176287051482066,0.0,-0.005555555555555536,0.12500000000000022,-0.06988847583643121,0.2857142857142858,-0.017595307917888547,-0.04065040650406504,-0.02941176470588236,
1997-06-30,0.036162064099979796,,0.02591418581092131,,0.08866244082484154,-0.017154879430328562,-0.16166883963494127,-0.16166883963494127,-0.1502890173410405,-0.5227272727272727,0.2704485488126649,2.2538860103626943,-0.48913043478260865,3.0769230769230766,0.41085271317829464,0.08930292322518474,-0.07176287051482066,0.0,0.0921787709497206,0.0972222222222221,-0.06988847583643121,0.2222222222222221,0.05074626865671639,-0.04065040650406504,-0.02941176470588236,
1997-09-30,0.03740305553394019,,0.030340192393450982,,0.07215507075471694,0.051210274987650184,0.28149300155520995,0.28149300155520995,0.2857142857142856,-0.5227272727272727,0.023883696780893082,-0.36624203821656054,1.1382978723404253,-1.2830188679245282,-0.08241758241758246,0.12120318490120918,0.1899159663865546,0.0,0.0843989769820972,0.025316455696202445,0.17346123101518796,0.18181818181818188,0.033522727272727426,0.2139830508474576,-0.030303030303030276,
1997-12-31,0.0,,0.0,,0.0,0.0,0.0,0.0,0.0,-0.5227272727272727,0.0,0.0,0.0,0.0,0.0,0.12651236191478166,0.0,0.0,0.0,0.0,0.0,0.15384615384615374,0.0,0.0,0.0,
1998-03-31,0.05683210401300154,,0.056513069420184525,,0.06118099951880107,0.010338345864661758,0.13592233009708732,0.13592233009708732,0.1693121693121693,-0.5227272727272727,-0.0983772819472617,-0.1532663316582915,-0.15588723051409614,-3.8666666666666667,0.5748502994011977,0.052066308662152894,0.0,0.0,0.08431603773584895,0.0,0.0,0.15555555555555567,0.003848268279274425,0.0,0.0,
1998-06-30,0.006943787262231549,,0.004477022341219383,,0.01820301872125407,0.013798449612403063,-0.054487179487179516,-0.054487179487179516,-0.5203619909502262,-0.5227272727272727,-0.5849268841394826,-1.3234421364985163,-0.13555992141453832,-0.11627906976744184,0.14448669201520903,0.04593874833555267,0.0,0.0,0.03153887982599235,0.05349794238683114,0.0,0.2596153846153846,0.01150054764512598,0.0,0.0,
1998-09-30,0.0032188715153367298,,0.002097443740441296,,0.008270772362896084,-0.015751643982260255,-0.1943502824858757,-0.1943502824858757,-0.179245283018868,-0.18095238095238098,1.7208672086720869,-4.146788990825688,0.5954545454545455,-2.0789473684210527,-0.1362126245847176,-0.061744112030553855,0.0,0.0,0.01845018450184499,-0.08984375,0.0,0.09923664122137388,0.004872766648619242,0.0,0.0,
1998-12-31,0.0,,0.0,,0.0,0.0,0.0,0.0,0.0,0.0,0.0,0.0,0.0,0.0,0.0,-0.034599728629579385,0.0,0.0,0.0,0.0,0.0,0.0,0.0,0.0,0.0,
1999-03-31,0.04714451327329994,,0.04667219000276157,,0.051426047450782386,0.05764449968924801,0.4516129032258065,0.4516129032258065,0.45977011494252884,0.4767441860465116,-0.28685258964143423,0.5364431486880465,-0.6339031339031339,0.6585365853658536,-0.2692307692307693,-0.11267275708596847,0.0,0.0,0.06884057971014479,0.0,0.0,0.10416666666666674,0.0037715517241379004,0.0,0.0,
1999-06-30,-0.00010064524786690399,,0.002596861547007334,,-0.011762587769309274,-0.03158513295137355,-0.2560386473429952,-0.2560386473429952,-0.2440944881889764,-0.25196850393700787,-0.4203910614525139,-0.20303605313092976,-1.2684824902723735,-1.9411764705882353,0.33684210526315783,-0.0026399155227032622,0.0,0.0,-0.0009685230024213398,-0.2145922746781116,0.0,0.09433962264150941,-0.011272141706924255,0.0,0.0,
1999-09-30,0.010155009282662775,,0.031303239746803824,,-0.08210360114167725,-0.006219660194174748,-0.36363636363636365,-0.36363636363636365,-0.34375,-0.34736842105263155,0.06987951807228909,-0.419047619047619,-4.246376811594203,-1.375,-0.09448818897637801,-0.16940179989412396,0.0,0.0,-0.09015996122152203,-0.1693989071038252,0.0,0.08620689655172398,-0.09174809989142241,0.0,0.0,
1999-12-31,0.0,,0.0,,0.0,0.0,0.0,0.0,0.0,0.0,0.0,0.0,0.0,0.0,0.0,-0.14850223072020396,0.0,0.0,0.0,0.0,0.0,0.07936507936507953,0.0,0.0,0.0,
2000-03-31,0.10943070348309392,,0.12534751601595562,,0.022295732715845284,0.11219661120439617,0.14489795918367343,0.14489795918367343,0.1587301587301586,0.17741935483870974,0.3648648648648649,-1.069672131147541,1.6205357142857144,-2.5,0.26086956521739135,-0.20134730538922152,0.0,0.0,0.10548748002131059,0.0,0.0,0.08333333333333326,-0.07830245068738795,0.0,0.0,
2000-06-30,0.03197413328543197,,0.041711421410669525,,-0.018832513590473776,-0.01413670052154814,-0.18181818181818177,-0.18181818181818177,-0.15068493150684925,-0.1643835616438356,-0.3613861386138614,-99.3529411764706,-3.1005110732538332,-2.4444444444444446,-0.17931034482758623,0.17572633552014993,0.0,0.0,-0.004819277108433773,-0.20394736842105265,0.0,0.07692307692307687,-0.04928664072632938,0.0,0.0,
2000-09-30,0.02216420075427905,,0.018594260182161815,,0.058241540795461955,0.036475010441319844,0.40305010893246185,0.40305010893246185,0.403225806451613,0.42622950819672134,0.6640826873385013,-0.26495215311004783,-0.5312246553122466,-0.8653846153846154,-0.02941176470588236,0.15862893583100846,0.0,0.0,0.062469733656174364,0.165289256198347,0.0,0.0714285714285714,0.03547066848567515,0.0,0.0,
2000-12-31,0.0,,0.0,,0.0,0.0,0.0,0.0,0.0,0.0,0.0,0.0,0.0,0.0,0.0,0.2996216030271759,0.0,0.0,0.0,0.0,0.0,0.06666666666666687,0.0,0.0,0.0,
2001-03-31,0.007104879756296034,,1.1247581769957549e-05,,0.04674644727000743,-0.042175957018132926,-0.22360248447204967,-0.22360248447204967,-0.206896551724138,-0.2183908045977011,0.170807453416149,0.19446704637917,0.10034602076124566,10.142857142857142,-0.37662337662337664,0.012440444679724605,0.0,0.0,0.05651777575205097,0.0,0.0,0.06985294117647056,0.03952569169960474,0.0,0.0,
2001-06-30,0.01702159638525913,,0.020087955100158483,,0.0015481719661782911,0.01009676062263365,-0.6639999999999999,-0.6639999999999999,-0.6666666666666666,-0.661764705882353,-0.41644562334217505,-0.20640326975476841,0.23427672955974832,-1.7692307692307692,0.41666666666666674,0.12522875816993473,0.0,0.0,0.009059534081104381,0.3191489361702129,0.0,0.06529209621993126,-0.015209125475285079,0.0,0.0,
2001-09-30,0.003149679028310093,,0.006814047080875518,,-0.01646848989298455,-0.004164931278633932,0.34523809523809534,0.34523809523809534,0.3913043478260869,0.3913043478260869,0.18409090909090908,-0.2987124463519313,-0.6038216560509554,-0.75,0.07352941176470584,-0.1298791821561337,0.0,0.0,-0.008123129542539576,-0.13978494623655913,0.0,0.06129032258064515,-0.019948519948520094,0.0,0.0,
2001-12-31,0.0,,0.0,,0.0,0.02579116129931691,0.16814159292035402,0.16814159292035402,0.125,0.125,0.0,0.0,0.0,0.0,0.0,-0.07930574098798415,0.0,0.0,0.0,0.0,0.0,0.05775075987841949,0.0,-0.650087260034904,0.0,
2002-03-31,0.03360771964716491,,0.04079375335384894,,0.028713050837212206,-0.008154389779831517,0.6136363636363635,0.6136363636363635,0.6666666666666667,0.6666666666666667,1.0940499040307103,1.6315789473684212,2.6366559485530545,3.8,0.5296803652968036,0.0011600928074246841,0.0,0.0,0.034051724137931005,0.0,0.478882833787466,0.06034482758620685,-0.00459619172685477,-0.06982543640897754,0.0,
2002-06-30,0.026466291334093395,,0.03127170184557748,,-5.8761311552468776e-05,0.021512743217319885,-0.19248826291079812,-0.19248826291079812,-0.19999999999999996,-0.19999999999999996,-0.20439963336388633,0.17441860465116288,0.43324491600353676,-1.5,-0.10746268656716418,0.11761297798377734,0.0,0.0,0.005418924551896742,0.006250000000000089,0.17687701520036847,0.05691056910569103,-0.02572559366754623,0.15281501340482562,0.0,
2002-09-30,0.013061174898244321,,0.009754106723803613,,0.0322618557912675,-0.028973843058350046,-0.2790697674418605,-0.2790697674418605,-0.27083333333333337,-0.27083333333333337,0.7511520737327189,0.0435643564356436,-0.23072177668106109,-4.666666666666666,0.44147157190635444,-0.08190772420943482,0.0,0.0,0.03606965174129351,-0.08695652173913049,-0.21213307240704504,0.05384615384615388,0.018957345971563955,0.016279069767441978,0.0,
2002-12-31,0.0,,0.0,,0.0,0.04807293825113956,-0.532258064516129,-0.532258064516129,-0.5142857142857142,-0.5428571428571428,0.0,0.0,0.0,0.0,0.0,0.06041784302653874,0.0,0.0,0.0,0.0,0.042225534028812683,0.051094890510948954,0.0,-0.1235697940503433,0.0,
2003-03-31,0.030976938628653583,,0.03434512863003447,,0.012353409996584297,0.036114406221167794,4.732758620689655,4.732758620689655,4.588235294117647,4.874999999999999,-0.11184210526315785,-0.33700189753320686,-0.7393744987971131,-1.5454545454545454,-0.09512761020881666,-0.08679446219382336,0.0,0.0,0.010804321728691502,0.0,0.028122020972354722,0.0532407407407407,-0.017940199335548246,0.19060052219321144,0.0,
2003-06-30,0.05572174028650245,,0.05265471596737159,,0.07400326154192216,0.004833990586439407,-0.11578947368421055,-0.11578947368421055,-0.11578947368421055,-0.10638297872340419,0.32000000000000006,0.500858614768174,1.9446153846153846,-2.625,0.30000000000000004,0.05014577259475228,0.0,0.0,0.07442596991290573,-0.027210884353741527,-0.13490959666203062,0.05054945054945059,0.01691474966170503,0.16008771929824572,0.0,
2003-09-30,0.025249106679049893,,0.029205141292747427,,0.01366563694434264,0.02886441321686295,0.1751700680272108,0.1751700680272108,0.16666666666666674,0.15476190476190488,-0.030864197530864224,0.32875667429443167,0.5642633228840126,-3.2222222222222223,-0.5128205128205128,0.034425319267073595,0.0,0.0,0.014001473839351464,-0.04195804195804187,-0.12808145766345125,0.04811715481171541,-0.01131071190951416,0.23818525519848777,0.0,
2003-12-31,0.029786123351399407,,0.02412039458260451,,0.062241735537190035,0.01661129568106312,0.10130246020260492,0.10130246020260492,0.10204081632653073,0.11340206185567014,-0.5182397220613781,-0.5376004592422503,-0.40013360053440217,-1.4576923076923076,0.4817813765182186,0.07139023081052076,-0.3366290018832392,-0.42972972972972967,0.06031976744186052,0.058394160583941535,-0.1567301782421634,0.045908183632734634,0.031628532974427914,0.2839694656488547,-0.21875,
2004-03-31,0.029073668202352687,,0.025401269623251288,,0.049355701434476096,0.005930767368675927,0.2470433639947438,0.2470433639947438,0.25,0.2407407407407407,0.6322115384615385,0.5319677219118559,0.18040089086859679,-1.4201680672268908,-0.13661202185792354,0.12399799599198391,0.05251951738821847,0.07109004739336489,0.05243317340644271,0.0620689655172415,-0.14577259475218662,0.05343511450381677,0.019569471624266255,0.09036860879904896,0.0,
2004-06-30,0.012793207864273182,,0.022865827480208045,,-0.04156626506024097,-0.0008422572494284353,0.08956796628029506,0.08956796628029506,0.0888888888888888,0.09701492537313428,0.13549337260677463,0.29578606158833054,0.5424528301886793,-0.5800000000000001,-0.06645569620253167,0.014709159794963345,0.12744436952124083,0.11946902654867264,-0.028003907521979787,-0.038961038961038974,-0.08191126279863492,0.050724637681159424,-0.05374280230326289,0.13522355507088335,-0.040000000000000036,
2004-09-30,0.05696383611810485,,0.06387408184679955,,0.017163854373156706,0.016618497109826658,-0.9458413926499033,-0.9458413926499033,-0.9319727891156463,-0.9387755102040817,0.2509727626459144,0.07098186366479053,-0.03914373088685019,-4.571428571428571,0.2542372881355932,0.04019327915659998,-0.20155502392344482,-0.20948616600790515,0.02713567839195985,0.07432432432432434,-0.09479553903345717,0.048275862068965614,-0.037187288708586896,-0.19308357348703165,0.0,
2004-12-31,0.013216306201445427,,0.009216153518392778,,0.03731343283582089,0.051764984600805475,19.392857142857142,19.392857142857142,15.499999999999996,17.22222222222222,-0.6687402799377916,-0.5235036496350365,-0.33991088478676,-0.41333333333333333,0.11891891891891881,0.029349662162162282,0.11985018726591745,0.10499999999999998,0.047945205479452024,0.0,0.2577002053388091,0.046052631578947345,0.02387640449438222,0.11547619047619051,0.0,
2005-03-31,0.011627984638503897,,0.017505590217510303,,-0.02281996059203595,-0.019596801441603806,-0.016637478108581405,-0.016637478108581405,0.0060606060606061,0.0,1.1752738654147104,0.2990196078431373,-0.3683702989392478,-2.7045454545454546,-0.1811594202898551,0.07753846153846156,0.05752508361204001,0.03167420814479627,-0.006847183317771677,0.025157232704402288,-0.05551020408163265,0.05031446540880502,-0.03429355281207136,0.042689434364994616,-0.04166666666666663,
2005-06-30,0.022955646811825714,,0.019040886423187242,,0.04684642438452524,0.009879379666858146,0.02315227070347281,0.02315227070347281,0.03614457831325302,0.04268292682926833,0.2791366906474819,-0.12216981132075466,-0.833587786259542,-1.3466666666666667,0.07669616519174038,0.07766990291262132,0.01454775458570512,0.00877192982456143,0.06518332811031025,0.08588957055214741,0.01123595505617958,0.04790419161676662,0.0234375,0.020470829068577334,0.0,
2005-09-30,0.007667335729913516,,0.03086284770658798,,-0.1301290091381473,0.017176657945626284,-2.3472584856396868,-2.3472584856396868,-2.3720930232558137,-2.3801169590643276,0.18166479190101237,-0.8855454056958625,-17.926605504587155,0.6538461538461537,0.11780821917808226,-0.0008832361773537523,-0.4519950124688279,-0.4695652173913043,-0.11915269196822598,-0.062146892655367325,-0.048717948717948545,0.04571428571428582,-0.13671061762664827,-0.47041123370110327,0.0,
2005-12-31,-0.0003778877993479979,,-0.006041898297150183,,0.03949739945414277,0.0003354954148959699,-1.6724806201550386,-1.6724806201550386,-1.6822033898305087,-1.6652542372881358,-0.8400761542122799,3.492957746478873,-1.2850948509485094,-3.2093023255813953,-0.2328431372549019,-0.03182461103253187,-0.03526734926052333,-0.06557377049180335,0.045424181696726684,0.10240963855421703,0.8706199460916442,0.043715846994535346,0.03938906752411575,-0.05492424242424243,0.0,
2006-03-31,0.00470936490850371,,0.0027670253006195633,,0.01778460319032993,0.015204024594745569,0.3592699327569644,0.3592699327569644,0.3664596273291927,0.394904458598726,1.5327380952380953,-0.7795193312434692,-2.159695817490494,-1.3157894736842106,0.09584664536741205,-0.029218407596785956,0.17688679245283012,0.1578947368421053,0.03322683706070295,-0.0710382513661203,-0.0024015369836696276,0.0458115183246075,0.013147718484145532,0.15230460921843703,0.0,
2006-06-30,0.001830275434132389,,0.0016659083236705285,,0.0029204185933318083,-0.02268472635172336,-0.14699646643109543,-0.14699646643109543,-0.13181818181818195,-0.136986301369863,0.42890716803760287,6.990521327014218,-1.9721311475409835,3.0999999999999996,0.3586005830903789,0.015613243039879654,0.05010020040080154,0.022727272727272707,0.012059369202226167,-0.01764705882352946,-0.16417910447761197,0.04380475594493105,0.0015267175572519776,0.02608695652173898,0.0,
2006-09-30,0.020560938037098797,,0.011978987317659229,,0.0774083960203833,-0.015436619718309896,-0.04059652029826011,-0.04059652029826011,-0.036649214659685736,-0.03174603174603163,0.29769736842105265,-0.36536180308422306,-2.0910623946037097,-2.130081300813008,-0.29828326180257514,0.08446008520096315,1.2022900763358777,1.2666666666666666,0.08524289642529803,0.07185628742514982,0.025345622119815836,0.04196642685851315,0.055640243902439046,1.2932203389830512,0.0,
2006-12-31,-0.01727751303610192,,-0.01749152935043874,,-0.015945945945945894,0.041657129777981305,0.04749568221070821,0.04749568221070821,0.05434782608695654,0.05464480874316924,-0.10646387832699622,-1.9794392523364486,2.6197836166924264,-1.8345323741007196,0.35474006116207946,0.08283518360375752,0.015597920277296229,0.03267973856209161,-0.005912162162162171,-0.005586592178770999,-0.5235955056179775,0.04027617951668572,0.0014440433212994375,0.03104212860310418,0.0,
2007-03-31,0.01608972161925437,,0.013926960827659318,,0.029524855808843675,0.02515930564711044,0.2324814509480626,0.2324814509480626,0.24742268041237114,0.24870466321243545,0.08368794326241136,-1.5572519083969465,-0.6088812980358668,-0.7586206896551724,0.06320541760722342,-0.021135646687697074,-0.006399317406143301,0.012658227848101111,0.04871141319739447,-0.011235955056179803,-0.0660377358490567,0.042035398230088505,0.012977649603460817,0.008602150537634357,0.0,
2007-06-30,0.0027984433658776453,,0.010021947993430036,,-0.04139433551198257,0.013289036544850585,-0.06153846153846154,-0.06153846153846154,-0.037190082644628086,-0.045643153526971125,-0.30235602094240843,-0.06506849315068497,-0.33842794759825323,-4.071428571428571,-0.18259023354564752,-0.007573316145665476,0.02705023615285529,0.03125,-0.004860923575479292,-0.05681818181818188,-0.03535353535353536,0.04033970276008492,-0.044128113879003616,0.02274342572850041,0.0,
2007-09-30,-0.007250664955742336,,-0.00890794879728296,,0.003432282003710485,-0.048968799576943445,-0.3029223093371347,-0.3029223093371347,-0.2703862660944206,-0.26086956521739124,0.4296435272045027,-1.3864468864468864,1.9917491749174916,-0.09302325581395354,-0.20259740259740255,-0.08507874654976455,-0.027591973244147083,-0.03333333333333344,0.028765264586160022,-0.07831325301204817,-0.12958115183246066,0.03877551020408143,0.010424422933730249,-0.04100069492703262,0.0,
2007-12-31,-0.018604155032533765,,-0.0231016632907165,,0.010030507534436461,-0.00011120996441282838,-0.2229038854805726,-0.2229038854805726,-0.22352941176470587,-0.23529411764705876,-0.13713910761154857,2.81042654028436,0.10535024820739114,-2.4743589743589745,0.37459283387622144,-0.04063886424134866,-0.08942390369733455,-0.0877742946708463,0.028488525455025115,-0.06535947712418311,-0.025563909774436122,0.037328094302554016,0.029476787030213725,-0.08623188405797122,0.0,
2008-03-31,-0.026840059332003507,,-0.019694255965873153,,-0.07084343965951212,-0.10054498943387835,-0.5421052631578948,-0.5421052631578948,-0.5303030303030303,-0.5230769230769231,-0.14828897338403046,-0.8631840796019901,-0.36027944111776444,-1.4521739130434783,-0.12322274881516593,-0.09859415464298937,-0.2280453257790368,-0.2371134020618556,-0.05462939215183382,-0.12587412587412583,-0.024691358024691357,0.03882575757575757,-0.04509663564781674,-0.2212529738302934,0.0,
2008-06-30,-0.009046711779777894,,-0.005936000363892746,,-0.02925676008471656,-0.08272536169160383,-0.9281609195402298,-0.9281609195402298,-0.9193548387096774,-0.9193548387096774,0.05267857142857135,-5.463636363636364,-0.7581903276131046,-8.26923076923077,1.0216216216216214,0.002052123948286466,-0.381651376146789,-0.3873873873873874,-0.012479652740097658,0.05600000000000005,0.3053797468354429,0.037374658158614515,-0.020239880059969906,-0.3584521384928716,-0.0434782608695653,
2008-09-30,-0.04812607320679163,,-0.03422714377230718,,-0.14059566695418335,-0.013211108115394943,-37.92,-37.92,-35.199999999999996,-35.199999999999996,0.0661577608142494,-6.089613034623218,12.383870967741936,-2.0396825396825395,-0.5254010695187166,-0.08478394429653902,-0.8941641938674579,-0.8970588235294118,-0.13186813186813184,-0.06818181818181823,0.4763636363636363,0.03602811950790841,-0.0971690895179802,-0.8952380952380953,-0.045454545454545525,
2008-12-31,-0.061125273378188294,,-0.03536908935847627,,-0.2536899279726059,-0.10259562841530057,0.22318526543878647,0.22318526543878647,0.22807017543859653,0.22807017543859653,-0.7183770883054892,-0.33173269307723086,-0.5266329235960472,-1.1526717557251909,0.16901408450704225,-0.27590064891474597,-10.018691588785048,-9.285714285714285,-0.2537974683544305,-0.1707317073170731,9.218390804597702,0.034775233248515613,-0.20508474576271185,0.0,-0.04761904761904756,
2009-03-31,-0.032841733556877695,,-0.03321135915256601,,-0.031563958547583315,0.200030446034404,-0.7573073516386183,-0.7573073516386183,-0.7571428571428571,-0.7571428571428571,3.2994350282485874,-0.19221556886227542,0.24694501018329928,6.033333333333333,1.016867469879518,-0.26977750309023485,0.550259067357513,0.413793103448276,-0.03223070398642913,-0.019607843137254943,0.0,0.016393442622950838,0.0010660980810235365,0.0,0.04999999999999982,
2009-06-30,0.020863535602242855,,-0.0009060118543606777,,0.23084463322986437,0.0770011416973233,-2.4197080291970803,-2.4197080291970803,-2.411764705882353,-2.411764705882353,-0.3692509855453351,-0.23424759080800595,-0.11678236014699872,-1.4028436018957346,-0.2031063321385902,-0.0004231908590773825,-0.08957219251336912,-0.128048780487805,0.2309377738825591,0.040000000000000036,0.0,0.016129032258064502,0.20553780617678385,0.0,0.04761904761904767,
2009-09-30,0.018130452096685623,,-0.00019492681769262,,0.16173347491372447,-0.10694935217903412,-0.4318766066838047,-0.4318766066838047,-0.4305555555555556,-0.4305555555555556,0.07604166666666656,-0.9235237173281704,-0.5136384650947758,-1.3529411764705883,0.08995502248875553,0.15495342929720568,-0.5947136563876652,-0.5874125874125875,0.16162335350658608,-0.0673076923076924,0.0,0.01587301587301604,0.1413427561837457,0.0,0.045454545454545414,
2009-12-31,-0.021047349155744466,,-0.01728405526828858,,-0.04644387317909171,0.06278026905829592,1.3438914027149322,1.3438914027149322,1.3414634146341462,1.3414634146341462,-0.2391093901258471,11.39240506329114,0.7870722433460076,-2.916666666666667,-0.1581843191196699,0.09530791788856297,-2.005434782608696,-2.084745762711864,-0.04658289917254066,-0.05154639175257725,0.0,0.015625,-0.026315789473684292,3.045454545454546,0.04347826086956519,
2010-03-31,-0.0020052468112052857,,-0.009773054661824654,,0.052000958543014564,-0.03834698436336559,-0.7683397683397684,-0.7683397683397684,-0.7708333333333333,-0.7708333333333333,0.22646310432569972,-0.01634320735444328,-0.02393617021276595,-1.8,0.15032679738562083,0.014056224899598346,0.34594594594594597,0.46875,0.049501767920282935,0.05434782608695654,-0.8458942632170978,0.01538461538461533,0.05405405405405417,0.46441947565543074,0.0,
2010-06-30,-0.011904582055504376,,-0.01790100872837508,,0.027277904328018243,-0.01200154858691449,0.20833333333333326,0.20833333333333326,0.2272727272727273,0.2272727272727273,0.17219917012448138,-0.1796469366562824,0.04250681198910078,-0.9239130434782609,0.009943181818181879,0.05478547854785476,-0.23025435073627842,-0.19148936170212771,0.026952526799387533,0.010309278350515427,-0.278415015641293,0.015151515151515138,0.039969834087481226,-0.17391304347826086,-0.04166666666666663,
2010-09-30,0.01317942053359844,,0.004337298102764731,,0.06846277509839793,0.03291536050156729,1.5310344827586206,1.5310344827586206,1.5185185185185186,1.5185185185185186,-0.1778761061946903,-1.1037974683544305,-0.446941975953999,-31.142857142857142,-0.2967651195499297,-0.07352941176470595,0.1182608695652172,0.14473684210526305,0.06799880703847294,-0.10204081632653061,0.1502890173410405,0.014925373134328401,0.05438723712835403,0.13622291021671828,0.04347826086956519,
2010-12-31,-0.012525087901972376,,-0.012381658895011971,,-0.013385908477742015,0.022635306019221035,-0.19346049046321523,-0.19346049046321523,-0.19117647058823528,-0.20588235294117652,-0.2831001076426265,-9.060975609756097,0.19565217391304346,-1.2938388625592416,0.12400000000000011,0.05167173252279644,-0.21928460342146183,-0.19540229885057459,0.002234012845573785,-0.011363636363636354,-0.08165829145728642,0.014705882352941346,-0.0006877579092158248,-0.19346049046321534,0.0,
2011-03-31,-0.0034307807509512678,,-0.0066708396673522685,,0.015565839293226746,0.0009892419933226204,0.7533783783783783,0.7533783783783783,0.7818181818181817,0.7962962962962961,0.09009009009009006,0.9440242057488653,0.5272727272727273,0.27419354838709675,0.14056939501779353,0.012202954399486154,0.3984063745019919,0.44285714285714284,0.02897743103928674,0.011494252873563315,0.26060191518467857,0.01521739130434785,0.019270474879559574,0.41216216216216206,0.0,
2011-06-30,-0.01074947287713246,,-0.007687875841705383,,-0.028376139188069582,-0.001729462631253842,-2.1946050096339116,-2.1946050096339116,-2.2142857142857144,-2.2268041237113403,-0.2644628099173554,0.3463035019455254,0.14492753623188404,-0.3417721518987342,0.08112324492979717,0.010152284263959421,-0.5811965811965811,-0.5742574257425743,-0.016517736257784965,-0.022727272727272707,-0.2978838849701574,0.014989293361884481,-0.0182309250506415,-0.5813397129186602,0.04166666666666674,
2011-09-30,-0.015997147795354327,,-0.01270071668329853,,-0.03538691110637393,0.01992327682217554,-1.2661290322580645,-1.2661290322580645,-1.26890756302521,-1.26890756302521,-0.2303370786516854,0.034682080924855585,-0.15551537070524413,5.403846153846154,0.48051948051948057,-0.16331658291457285,-0.34693877551020413,-0.34883720930232553,-0.013766519823788514,-0.15116279069767447,1.0587326120556417,0.014767932489451407,-0.019257221458046758,-0.36571428571428577,0.0,
2011-12-31,-0.010995675769342905,,-0.0180924377469448,,0.03171270718232044,-0.0007279786459597481,3.3878787878787877,3.3878787878787877,3.375,3.375,-0.3722627737226277,-0.24245810055865924,-0.0021413276231263545,-1.7507507507507507,-0.24366471734892792,-0.05555555555555558,1.1927083333333335,1.2142857142857144,0.04634282523729749,-0.04109589041095896,0.4756006006006006,0.01455301455301461,0.042776998597475524,1.1711711711711712,0.040000000000000036,
2012-03-31,0.002946727937370053,,-0.0012913972356612957,,0.02720359858626975,0.01529868868382711,0.058011049723756924,0.058011049723756924,0.10000000000000009,0.09285714285714297,2.127906976744186,-0.9417404129793511,-0.4179184549356223,-0.20399999999999996,-0.25644329896907214,0.19872813990461058,0.31591448931116384,0.3225806451612905,0.04162219850586979,0.14285714285714302,-0.4884253370643603,0.015027322404371546,0.024209818426361718,0.3029045643153525,0.0,
2012-06-30,-0.0031604106945757326,,-0.0062123441057690965,,0.015274736732353356,-0.010045443673762255,-0.4477806788511749,-0.4477806788511749,-0.4415584415584416,-0.43790849673202614,0.19826517967781898,2.4556962025316458,0.1483870967741936,-0.9698492462311558,-0.010398613518197597,0.11206896551724133,0.989169675090253,1.0121951219512195,0.0286885245901638,0.07499999999999996,-0.1904525111884634,0.014804845222072816,0.018384766907419525,0.9968152866242042,0.0,
2012-09-30,0.011574461305611905,,0.0008580049028852343,,0.06993581514762526,-0.0181203189176129,0.7092198581560283,0.7092198581560283,0.7325581395348837,0.7209302325581395,-0.1271975180972078,-0.46886446886446886,-0.2632423756019262,-12.833333333333334,0.12434325744308228,0.10405485986881335,0.22413793103448265,0.2666666666666666,0.07694223107569731,0.06976744186046524,-0.44656019656019663,0.01458885941644561,0.05802707930367501,0.27432216905901097,0.0,
2012-12-31,-0.0003228651526128168,,0.0020348371659240083,,-0.012333829246052641,0.05155019685039375,-0.4550484094052559,-0.4550484094052559,-0.4563758389261745,-0.45945945945945943,-0.4834123222748815,6.475862068965517,0.47712418300653603,1.3098591549295775,0.25545171339563866,0.09019713745611657,-0.14603409933283906,-0.12440191387559796,-0.003468208092485492,0.010869565217391353,-0.14983351831298553,0.01437908496732021,-0.01218769043266299,-0.1339173967459324,0.0,
2013-03-31,-0.0026388965473780335,,-0.003516128122443951,,0.0018950437317784008,-0.009828009828009798,0.7994923857868019,0.7994923857868019,0.8395061728395061,0.8374999999999999,0.6972477064220184,-0.8745387453874539,-0.36430678466076694,-0.9146341463414634,0.017369727047146455,0.11196432994798133,-0.04166666666666663,-0.02732240437158473,0.02088167053364276,0.11827956989247301,0.2545691906005221,0.016108247422680355,0.004935225169648394,-0.027456647398843903,0.0,
2013-06-30,-0.040533282785202074,,-0.04134235279688281,,-0.03637421795431395,0.038284296348812585,-0.38787023977433,-0.38787023977433,-0.37583892617449666,-0.37414965986394555,0.09864864864864864,17.5,3.077726218097448,-14.285714285714286,-0.2268292682926829,0.07239919803965256,0.0027173913043478937,0.011235955056179803,-0.0393181818181817,0.04807692307692313,0.08636836628511957,0.01585288522511097,-0.009821976672805377,-0.010401188707280684,0.03846153846153855,
2013-09-30,0.006626605202502578,,-0.0010431941423664215,,0.04585031959333641,-0.03664504381472633,-0.27188940092165903,-0.2857142857142857,-0.27956989247311825,-0.28260869565217395,0.8671586715867159,-1.1665341812400636,-0.8147937411095306,-3.4086021505376345,0.6861198738170347,0.04175321977565427,-0.1752484191508582,-0.17222222222222217,0.047078306127276814,0.09174311926605494,0.028735632183908066,0.015605493133582948,0.020458772473651576,-0.19069069069069067,0.03703703703703698,
2013-12-31,0.010099358056997909,,0.0052706763213634655,,0.03368623676612126,0.0386296515062019,1.5981012658227849,1.6483870967741936,1.671641791044776,1.6818181818181817,-0.22859025032938074,0.5584725536992841,0.4208909370199694,-1.9084821428571428,-0.36856875584658555,0.04745762711864421,0.22891566265060237,0.24161073825503343,0.04609127880704933,0.0,0.27001862197392934,0.01536570374923163,0.018226002430133725,0.22263450834879395,0.0,
2014-03-31,0.006241904145077637,,0.0014308114464915977,,0.029096834264431992,-0.01228389444949951,-0.26918392204628505,-0.2850182704019488,-0.2681564245810055,-0.2655367231638418,-0.5952177625960717,-3.107197549770291,0.20324324324324317,-2.2162162162162162,0.7333333333333334,0.007233961545783263,-0.053475935828876886,-0.043243243243243135,0.025269978401727844,-0.04201680672268915,-0.1950146627565983,0.016949152542373058,-0.011336515513126533,-0.05918057663125953,0.0,
2014-06-30,-0.11310553459220696,,-0.14507858219325542,,0.0346980321194299,0.020267157991708862,0.07499999999999996,0.04599659284497437,0.07633587786259532,0.0692307692307692,0.5337552742616034,-1.2579941860465116,-0.19586702605570527,-2.0565656565656565,-0.2401709401709402,0.08202608202608208,0.064030131826742,0.1186440677966103,0.026753739203707605,0.06140350877192979,0.12112932604735893,0.016666666666666607,0.15630657815328908,0.08064516129032273,0.03571428571428559,
2014-09-30,-0.017444866782179602,,-0.01579652247570429,,-0.023740818467995806,0.008577878103837477,0.21085271317829468,0.22149837133550498,0.25531914893617036,0.2517985611510791,0.876203576341128,-3.712676056338028,1.6044692737430166,-0.9923518164435946,-0.004499437570303688,0.041222707423580696,0.18230088495575214,0.23232323232323226,0.006770619614279827,0.008264462809917328,-0.05442729488220954,0.016393442622950838,-0.008350730688935215,0.17313432835820897,0.034482758620689724,
2014-12-31,0.002058904994922006,,0.0028843581721542666,,-0.0011196202248197062,-0.01980752014324083,0.055057618437900135,0.06000000000000005,0.0734463276836157,0.06896551724137945,-0.5080645161290323,-1.3769470404984423,-0.7700557700557701,56.0,-0.25762711864406784,0.09729911088743504,-0.008233532934131649,0.03688524590163933,0.006113715100876327,0.0901639344262295,-0.0936426116838488,0.016129032258064502,-0.0031578947368420263,-0.008905852417302906,0.03333333333333344,
2015-03-31,-0.004321266342955599,,-0.0039893771237055065,,-0.005604375896700153,0.02203447882178322,-0.17839805825242716,-0.18490566037735845,-0.17894736842105252,-0.17741935483870974,-0.15648286140089418,-3.955922865013774,1.5746268656716418,-2.135964912280702,0.39421613394216126,0.0798043112673903,0.02490566037735853,0.06324110671936767,0.011950577273648122,0.07518796992481191,0.06445497630331753,0.017006802721088565,-0.0015839493136220462,0.015404364569961526,0.06451612903225823,
2015-06-30,-0.008763325436778158,,-0.0007684694649822132,,-0.03972225979530186,0.0033512064343164116,-0.47562776957163955,-0.49691358024691357,-0.4871794871794871,-0.4836601307189542,0.3021201413427561,-1.0177073625349486,-0.39927536231884053,-1.4285714285714286,-0.12117903930131002,-0.029307659634716043,-0.08541973490427102,-0.09293680297397766,-0.022618094475580497,-0.04195804195804187,-0.06322350845948355,0.01672240802675562,-0.03490216816499203,-0.10619469026548678,0.0,
2015-09-30,-0.011837523455660581,,-0.005523252426618774,,-0.03728049582120385,0.005121353818748675,0.8309859154929577,0.9049079754601228,0.95,0.9493670886075949,0.8765264586160109,-3.1578947368421053,0.5971049457177322,-1.900900900900901,0.12422360248447206,-0.09859976662777137,-0.02898550724637683,-0.04508196721311475,-0.008191685439279062,-0.07299270072992703,-0.0076045627376425395,0.016447368421052655,-0.02904109589041093,-0.05374823196605372,0.0,
2015-12-31,-0.011270772515564631,,-0.00836604370496219,,-0.023361295357003486,-0.037328311918475854,-0.24769230769230766,-0.2592592592592593,-0.23076923076923084,-0.2272727272727273,-0.3275488069414316,-9.609756097560975,-0.2545317220543807,-5.1,-0.4530386740331491,-0.015695792880258908,-0.11525704809286896,-0.12446351931330468,-0.0022713194301052786,-0.007874015748031482,0.01819923371647514,0.016181229773462924,-0.014108352144469594,-0.13901345291479827,0.030303030303030276,
2016-03-31,0.012335652040972311,,0.01153241719937137,,0.01573033707865168,0.02071108042802905,-0.49693251533742333,-0.5282608695652173,-0.525,-0.5210084033613446,-0.23225806451612907,-1.271954674220963,-0.21580547112462,-1.0878048780487806,0.07272727272727275,0.018905145487423836,-0.20899718837863168,-0.196078431372549,0.1243791390728477,0.015873015873015817,0.15428033866415802,0.017515923566879144,0.09902690326273622,-0.2065972222222222,0.0,
2016-06-30,0.01261951730582278,,0.013129767425561045,,0.010471976401180028,0.03302897080374256,0.10162601626016254,0.11520737327188946,0.14035087719298267,0.12280701754385981,-0.0980392156862745,-0.16666666666666663,0.04521963824289399,-3.361111111111111,-0.160075329566855,0.08357534688609225,-0.06398104265402849,-0.0487804878048782,0.018406037180195067,-0.03125,0.33822330888345586,0.01721439749608744,-0.002083333333333437,-0.05689277899343537,0.0,
2016-09-30,0.011679281160284827,,0.010054075244145588,,0.018537439789811705,0.006219991270187686,0.9188191881918819,1.0289256198347108,1.0307692307692307,1.046875,1.1490683229813663,-11.425,-0.24969097651421512,-0.3294117647058824,-0.12780269058295968,0.02456819535437771,-0.1088607594936708,-0.08333333333333326,0.027471534429784894,0.0,0.06333739342265532,0.01692307692307682,0.006784968684759862,-0.09048723897911837,0.0,
2016-12-31,0.0006725817002497525,,0.004954168236247725,,-0.01724467373650518,0.006181542132089879,0.6153846153846154,0.6517311608961303,0.6666666666666667,0.6564885496183206,-0.09609826589595372,1.239808153477218,-2.0939044481054365,-1.8245614035087718,0.12082262210796912,0.026885627089085817,0.24005681818181812,0.21678321678321666,-0.09305189094107302,0.0,0.09106529209621983,0.016641452344932084,-0.10160705028512174,0.22959183673469385,0.0,
2017-03-31,0.015035447932971291,,0.011904085782114437,,0.02843532785689984,0.016813968527700007,-0.17261904761904767,-0.17879161528976573,-0.17272727272727273,-0.1751152073732718,-0.3149480415667466,-0.8501070663811563,-1.8599397590361446,-0.8723404255319149,0.013761467889908285,0.10472686102462503,0.270332187857961,0.2298850574712643,0.03277734678044997,0.217741935483871,-0.12650918635170605,0.01835317460317465,0.016156953260242357,0.2365145228215768,0.0,
2017-06-30,0.005642081583411285,,0.0031318403771678494,,0.016211362132526608,0.01621793512825942,-0.16690647482014387,-0.17417417417417413,-0.1703296703296704,-0.16759776536312854,-0.42707117852975496,-2.2035714285714283,0.3800350262697023,5.666666666666667,0.09049773755656099,0.08775301050473994,0.15058611361587015,0.12149532710280386,0.026666666666666616,0.052980132450331174,-0.13641826923076927,0.018022406234778243,0.011925042589437718,0.12583892617449677,0.0,
2017-09-30,0.02495828259595001,,0.024047714963520095,,0.028742849169806073,0.007614477938875597,0.15025906735751304,0.1581818181818182,0.16556291390728473,0.16778523489932895,2.8004073319755602,-4.344213649851632,-0.32614213197969544,4.2,0.4315352697095436,0.06489223884112594,0.06583072100313503,0.04583333333333339,0.03859520760929214,0.037735849056603765,-0.06889352818371597,0.017703349282296665,0.006172839506172867,0.046199701937406745,0.0,
2017-12-31,-0.010648408898901729,,-0.01794280594013964,,0.019530720195307216,0.018944099378882084,0.8753753753753755,0.9152276295133439,0.9431818181818181,0.9310344827586206,-0.41050375133976424,-0.8757763975155279,0.9453860640301319,-1.3509615384615383,-0.10579710144927534,0.08372041583720402,0.125,0.1354581673306774,0.033814723494188126,0.048484848484848575,0.0186846038863977,0.0173953925716972,0.03234802007808146,0.1367521367521367,0.0,
2018-03-31,0.007712013662806161,,0.0015689154454718857,,0.03219369429293595,-0.007416438077821774,-0.21937550040032028,-0.2245901639344262,-0.2192982456140351,-0.21726190476190477,-0.4309090909090909,7.935714285714285,-1.4433688286544046,1.2876712328767121,-0.27066450567260936,-0.016124094295336233,0.06993464052287601,0.08070175438596494,0.016524701873935177,-0.052023121387283267,-0.1562729273661042,0.021256931608133023,0.0,0.081453634085213,0.02941176470588225,
2018-06-30,0.0007061585855643315,,0.002610763009376571,,-0.006658933711388926,0.033674513817809615,-0.30666666666666664,-0.32663847780126853,-0.31835205992509363,-0.3155893536121672,1.3386581469648564,-0.9520383693045563,-3.980349344978166,-1.2335329341317365,0.08666666666666667,-0.017425578259516517,0.012828344532681779,0.022727272727272707,0.007709066532596065,-0.030487804878048697,-0.1069565217391305,0.020814479638008976,-0.008103727714748654,0.01274623406720754,0.0,
2018-09-30,0.009888064638481353,,0.006759227453544181,,0.02210016434564488,0.03624121200118813,0.2869822485207101,0.3076923076923077,0.32417582417582413,0.31666666666666665,0.180327868852459,18.083333333333332,-0.5516483516483517,-1.7435897435897436,-0.059304703476482645,0.022168267708223333,0.04523522316043427,0.053968253968254,0.029935140528854154,0.012578616352201255,-0.01071080817916259,0.020390070921985748,0.014705882352941124,0.035469107551487244,0.0,
2018-12-31,-0.01957376190060267,,0.0008805045290951607,,-0.09821012990310163,-0.09402771141901578,-1.3091954022988506,-1.3745498199279713,-1.3775933609958506,-1.3839662447257384,-0.21469907407407407,-1.6436681222707423,2.357843137254902,-2.344827586206897,0.08478260869565224,-0.08313539192399044,-0.41142527409117147,-0.4006024096385542,-0.0571613111577588,-0.11180124223602494,-0.13976377952755903,0.019982623805386623,-0.0730005367686527,-0.4165745856353591,0.0,
2019-03-31,0.031937923723151185,,0.016264006949866294,,0.09881756756756754,0.15916042611538872,-5.802973977695167,-5.141025641025641,-5.164835164835165,-5.10989010989011,-0.47383935151068535,-1.3568521031207599,-0.8058394160583942,0.33333333333333326,0.10420841683366744,-0.009799504392881353,0.15686274509803932,0.1306532663316582,0.10481246788833709,0.05594405594405605,0.7082379862700228,0.021294718909710353,0.07411696583671112,0.13068181818181834,0.028571428571428692,
2019-06-30,0.021927931350035346,,0.016036184210526327,,0.0451789221966008,0.014012738853503182,-0.34133126934984526,-0.34133126934984526,-0.3482849604221635,-0.3475935828877006,0.8879551820728291,2.3422053231939164,0.05513784461152893,-0.07692307692307687,0.08711433756805809,0.12353543396655664,0.06525423728813573,0.05777777777777793,0.06169586110680503,0.013245033112582849,-0.05492297387809786,0.020850708924103456,0.02695417789757415,0.06030150753768826,0.0277777777777779,
