Quarter end,Assets,Current Assets,Liabilities,Current Liabilities,Shareholders equity,Revenue,Earnings,Earnings available for common stockholders,EPS basic,EPS diluted,Cash from operating activities,Cash from investing activities,Cash from financing activities,Cash change during period,Cash at end of period,Price,ROE,ROA,Book value of equity per share,P/B ratio,P/E ratio,Cumulative dividends per share,Equity to assets ratio,Net margin,Asset turnover,Current ratio
1994-12-31,0.14103571128005155,0.15714269603365238,0.23731271145480903,0.23731271145480903,0.10699979116435365,0.2282443561928622,0.30039080612042124,0.30039080612042124,-0.35820895522388063,-0.21212121212121215,-0.1918549658434051,47.55789473684211,123.58255107675318,-1.2208654941161585,0.37959605177838074,0.4377880184331797,0.04579780755176621,-0.0643500643500644,0.10869565217391308,0.31858407079646,-0.3002496878901373,inf,-0.02977801840822958,0.029126213592232997,-0.06329113924050633,-0.0647955647955647
1995-03-31,0.14103571128005155,0.15714269603365238,0.23731271145480903,0.23731271145480903,0.10699979116435365,0.2282443561928622,0.30039080612042124,0.30039080612042124,-0.35820895522388063,-0.21212121212121215,-0.1918549658434051,47.55789473684211,123.58255107675318,-1.2208654941161585,0.37959605177838074,0.4377880184331797,0.04579780755176621,-0.0643500643500644,0.10869565217391308,0.31858407079646,-0.3002496878901373,inf,-0.02977801840822958,0.029126213592232997,-0.06329113924050633,-0.0647955647955647
1995-06-30,1.0645162612119798,1.1234735149359194,3.463049768518519,0.13550347222222214,0.11676870923299432,0.2282443561928622,0.30039080612042124,0.30039080612042124,-0.35820895522388063,-0.21212121212121215,-0.1918549658434051,47.55789473684211,123.58255107675318,-1.2208654941161585,-0.06077117242579855,0.46153846153846145,0.04579780755176621,-0.0643500643500644,0.0980392156862746,0.31858407079646,-0.3002496878901373,inf,-0.4591238839285714,0.029126213592232997,-0.06329113924050633,0.870052881538617
1995-09-30,0.11781144373500263,0.0931985184437234,0.10892552660412469,0.24465509772443483,0.13184338095652492,0.1835186893072207,0.20868989405052973,0.20868989405052973,0.2093023255813955,-0.21212121212121215,0.5317640938942714,-0.9134439586239054,-0.9910158275677137,-2.2666857633915782,0.08195870556399898,0.5548245614035088,0.04579780755176621,-0.0643500643500644,0.1428571428571428,0.41610738255033564,-0.3002496878901373,inf,0.012638638122259627,0.029126213592232997,-0.06329113924050633,-0.12168587896253602
1995-12-31,0.27052168246634833,0.08740474840984946,0.34575021631860814,0.7583019408729834,0.1541321248795844,0.14885541671632496,0.19739559189177802,0.19739559189177802,0.1923076923076923,-0.21212121212121215,0.09755062189582708,-0.5043474151781495,1.7957572767636902,3.756445047489824,0.36030217897766215,-0.01833568406205921,0.04579780755176621,-0.0643500643500644,0.140625,-0.14060031595576616,-0.3002496878901373,inf,-0.0916963830871117,0.029126213592232997,-0.06329113924050633,-0.3815519645640226
1996-03-31,0.02760378671630659,0.03113278391990848,-0.032713173242970295,0.19759555206241086,0.1364165383304139,0.0940183216827859,0.10653574068208216,0.10653574068208216,0.09677419354838723,-0.21212121212121215,0.7955134403403596,-3.8977976928210505,-10.484383271572261,0.096847810583369,0.2905212255537786,0.09626436781609193,0.04579780755176621,-0.0643500643500644,0.1369863013698629,-0.03952205882352955,-0.3002496878901373,inf,0.10600112170499165,0.029126213592232997,-0.06329113924050633,-0.13900126003050606
1996-06-30,0.036724846526480226,-0.10207363695252503,0.003280897362481827,-0.21924114630174274,0.08807900662411505,-0.15173817269398537,-0.22821246819338425,-0.22821246819338425,-0.22058823529411764,-0.21212121212121215,-1.1693126252073325,-0.7312057904260569,-1.0237776289350302,-0.9311660164716081,0.015495857687916503,-0.1808650065530799,-0.07104588865595163,-0.0643500643500644,0.08433734939759052,-0.27942583732057413,-0.3002496878901373,inf,0.04944219066937117,-0.006738544474393482,-0.05405405405405406,0.15008087499037193
1996-09-30,0.0016909131455706827,-0.0084338831516243,-0.04888688933356611,0.21368442025827172,0.07330198007250965,0.003723289909282501,-0.006058108386565064,-0.006058108386565064,0.0,0.0,-1.7695928753180663,-6.170501835985312,-1.7730829420970267,-24.41435768261965,-0.35728905416702705,-0.1664,-0.09478435305917754,-0.0643500643500644,0.07777777777777772,-0.2310756972111554,-0.19848349687778777,inf,0.07151485866151241,-0.011759384893713198,-0.042857142857142705,-0.18303586377791914
1996-12-31,0.01913700777502325,-0.005427194428556992,-0.03990821909748776,-0.08699756316532004,0.09321943816177214,0.08958433280789535,0.21535782403184345,0.21535782403184345,-0.39622641509433965,-0.42307692307692313,7.8659282526037355,0.23064176313235318,-3.2864372469635628,-1.1049701468452477,0.05835389100695232,0.5297504798464492,-0.08005540166204983,-0.012379642365887178,0.08247422680412386,0.4196891191709846,0.5292153589315527,inf,0.07282976324689971,0.004576659038901587,-0.02985074626865669,0.08935524859613886
1997-03-31,0.12289710258901176,0.1647487140238526,0.1265249395171668,0.2900425359757708,0.11889964753068916,0.11993552698824539,0.1618449781659388,0.1618449781659388,0.15625,0.16666666666666674,0.7898191310833489,1.1103181625822338,3.4116865869853914,-1.9615680245964642,-0.05301746058654011,0.31744040150564623,-0.06443842216199946,-0.020194986072423537,0.12380952380952381,0.21654501216544997,0.3289665211062591,inf,-0.003572929802437952,0.012756264236902126,-0.03076923076923077,-0.09711404597960649
1997-06-30,0.04715443805129471,0.052451303386572334,-0.01324455758999965,-0.02651305616656141,0.11416067415459108,0.15217742331805195,0.16657857646229735,0.16657857646229735,0.1351351351351351,0.14285714285714302,-0.7024211359753303,-0.6655090377095354,-0.24101946618502912,-0.8486544098054889,-0.008473185649287673,0.14380952380952383,0.03347280334728042,0.08599857853589188,0.10169491525423746,0.018000000000000016,0.12431544359255198,inf,0.06391056739084577,0.039586144849302674,0.04761904761904767,0.08109684947491247
1997-09-30,0.07143700180753565,0.08532839375861268,0.033188679994178516,0.06734288450008497,0.10901724586185968,-0.012119550315327632,-0.023106546854942178,-0.023106546854942178,-0.023809523809523836,0.0,0.6952457638986136,0.0659199912797035,0.5212850343733475,-37.646126760563384,0.3131629229542481,0.18984179850124883,0.0056057303020866645,0.04712041884816753,0.10769230769230753,0.0795677799607073,0.06259132976132498,inf,0.03509119746233158,0.03072263089571603,0.015151515151515138,0.016883817747282315
1997-12-31,-0.028466168312378137,-0.020784037655673715,-0.11251331237501305,-0.22099442881755949,0.0484666268134204,0.0018997569791396884,-0.46260080904898093,-0.46260080904898093,-0.29268292682926833,-0.45000000000000007,-0.4087313879767879,1.4825258852102774,-0.6565568784218302,-4.099735767475378,-0.7392245823881213,-0.2624212736179147,-0.14091049860637983,-0.10375000000000001,0.04861111111111116,-0.33393994540491356,-0.33348613339445343,inf,0.07910361999616922,-0.11209068010075562,0.014925373134328401,0.25697498104624716
1998-03-31,0.03579669885503467,0.06542335143345857,0.02528911985878879,0.056589051342348595,0.043938086817828736,-0.03212381644237039,0.684566332646114,0.684566332646114,0.3793103448275863,0.6818181818181819,0.785477279871468,-1.0203493161970671,-3.923582995951417,-1.6438523891446195,1.8251394929923994,-0.13377609108159383,-0.06308579668348946,-0.021617852161785134,0.039735099337748325,-0.17349726775956287,-0.08321870701513057,inf,0.007987220447284171,-0.01513002364066185,-0.014705882352941235,0.008383847522542842
1998-06-30,0.00534048235633966,0.02574347007536759,-0.5373017753144739,0.0047008612303727215,0.41827482561916796,0.02073580297170774,0.042151700583463736,0.042151700583463736,0.02499999999999991,0.027027027027026973,0.30234741784037555,-20.190283400809715,1.517050372165484,-1.0102546820085696,-0.006624885308617046,-0.0021905805038336945,-0.15852250865717588,-0.04205274411974347,0.2993630573248407,-0.04132231404958675,-0.01650412603150797,inf,0.4106356752949465,-0.017762842054728778,-0.014925373134328401,0.020934892484373524
1998-09-30,0.03998451431820649,0.07549111471792358,0.026714655041313984,0.026714655041313984,0.04327887502611327,0.023318128567511698,0.09632401136115365,0.09632401136115365,0.0,0.05263157894736836,-0.04187695265561164,-0.11648206751054857,-0.8021800426380579,-58.586854460093896,0.38405059724157375,-0.01207464324917662,-0.10745313214449015,-0.0029761904761903546,0.04411764705882337,-0.23965517241379308,0.0022883295194509046,inf,0.0032455373860940107,0.006842619745845546,-0.015151515151515138,0.047514427161144734
1998-12-31,0.05989759040816489,0.10394005417988716,0.044781277772291794,0.044781277772291794,0.06359076675142705,0.05001887734596688,0.05854071693695051,0.05854071693695051,0.04878048780487809,0.02499999999999991,0.38874082899604945,0.40942602155030894,-1.2181470537111072,0.7373226805804662,0.48207761653225356,0.27,0.03176229508196715,0.12313432835820892,0.05164319248826299,0.217687074829932,0.26978691019786893,inf,0.003483887022520893,0.1451456310679613,-0.015384615384615441,0.056601135378506306
1999-03-31,0.036975993546327635,0.012809977824555174,-0.06301214498369645,-0.06301214498369645,0.06097280205416444,0.08100004639510061,0.10547619607935421,0.10547619607935421,0.11627906976744184,0.12195121951219523,-0.30550318902748774,-0.8496188055908513,-6.235059760956175,0.12273580478648527,0.36519396469483856,0.28696412948381456,-0.04071499503475662,0.03920265780730903,0.05357142857142838,0.22346368715083798,0.1303566077314955,inf,0.023062616243025413,0.030945315811784724,0.0,0.08093587062964835
1999-06-30,0.08133746355042248,0.12807261276280446,0.014212511852165655,0.014212511852165655,0.09556463940514082,0.06107328901979092,0.08734433209153813,0.08734433209153813,-0.45833333333333326,-0.4565217391304348,0.2936835603523942,11.228841008308688,-2.6990867579908677,-0.9181626298300976,0.021891771019677986,0.22977566281441186,0.019151138716356098,0.03069053708439906,0.09322033898305104,0.1674277016742769,0.1625132555673383,inf,0.013210519936977416,0.030838815789473673,0.0,0.11226463602752124
1999-09-30,0.09724912824486642,0.1347498864239698,0.28986941430375834,0.28986941430375834,0.059454707424569264,0.08766173028015545,0.08798308469399752,0.08798308469399752,0.0769230769230771,0.08000000000000007,0.6240608116597564,0.4693160749450118,-1.8443966675624832,-2.9811031664964247,-0.042440753626994066,0.24875621890547261,0.01422041645505323,0.014267990074441572,0.054263565891472965,0.14211212516297267,0.1641961231470923,inf,-0.034449760765550175,0.013562026326286558,0.0,-0.12026152423722092
1999-12-31,0.07017469521260788,0.06782708858097375,0.23957052258226197,0.23957052258226197,0.029708559929638056,0.103193086681449,0.2662671849132656,0.2662671849132656,0.24999999999999978,0.2222222222222221,0.024361939980968472,-0.2683496484861785,4.287184383619775,0.38966228409383863,-0.061592339949039676,0.20672864099158939,0.0776164246369555,0.06544342507645262,0.02941176470588225,0.14383561643835607,0.11831537708129303,inf,-0.03778493557978202,0.053522235340417224,0.015625,-0.138553161674549
2000-03-31,0.1042304141639443,0.12963044941434743,0.12974378432848344,0.12974378432848344,0.09689349443193773,0.14942272037754933,0.06799869260611913,0.06799869260611913,0.08571428571428585,0.09090909090909083,-0.2784272853604012,-1.0331219470391635,-1.145875554307041,-10.823207494666542,0.6447457338195632,0.32978723404255317,0.052044609665427455,0.03386911595866837,0.10000000000000009,0.2924151696606787,0.17586267297249947,inf,-0.006694991631260416,0.02054538662682104,0.01538461538461533,-8.714343809912428e-05
2000-06-30,0.045600003522790145,0.02908976615740455,0.2525341232566718,0.2525341232566718,-0.01569054971147421,0.24893595961595572,0.30747531734837796,0.30747531734837796,0.2894736842105263,0.3055555555555556,0.6094597140524587,14.070504527813712,-23.964099037138926,-0.6844311829581508,0.12370401353267124,0.29103448275862065,0.14045936395759706,0.10161021654636304,-0.016233766233766267,0.17297297297297298,0.15239088336064355,inf,-0.058587167854828315,0.027818448023426035,0.07575757575757569,-0.1783981640182436
2000-09-30,0.1563523343743627,0.18274730637951286,0.17856664021821067,0.17856664021821067,0.14797989336991502,0.1605848200395672,0.20075919480572346,0.20075919480572346,-0.3877551020408163,-0.4042553191489361,0.02964147986291299,-4.766449203828491,-1.0622166050710098,-1.2032615200478756,-0.022376235666922484,0.16217948717948727,0.13516653756777708,0.10282258064516125,0.1551155115511551,0.18169848584595139,-0.01667528438469501,inf,-0.007297260085364132,0.033831908831908786,0.05633802816901423,0.003535817834665167
2000-12-31,0.042724930489652424,0.16260407269104982,0.4102600444596953,0.4102600444596953,-0.09948766055707892,-0.06940401370781113,0.7417047351871784,0.7417047351871784,0.7333333333333334,0.7857142857142856,-0.09825111003037978,-3.371023708185905,-35.5924713584288,-30.382746945384955,0.6725238217178593,-0.31053502482073914,0.3381098601160013,0.26553930530164527,-0.08285714285714285,-0.403342618384401,-0.42684369659524113,inf,-0.1363384188626906,0.24319669307612823,0.026666666666666616,-0.17560425621873021
2001-03-31,-0.1338648014553917,-0.15621306925276324,-0.3893645101057387,-0.3893645101057387,0.020959508946815975,-0.21881870782409707,-0.6934725696100281,-0.6934725696100281,-0.6923076923076923,-0.6799999999999999,-1.9735804388784994,-1.1285781571409348,-0.8505004007659082,-2.2336057155167666,-0.4960343281928342,-0.2565333333333334,-0.033401325854156005,-0.044059227157818626,0.024922118380062308,-0.18860877684407107,-0.464908256880734,inf,0.17873775493817257,-0.03463563313937379,-0.012987012987012991,0.3818275066244978
2001-06-30,-0.131008940283469,-0.15877966083530592,-0.21929769471484417,-0.21929769471484417,-0.09901058484278147,-0.25110806504359195,-2.416084582169164,-2.416084582169164,-2.4375,-2.4375,-0.8822598398572672,-0.5541434605464808,-0.07023847199210675,-0.6338049905776854,-0.36043188186807695,-0.10329985652797702,-0.3795832234238987,-0.3736305251227805,-0.09726443768996951,-0.12543153049482159,-0.08786969567081004,inf,0.03678474114441399,-0.32606199770378874,-0.06578947368421062,0.07750835085982932
2001-09-30,-0.07847781713413671,-0.09099935504932677,-0.24636547471435588,-0.24636547471435588,-0.02575400413611184,-0.19096441512589424,-1.2337391538306317,-1.2337391538306317,-1.2173913043478262,-1.2173913043478262,0.17762434315043385,-2.561745472837022,0.09570719205510181,-0.5925293347825122,-0.22963217600550012,-0.026800000000000046,-0.2891156462585034,-0.27261761158021713,-0.023569023569023684,0.0776315789473685,0.6104323308270678,inf,0.05729303547963216,-0.18398637137989782,-0.11267605633802813,0.20615419943739588
2001-12-31,-0.0205983914363409,-0.010752236070927124,-0.09113093792098226,-0.09113093792098226,-0.003463957495435377,-0.06676887564383038,-2.650935251798561,-2.650935251798561,-2.5999999999999996,-2.5999999999999996,-3.9210813054532245,-2.1801003838204904,-1.172904027483371,-1.5931682090364725,0.17681229970386592,-0.12946979038224404,-1.2045454545454546,-1.2197346600331676,-0.0034482758620688614,-0.10866910866910862,0.2874234023927631,inf,0.01739995028585639,0.0,-0.11111111111111105,0.08843407900999511
2002-03-31,0.002827180598004908,0.015585984125353836,-0.04480271497244126,-0.04480271497244126,0.013379991027366422,0.058034148592524204,-1.5524083435012492,-1.5524083435012492,-1.625,-1.625,0.8977938825535543,-1.3822412263743262,-2.0051786091735364,4.237323911347681,0.786891236004633,0.0514636449480641,1.172514619883041,1.2490566037735849,0.01730103806228378,0.05616438356164388,0.0,inf,0.010505741509895028,0.0,-0.0892857142857143,0.06323246457932474
2002-06-30,-0.006178237953351595,0.00039408866995072067,0.12439371841400138,0.12439371841400138,-0.03344660761529006,0.04058572782730563,0.1427294241388377,0.1427294241388377,0.19999999999999996,0.19999999999999996,-0.4045974429531458,-2.5320718790908012,5.9275575649248236,-1.245511972454156,-0.10811582460404734,-0.14548720251459357,-1.3283983849259757,-1.3338926174496644,-0.027210884353741527,-0.16083009079118027,0.0,inf,-0.02744197292069639,-0.7938413361169102,-0.019607843137254943,-0.11028625483260668
2002-09-30,-0.021079846496383836,-0.017892595620366714,-0.08238186452693019,-0.08238186452693019,-0.006187038365317421,0.006751017123440839,0.0767177504717198,0.0767177504717198,0.0,0.0,-0.5458389662652875,0.7667003262389311,-0.4817872753763963,0.8107915209478267,-0.21950744712605386,-0.37624802942722024,0.10245901639344246,0.10552763819095468,-0.006993006993006978,-0.3585780525502318,2.36310063463282,inf,0.015288999378495927,0.08354430379746836,0.020000000000000018,0.07026464809892508
2002-12-31,0.03274862430631842,0.043752972830987114,-0.011731783888624059,-0.011731783888624059,0.04272626633471077,0.002792210675903739,0.15930073516840482,0.15930073516840482,0.16666666666666674,0.0,0.6722854868298085,-1.269098023698037,-1.4223582474226804,-2.4775925269007923,0.41556138143564225,-0.004212299915753892,2.0594795539033455,2.059090909090909,0.04225352112676051,0.00240963855421672,-0.11490766949723674,inf,0.00967189030362392,1.9953271028037385,0.03921568627450989,0.056149443904546015
2003-03-31,0.035088358774313155,0.04648368951585469,0.11951717456476274,0.11951717456476274,0.01713877564009625,0.07987400842527137,0.11057036463518055,0.11057036463518055,0.1428571428571428,0.3333333333333335,0.2969532640642465,4.791111837268197,-2.0947229734415087,0.5706759496372174,0.46109782025630675,0.10152284263959377,0.11543134872418004,0.11144130757800896,0.016891891891891886,0.05769230769230771,-0.568948450468286,inf,-0.017339638656481138,0.08658346333853362,0.018867924528301883,-0.06522850424291993
2003-06-30,0.05591853896380572,0.07039368760912179,0.20845698155954606,0.20845698155954606,0.020224678087715775,0.052200168139596936,0.19839320098267055,0.19839320098267055,0.125,0.125,0.8468904103030592,-1.1556376870882648,0.16836637739912597,-0.2675967833699888,0.23113409797405948,0.27572964669738864,0.11982570806100212,0.11096256684491967,0.019933554817275656,0.2545454545454544,0.12842254018724608,inf,-0.03381046396841081,0.10122038765254837,0.0,-0.11425133982281532
2003-09-30,0.009279207292101521,0.005332096641120776,0.053206954522683425,0.053206954522683425,-0.002896340814127374,0.020398618330986773,0.2123386337193196,0.2123386337193196,0.22222222222222232,0.22222222222222232,-0.29840660859947465,14.134868122904015,1.8002168609379234,-2.593495652173913,-0.29916414531681945,0.22034918723660457,0.1527237354085602,0.13718411552346588,0.006514657980456029,0.19565217391304346,0.09423919849718221,inf,-0.012132822477650018,0.13102998696219026,0.0,-0.04546577101649707
2003-12-31,-0.016899531978392446,-0.041136473796505646,0.1240767706597643,0.1240767706597643,-0.058172824317916816,0.038100512781337414,0.03151063683933919,0.03151063683933919,0.18181818181818188,0.09090909090909083,-0.1635588836613543,-0.9121168023092171,1.2532236205227494,-0.5405961917650739,-0.1961046181177808,0.062160828811050894,0.139240506329114,0.10899470899470898,-0.051779935275080846,0.056060606060606144,-0.09413447782546502,inf,-0.04188752424046538,0.08069164265129691,0.03703703703703698,-0.14695609427957879
2004-04-02,0.039206617881347716,0.06079925545183107,0.09185829772431098,0.09185829772431098,0.020809068181900647,0.11719849512017877,0.30160382792078333,0.30160382792078333,0.23076923076923084,0.25,-0.18139117118708958,-6.140647359454856,-0.6262470033253422,-2.3863953120050683,0.33820137464214106,0.07152810032512757,0.191111111111111,0.16030534351145032,0.027303754266211566,0.12912482065997133,-0.08907138344914722,inf,-0.017811361489677546,0.11999999999999988,0.03571428571428559,-0.028449243274392577
2004-07-02,0.029511685522630282,0.03404270480067151,0.08830774205513259,0.08830774205513259,0.007537250831745723,0.10729988308330718,0.2817026056469867,0.2817026056469867,0.25,0.3333333333333335,0.9749977515963666,0.0355519028619149,0.7374071775064948,0.2834458571803924,0.3243631051367333,-0.061118335500650156,0.22388059701492535,0.1949013157894739,0.013289036544850585,-0.08513341804320207,-0.20093619972260746,inf,-0.021294133809589222,0.13095238095238093,0.051724137931034475,-0.049886055005775365
2004-10-01,0.03878978582554282,0.040118066517217166,-0.016820069604808086,-0.016820069604808086,0.06123955527567726,-0.016258197879333136,0.10320147658314416,0.10320147658314416,0.09999999999999987,0.09999999999999987,-0.14639344262295084,0.06991717975960365,-0.7598316836923729,0.416648123258774,0.34696555828539166,-0.0964912280701754,0.16768292682926833,0.15003441156228492,0.059016393442623105,-0.10833333333333339,-0.26795400303753525,inf,0.021617069062324523,0.11115789473684234,0.032786885245901676,0.05792672909479224
2004-12-31,0.056479538665048956,0.06079701753344713,0.04002862044139466,0.04002862044139466,0.06263229673362636,-0.09340171353633231,-0.3023194232134905,-0.3023194232134905,-0.2727272727272727,-0.36363636363636354,-0.4145594605552355,-2.2228922149240873,-1.51801652892562,-1.2383779742270309,-0.0614039062854036,0.11394992335206955,0.010008703220191428,0.007181328545780907,0.0619195046439629,0.051401869158878455,-0.06372258446947254,inf,0.00577081615828523,0.02576733611216353,-0.015873015873015928,0.01997018448350829
2005-04-01,0.0178293961180902,0.0215828929468993,-0.00019870011665623633,-0.00019870011665623633,0.024428604499837414,0.10395397794776673,0.10009661169001438,0.10009661169001438,0.0625,0.2142857142857142,-0.1593738040130488,-1.382720397601088,-4.61922995107424,-2.3499472851871377,0.0883149175081388,-0.09954128440366983,-0.019819043515725943,-0.016636957813428332,0.02915451895043719,-0.1525925925925926,-0.12472301361190252,inf,0.006557377049180468,-0.003324713705208815,-0.016129032258064502,0.021771566030267087
2005-07-01,0.06572813262174537,0.0304590542275478,0.09717725649590014,0.09717725649590014,0.05449288816582554,0.07799578584860778,0.05959288649123362,0.05959288649123362,0.0588235294117645,0.0588235294117645,0.7323201665004553,0.2260282727063576,-0.7158516515810509,1.3077689048558097,0.18727154905387433,0.041263372389200415,-0.07428571428571429,-0.06888217522658624,0.05099150141643061,0.012237762237762295,0.012658227848101333,inf,-0.010586319218240936,-0.0429948109710897,-0.016393442622950838,-0.06079389676957914
2005-09-30,0.032192583365880933,-0.006518134529303166,0.12935532689419826,0.12143787870819978,-0.00392401883239446,0.021203109182175828,0.15168871917828497,0.15168871917828497,0.16666666666666674,0.16666666666666674,0.5434077967586508,0.13214903775984643,7.522287723652912,-0.194370415492779,0.12707413091345843,0.011741682974559575,-0.05080721747388417,-0.05970149253731338,0.02425876010781658,-0.03799654576856648,0.04035714285714276,inf,-0.034979423868312876,-0.04376452362509675,-0.01666666666666672,-0.11410077420992526
2005-12-30,-0.06542977438749387,-0.06989065375097825,-0.020228098586326793,-0.020033971780496485,-0.08447998534688839,-0.032998319212431015,-0.10451712394782497,-0.10451712394782497,-0.09523809523809523,-0.19047619047619035,0.3442826330214228,-1.7159063702830624,1.2302614014222955,-1.5971876542431975,-0.06733106552068324,-0.13056092843326883,0.04752376188094054,0.03243616287094553,-0.07631578947368423,-0.15080789946140027,-0.1180913147957432,inf,-0.0203269367448472,0.004860267314702238,0.016949152542372836,-0.05085959885386815
2006-03-31,0.04102706358168984,0.006776346457767257,0.02943454413597424,0.02997853738765799,0.04625560103779969,0.03873576673406398,-0.1577021325449901,-0.1577021325449901,-0.1578947368421053,-0.05882352941176472,-0.9399704436468921,4.075322203071541,-0.8701857676109219,2.7139591319945136,-0.26811745991847225,0.1028921023359286,-0.019579751671442214,-0.03475935828877008,0.0370370370370372,0.19450317124735728,0.05722070844686633,inf,0.00493325594892613,-0.041918581217251116,0.016666666666666607,-0.022528301886792446
2006-06-30,0.135636504490243,0.1502491475308121,0.22989928697228246,0.23168809536919777,0.09380499009372079,0.14093501348905502,0.3163409605915526,0.3163409605915526,0.3125,0.3125,17.626708199356912,-0.6323184299493647,-2.0156348241606237,-1.6489739486169377,0.23774477068007616,-0.014624306606152215,0.023867510959571403,0.0006925207756232066,0.0934065934065933,-0.04955752212389386,-0.0007363770250368162,inf,-0.03681778804504765,-0.006731173748422359,0.0,-0.06613133613867117
2006-09-29,0.03513264351240353,0.003235907659681514,-0.049072547345825446,-0.04652010762812975,0.0771503019135995,0.021290032924274227,0.13151695573388555,0.13151695573388555,0.1428571428571428,0.1428571428571428,-0.4094932919033516,0.25174728774072586,-0.5243087082129592,-0.7797566064992485,0.042304129511989697,-0.07881269191402251,0.0009514747859182826,-0.0020761245674739692,0.07788944723618085,-0.15828677839851035,-0.11569638909358881,inf,0.040623594663468765,-0.007200338839474796,0.016393442622950838,0.052170318313352615
2006-12-29,-0.009780177380003363,-0.0014731355681933955,-0.11309312338720878,-0.12386098734210604,0.03573107693655242,-0.06981269764047682,0.14231134395625755,0.14231134395625755,0.20833333333333326,0.12500000000000022,0.09807790689176343,-0.31712608614252835,-6.512667013708138,-1.1770961009706165,-0.007187821845277664,0.06333333333333346,0.03802281368821303,0.05270457697642161,0.05128205128205132,-0.01327433628318575,0.022499999999999964,inf,0.04595217516565819,0.0725255972696246,-0.032258064516129115,0.1397139713971396
2007-03-30,-0.0023898406712684617,-0.012306924208671743,0.0430475857646575,-0.18132195249212324,-0.019529761012734403,-0.03930785905126788,-0.24837275440107354,-0.24837275440107354,-0.27586206896551724,-0.22222222222222232,-0.7759650582362729,-2.352508587740094,0.6982797966603189,-1.540029928918818,0.003909741445155213,0.08829676071055359,0.0064102564102563875,0.01449275362318847,-0.015521064301551979,0.03587443946188351,-0.035452322738386166,inf,-0.017215259606114808,0.04097056483691319,-0.01666666666666672,0.20642581356867074
2007-06-29,-0.08215120260294306,-0.03939575240557902,-0.052738464942433394,-0.096065694325285,-0.09395441520998205,0.048426451875270615,0.07288932706271067,0.07288932706271067,0.09523809523809534,0.04761904761904767,0.49270303390396974,0.9716568294282477,1.3657964728886913,-18.22757187391756,-0.06709303533392064,0.056168987037926055,0.01182893539581431,0.024675324675324628,-0.06531531531531531,0.0714285714285714,-0.00042247570764686326,inf,-0.01289237668161436,0.021016431027894633,0.0,0.06269287918619271
2007-09-28,-0.04099633823902138,-0.02856878967887455,0.08817851929092813,0.10488529124633916,-0.0951917631881597,-0.012196495267171703,-0.14371041847758603,-0.14371041847758603,-0.13043478260869568,-0.09090909090909083,2.195586735328507,-0.38552067395209033,-0.13910672735676843,-1.2067918610262185,0.014872108542533402,0.09318181818181825,-0.012140287769784042,-0.020912547528517123,-0.07228915662650603,0.1717171717171717,0.08157227387996624,1.0,-0.05650198750709834,-0.03480538922155685,0.016949152542372836,-0.12078515730034955
2007-12-28,-0.08994439662574827,-0.04041293654328282,0.39287088697646677,0.0014992074449047266,-0.3335623257897339,0.023383146021160206,-0.0504662325797236,-0.0504662325797236,0.0,-0.050000000000000044,-0.39804442091659986,2.6324429659665767,0.1746339421405625,17.30306271268838,0.2682161949595925,-0.10478170478170479,0.023213472917614997,-0.05566343042071198,-0.2727272727272728,-0.036206896551724155,-0.06525986713559973,0.5,-0.26767980740294905,-0.1101202016285382,0.06666666666666665,-0.041837421249006024
2008-03-28,-0.011081869329539584,-0.013759966833714832,0.18613093691797622,0.12592462494230672,-0.21905856404898716,0.03992981956697306,0.28173251676161093,0.28173251676161093,0.3500000000000001,0.42105263157894735,0.9354784475511815,-0.8667219395358163,-0.2882736661062777,-0.9197224922575127,0.01697796302641863,-0.1593125870877845,0.2495551601423487,0.09389993145990405,-0.19999999999999984,0.15563506261180682,-0.0773411371237459,0.3333333333333335,-0.21019108280254772,0.006100217864923652,0.078125,-0.12406639004149378
2008-06-27,0.16890265919520275,0.18966621479875134,0.1508507167105002,0.012939900384170366,0.19781729102687207,0.07076778418846019,0.1675086983461227,0.1675086983461227,0.2222222222222221,0.18518518518518512,-0.4848152776014486,-0.34895303923561705,-1.9144202247802542,17.33886977236633,0.3061587018217933,0.15911602209944742,0.23994304022783908,0.055764411027569016,0.1964285714285714,0.4504643962848296,0.08019936565473484,0.3125,0.02471383975025998,0.026418362927674188,0.02898550724637694,0.17447072113107165
2008-09-26,0.014337210126421418,0.009036967898929937,-0.03067301124978128,-0.08769061620336216,0.08360531233944957,-0.008611825907173465,-0.03345512441060605,-0.03345512441060605,-0.06060606060606066,-0.03125,0.4873737046212112,-0.1423263075722092,-1.2683931409252964,-0.6498049701050383,0.08208440183229238,0.02859866539561473,0.2227964398507034,0.06290801186943629,0.09701492537313428,-0.1408751334044822,-0.07634228187919467,0.23809523809523814,0.06829144452906832,0.048945147679324785,0.014084507042253502,0.10601594737985165
2008-12-31,-0.09413772100759998,-0.1040878622799396,-0.10152860678410247,-0.24232306994765263,-0.08396311010280655,-0.11831929475410297,-0.12315213718533535,-0.12315213718533535,-0.06451612903225812,-0.09677419354838701,-0.05971502816582086,-1.297047365930025,2.5997604949770476,-1.6455611424803198,-0.04897076432941794,-0.2103799814643188,0.07184785160835871,0.03629257398101604,-0.0714285714285714,-0.2795031055900622,-0.2901907356948228,0.1923076923076923,0.011169201520912608,0.05832662912308928,-0.01388888888888895,0.18245062836624792
2009-03-27,0.04048604532032707,0.049066441489195034,0.02995935298093566,0.09850474843402712,0.05469966007273608,-0.1587758787323872,-0.470610903047892,-0.470610903047892,-0.48275862068965514,-0.4642857142857143,-0.5920986738384494,0.019487682314009103,-0.8883837263744117,-1.2800823583866694,0.014422108859471594,-0.050469483568075124,-0.1568455640744797,-0.13415948275862055,0.05494505494505497,0.022413793103448265,-0.12284069097888672,0.16129032258064502,0.013631022326674458,-0.06233371341695171,-0.08450704225352101,-0.04500379578667679
2009-06-26,0.02568433709931961,0.035850615114235485,-0.004454385029670438,-0.060587623541730085,0.06542441591693038,0.0551734302839737,0.07875162075475983,0.07875162075475983,0.06666666666666665,0.06666666666666665,0.06600127319025106,-0.9627314258235152,-0.6747433491555359,1.3184408479598813,0.03296143291978959,0.02224969097651419,-0.18108599636269174,-0.15370255133789668,0.0625,-0.03204047217537931,0.1378555798687089,0.13888888888888884,0.03872014838859239,-0.10214835832995539,-0.06153846153846154,0.10264563408272265
2009-09-25,0.07013711111642773,0.08480785794795498,0.07310606881506043,0.19535339081974623,0.06647908823084392,0.026543601204866762,0.19570672458511695,0.19570672458511695,0.1875,0.1875,1.2497280696141786,8.55483870967742,1.3005260478533853,1.1867073050830794,0.06977705445204818,0.10096735187424444,-0.16211928934010145,-0.14926470588235308,0.06209150326797386,0.03658536585365857,0.29679487179487185,0.12195121951219523,-0.0033482142857141906,-0.08848758465011286,-0.06557377049180335,-0.0924595039088022
2009-12-31,0.06812487744350282,0.06444529479906191,0.0164112515062369,0.02895154092508001,0.1322366382669311,0.27349168911280763,0.8159918171557563,0.8159918171557563,0.8421052631578947,0.7894736842105263,0.6718523363954381,-0.22856178257933824,-1.6392269676182045,1.0540106110336764,0.13397446660004597,0.17408017572762202,0.004165088981446408,0.032843560933448535,0.12307692307692308,0.10588235294117654,0.3549184379634207,0.10869565217391308,0.060022396416573365,0.04011887072808329,0.0,0.034481046595338016
2010-04-02,0.1500668707164694,0.17273786959353887,0.09601248452887057,0.25188739511920333,0.21022522057685356,0.10218412155683043,0.4874919882688835,0.4874919882688835,0.4571428571428573,0.47058823529411753,-0.2476977862456904,-1.8783369803063459,5.580429263789522,0.04908801365927329,0.12394547777421461,0.09494855004677283,0.2767722473604828,0.32719665271966525,0.1917808219178081,-0.02583586626139811,0.016782196278730455,0.0980392156862746,0.05218677371645897,0.28714285714285714,0.03508771929824572,-0.06323190631599152
2010-07-02,0.13104764634755317,0.149057345264759,0.04847235524991911,0.07715658910684464,0.21427467508589637,0.16655687990156487,0.17910467249449957,0.17910467249449957,0.1568627450980391,0.15999999999999992,0.8536293057963367,-2.486297957149975,0.5063655174832533,0.7153617835923276,0.18916516862011945,0.05937633489961547,0.17720023626698178,0.23707440100882748,0.19310344827586223,-0.11076443057722307,-0.2522425547183351,0.08928571428571419,0.07369477911646571,0.19866814650388465,0.033898305084745894,0.06675717908650758
2010-10-01,0.12352036044371584,0.13720676912944918,0.02820742068486548,0.06683345895729098,0.20646841188224596,0.12391434050713834,0.20422242770213783,0.20422242770213783,0.18644067796610164,0.18965517241379315,0.0895897463006412,0.3305397251089508,-0.031256548159530606,0.0558356647609779,0.16795592137247461,0.11411290322580636,0.10938283993978914,0.18399592252803254,0.18689788053949896,-0.06666666666666665,-0.17658349328214973,0.09836065573770503,0.07387319992519181,0.14475308641975304,0.032786885245901676,0.06596546838604334
2010-12-31,0.12185382446403792,0.1285220270512133,0.006301184423679551,-0.011877552815527603,0.20755740654319732,0.05294310583123041,0.06493142244966466,0.06493142244966466,0.05714285714285716,0.02898550724637694,-0.21571693543270654,3.536911060720585,0.9062931852866603,0.010308150034129993,0.14528565085718448,0.21136445892146227,-0.010402532790592445,0.05897546276366761,0.1785714285714286,0.020676691729323293,-0.0757575757575758,0.08955223880596996,0.0762800417972831,0.08007549204637376,-0.031746031746031744,0.14208154989862587
2011-04-01,0.06302507262947832,0.06790068563951968,-0.032068292037585655,-0.06854112137053525,0.12179964986151104,-0.0352282589515609,-0.032571574134439785,-0.032571574134439785,-0.05405405405405406,-0.042253521126760396,0.41331233256087296,-0.7872494030099406,-0.7503277944476664,-0.05129996008894466,0.12034770772126091,0.1998804899910367,-0.07632541133455206,-0.014634146341463428,0.11432506887052352,0.018416206261510304,0.02080706179066838,0.08219178082191791,0.05533980582524278,0.020718921617573605,-0.032786885245901676,0.14649782038384918
2011-07-01,0.0527792101733362,0.057836758983846215,-0.02839376777263114,-0.0804086017858987,0.09606847351718972,0.02345967716348807,-0.042138805457247575,-0.042138805457247575,-0.05714285714285705,-0.044117647058823595,-0.4634674370136932,0.360219263899765,-0.6150932915898705,-0.4909956879066064,0.0546772236498545,0.13371513944223112,-0.09524987629886195,-0.043316831683168355,0.09023485784919649,0.018083182640144635,0.05744286596664616,0.07594936708860756,0.04109168966574672,0.001956468574223491,-0.03389830508474578,0.1503337691831257
2011-09-30,0.015224529790156316,-0.004933493479460371,0.06395697504475595,0.9568426240060075,-0.007813191809431297,-0.04724617648614193,-0.13615714705046433,-0.13615714705046433,-0.12121212121212133,-0.1230769230769232,0.7751121709390982,26.28593360199578,-16.135585437848476,-1.5316519962925574,-0.027562228948665113,-0.12519218097957396,-0.11894995898277283,-0.09098749460974564,0.0011337868480725266,-0.19715808170515103,-0.14778037383177578,0.09411764705882364,-0.022680412371134162,-0.03392726385159883,-0.07017543859649111,-0.4914899344919387
2011-12-31,0.002448142590611546,0.0014191855341332271,-0.10345557054003984,-0.12951797166574874,0.05613439971101686,-0.12377458017049647,-0.20923496796185626,-0.20923496796185626,-0.22413793103448265,-0.21052631578947356,-0.22098256107864656,-0.8614852272007989,-0.9737845732463097,-3.1610886559474105,0.06125268072340351,-0.10670348983178513,-0.15270018621973924,-0.12713472485768496,0.052095130237825416,-0.10840707964601759,-0.06579849211788891,0.08602150537634401,0.05349608197709488,-0.05684689236988372,-0.07547169811320764,0.15041176470588247
2012-03-30,0.02260507749631735,0.01845395919453785,-0.020321770420344443,-0.021222787607789284,0.04107791319404552,-0.16175227443999085,-0.2099228570843934,-0.2099228570843934,-0.20000000000000007,-0.22222222222222232,-0.5926584771490677,0.2948464077176949,1.647049099024632,-0.7520848426926456,0.014309003174143742,0.09359190556492414,-0.1776556776556777,-0.1597826086956522,0.03982777179763208,0.03970223325062028,0.21496698459280972,0.07920792079207928,0.018166213703332712,-0.07206000535762136,-0.08163265306122447,0.04052257503707102
2012-06-29,0.03467380851957347,-0.0893262176760713,0.0725667292562926,-0.39898879205993654,0.019328950530322242,0.21127336783460238,0.4044149386190583,0.4044149386190583,0.41666666666666674,0.4285714285714286,-0.04705725076033551,18.128303662457846,7.3592305770671995,-12.111504901655993,-0.15675159976866726,-0.08069904908763803,-0.10244988864142535,-0.095730918499353,0.02795031055900621,-0.116945107398568,0.06944444444444464,0.07339449541284382,-0.014891823545939764,-0.036374133949191645,-0.06666666666666676,0.5152460748421339
2012-09-28,0.024708513172194246,-0.0006450466628057372,0.016928119203742487,0.012653124722941111,0.028023763622772258,0.06492467154729353,-0.03190331880574626,-0.03190331880574626,-0.03921568627450989,-0.020000000000000018,2.3341867452273233,-0.5301428834997233,-0.3258322873707489,-0.9361447738281986,-0.011870059703966263,-0.03802068772714584,-0.07890818858560811,-0.0650929899856938,0.02618328298086614,-0.06216216216216219,0.03896103896103886,0.08547008547008561,0.0032800912721049347,-0.031156381066506755,-0.04761904761904756,-0.013134638148826872
2012-12-31,0.0032238749391539923,-0.0010382237335502253,-0.03800319604852187,-0.10288736803328924,0.020601256521419753,-0.11226035837659842,-0.23293055387995354,-0.23293055387995354,-0.22448979591836737,-0.22448979591836737,-0.555723467144455,-0.8923957574356133,-0.16609778802251873,-1.7827890401355377,0.009403371219817158,-0.06102877070618995,-0.06950431034482751,-0.06426931905126243,0.023552502453385804,-0.08645533141210382,-0.0190217391304347,0.07874015748031504,0.0173418621179815,-0.03432282003710574,-0.025000000000000022,0.11354113606861782
2013-03-29,0.03153444051605159,0.03938074401578984,0.023054543971863017,0.04863214608609834,0.03490350979031609,-0.06585426906972514,-0.005099126691776035,-0.005099126691776035,0.0,-0.02631578947368418,0.1796952071281439,0.8798605198069984,-0.6524160110567723,1.8718561086648258,0.026753555466176193,0.07582791705354364,-0.01737116386797921,-0.015535568274734346,0.033557046979865834,0.05047318611987395,0.11966759002770089,0.07299270072992692,0.003213636998742553,-0.0070445084854308115,0.0,-0.008824093612123551
2013-06-28,0.015545787362816865,-0.01636766077943952,0.05630689475494388,0.10731218217065153,-0.0004632157959485461,0.027425024543180188,-0.15542187721006084,-0.15542187721006084,-0.1578947368421053,-0.16216216216216217,-0.5680635277432131,1.936889329853547,2.5612693557637165,-3.140631496881497,-0.0557772633750081,-0.05322209436133496,-0.12669416617560392,-0.12541528239202648,0.0009276437847867136,-0.08408408408408419,-0.0643245917862445,0.06802721088435382,-0.015738161559888497,-0.08739116414059989,-0.05128205128205132,-0.11169998957883609
2013-09-27,0.028766019121601483,0.029541741037495628,0.0005422004534640923,0.04133992810033593,0.040480564051136314,0.057345545678930465,0.17656562472293102,0.17656562472293102,0.15625,0.19354838709677424,2.800913807790599,-0.8447449013314924,-0.38778248966664874,-2.0151630114784846,0.059967857649979806,0.09024612579763014,-0.09784075573549245,-0.09401709401709402,0.035217794253938894,0.09180327868852478,0.22421998942358523,0.09554140127388533,0.01132022074430461,-0.04982332155477032,-0.05405405405405406,-0.011329355768586069
2013-12-31,0.1972369617376435,-0.00541892369106356,0.7442829199549434,0.0772320952685519,-0.021103840449659295,0.018885737030351235,-0.17162067117690405,-0.17162067117690405,-0.18918918918918926,-0.16216216216216217,-0.4671727667620189,47.857426679280984,-15.294782989916703,-1.5197708695834156,-0.029406123301596532,-0.04319955406911935,-0.059087509349289635,-0.1090146750524108,-0.009847806624888045,-0.0780780780780781,0.037149028077754,0.08720930232558155,-0.18231425773051624,-0.055410933432502696,-0.05714285714285705,-0.07672226742609167
2014-03-28,-0.0227621435287787,-0.037899575378162575,-0.03308658088382488,-0.11158829832651485,-0.015419409709438892,0.01480081079831952,0.17768231667256273,0.17768231667256273,0.2333333333333334,0.19354838709677424,-0.002516079199137322,-0.9611094006270053,-1.2543169439128514,0.3464976359474041,-0.040794895227101446,-0.0034954849985434633,-0.009538950715421213,-0.057647058823529385,-0.001808318264014619,0.006514657980456029,0.047480216576426315,0.08021390374331538,0.007529089664613187,-0.03661417322834648,0.0,0.0829508317115264
2014-06-27,-0.009737019095699795,-0.026197934131663825,0.00477571251651554,0.0029485241467102075,-0.019873258812468708,0.0659846624968552,0.0900320991468837,0.0900320991468837,0.10810810810810811,0.10810810810810811,0.3107260599555317,-1.0046803425612427,0.13324071796207604,-0.4550479721821149,-0.023176754135280198,0.0011692487576731025,0.06340288924558601,0.014981273408239515,-0.006340579710144789,0.003236245954692629,0.0011928429423460063,0.07425742574257432,-0.010360054347826053,0.018798528810788584,0.0,-0.029075681540756793
2014-09-26,-0.005989479809018872,-0.007055141302288126,0.0101583609809488,0.0170632219741933,-0.017551375799489732,0.01645721307706549,-0.07082454095933988,-0.07082454095933988,-0.07317073170731703,-0.07317073170731703,0.2520560605528843,-111.44680851063829,-0.1421906857758235,-0.8708003449086776,-0.0030654764340336538,0.01810218978102185,0.015849056603773448,-0.035670356703567,-0.004557885141294515,0.02580645161290329,-0.05162827640984913,0.08294930875576045,-0.011498198043590091,-0.03128760529482555,-0.030303030303030276,-0.023712654315598214
2014-12-31,-0.018474908450570204,-0.08249947478420117,-0.0256685984134275,-0.10256482252775878,-0.013178933407974491,-0.039495122156259166,-0.05828369022701663,-0.05828369022701663,-0.02631578947368418,-0.052631578947368474,-0.295591196408299,9.144914274706222,-0.03810426446215376,29.787283096711565,-0.09466789299593115,-0.009176942930886112,0.043090638930163516,0.042091836734693855,0.0,-0.0062893081761006275,-0.015912897822445538,0.07659574468085095,0.0053819444444442865,0.012836438923395477,0.03125,0.022356960168839812
2015-03-27,0.016361526664605996,-0.04067728474281773,0.03178613297605093,0.10851578632662862,0.005149694475605315,-0.09250136494163053,-0.14648477922451886,-0.14648477922451886,-0.16216216216216217,-0.13888888888888884,-0.09381342105612223,0.15285617306514632,-0.41680294252683814,-0.13578855264506262,-0.09036802759022022,0.12416787264833595,-0.03418803418803418,-0.041615667074663354,0.0045787545787545625,0.12658227848101267,0.08723404255319145,0.07114624505928857,-0.011051631842514231,-0.03270645952575635,0.0,-0.13458476933573593
2015-06-26,0.0030155720457458735,-0.09072345594327835,0.00013999816582122016,-0.014946576807403633,0.00516115827218977,-0.04896379898274339,-0.25843419221524055,-0.25843419221524055,-0.25806451612903225,-0.25806451612903225,-0.347009873163877,0.6270753722493083,-0.5715562002989801,0.6160645061249805,-0.16054906413435543,0.16606591143151372,-0.12094395280235992,-0.12388250319284799,0.0009115770282588365,0.1601123595505618,0.2140900195694715,0.06642066420664205,0.002095337873232017,-0.08875739644970415,-0.030303030303030276,-0.07691841190264403
2015-09-25,0.017413737782774996,0.014412099163274128,0.02761472866675896,0.07863821740002486,0.009840372577446743,-0.035239833688266886,-0.12540695773326316,-0.12540695773326316,-0.13043478260869568,-0.13043478260869568,0.8719793768213404,-0.9400554751323609,0.2642456024444628,-1.2316846715658054,0.04431081747000265,0.05299183042614253,-0.14513422818791943,-0.14723032069970832,0.008196721311475308,0.05084745762711873,0.20116054158607355,0.0622837370242213,-0.007492594528663465,-0.09369202226345097,-0.0625,-0.05954492696493874
