Quarter end,Assets,Current Assets,Liabilities,Current Liabilities,Shareholders equity,Revenue,Earnings,Earnings available for common stockholders,EPS basic,EPS diluted,Cash from operating activities,Cash from investing activities,Cash from financing activities,Cash change during period,Cash at end of period,Price,ROE,ROA,Book value of equity per share,P/B ratio,P/E ratio,Cumulative dividends per share,Equity to assets ratio,Net margin,Asset turnover,Current ratio
1994-01-30,0.19157378280629356,0.2438313568497117,0.10837345096740991,0.1706248398346537,0.25668469227707935,0.2082044594050798,0.24058930864364392,0.24058930864364392,0.2264150943396226,-0.3833333333333333,-3.1348816990622863,63.47914691943127,-17.059627329192548,-1.0736532495265725,0.019287176348941726,0.21304347826086967,0.059605163249810245,0.08796821793416587,0.19999999999999996,-0.1792114695340502,0.005681818181818121,inf,0.05454545454545445,0.012820512820512775,0.034782608695652195,0.06255084515954068
1994-05-01,0.19157378280629356,0.2438313568497117,0.10837345096740991,0.1706248398346537,0.25668469227707935,0.2082044594050798,0.24058930864364392,0.24058930864364392,0.2264150943396226,-0.3833333333333333,-3.1348816990622863,63.47914691943127,-17.059627329192548,-1.0736532495265725,0.019287176348941726,0.21304347826086967,0.059605163249810245,0.08796821793416587,0.19999999999999996,-0.1792114695340502,0.005681818181818121,inf,0.05454545454545445,0.012820512820512775,0.034782608695652195,0.06255084515954068
1994-07-31,0.07763634707115008,0.05043799499000534,0.06728860980415097,0.08448361605581312,0.08477857796621335,0.07024982252778766,0.055655426631076255,0.055655426631076255,0.04615384615384621,-0.3833333333333333,-0.393885624527314,-0.6242438497328208,-0.9395691522277227,-13.635120350109409,-0.23908452891124776,-0.014336917562724039,0.059605163249810245,0.08796821793416587,0.08333333333333348,-0.1792114695340502,0.005681818181818121,inf,0.006761325219743153,0.012820512820512775,0.034782608695652195,-0.03139089749042956
1994-10-30,0.16090056699639188,0.18564949574075085,0.24143982548387255,0.08923258528536704,0.1062069186587642,0.06262663892346687,0.08535158937663412,0.08535158937663412,0.08823529411764697,-0.3833333333333333,2.4511685943273984,1.0847971519111148,18.35152,-4.758540070138979,1.1809574337836182,0.08363636363636373,0.059605163249810245,0.08796821793416587,0.10769230769230753,0.0,0.005681818181818121,inf,-0.0471793149764943,0.012820512820512775,0.034782608695652195,0.08852977340593715
1995-01-29,0.06894074876737344,0.08232015778477209,0.07043716670672628,0.09740690083052495,0.0678003113020873,0.08189432190817403,0.042949063361754636,0.042949063361754636,0.027027027027026973,-0.3833333333333333,-1.0140727555901659,-1.165426584974526,-0.8848007805071643,-0.6515533745723467,0.18867889221556888,-0.04026845637583898,0.059605163249810245,0.08796821793416587,0.06944444444444442,-0.13318777292576411,0.005681818181818121,inf,-0.0010572687224670307,0.012820512820512775,0.034782608695652195,-0.013756656446667792
1995-04-30,0.12752850474273214,0.13157110302702657,0.14394288258733345,0.14356934519603004,0.11498802551326492,0.33457483382993347,0.4228513250668611,0.4228513250668611,0.42105263157894735,-0.3833333333333333,-39.00197628458498,-5.0009642107651295,0.012416564989593093,-1.6550629772885053,-0.10397808667726649,0.09440559440559437,0.059605163249810245,0.08796821793416587,0.10389610389610393,0.022670025188916698,0.005681818181818121,inf,-0.011113071088375337,0.012820512820512775,0.034782608695652195,-0.010512537325643279
1995-07-30,0.2855411576897662,0.3657019666026571,0.14314262362529218,0.21983646974979298,0.3971579050763243,0.3290378553799824,0.486751748811876,0.486751748811876,0.4537037037037037,-0.3833333333333333,-0.9170263664257112,2.7855289831445544,24.1887849142209,-5.623214736310875,0.5364969488269675,0.6709265175718853,0.09029021855965613,0.08796821793416587,0.3294117647058823,0.514778325123153,0.4502824858757064,inf,0.08687120941848003,0.05733432613551748,0.04201680672268915,0.1195948739148407
1995-10-29,0.12404539425828354,0.12312196610344062,0.14654632164483594,0.13391178254730818,0.10961496705379203,0.09465023326694033,0.11626871246731607,0.11626871246731607,-0.46496815286624205,-0.3833333333333333,30.984330930742715,-0.37426180088752414,-0.748005279851849,-0.7436714733268566,0.08950194958892821,0.248565965583174,0.07098258297732496,0.08796821793416587,0.09734513274336298,-0.06016260162601628,-0.019088430074016394,inf,-0.012965698342359944,0.04436619718309864,0.040322580645161255,-0.009526271092567207
1996-01-28,0.09345584493584136,0.08351917038016321,0.09936321576882845,0.1251457821524351,0.0895412006596008,0.05895283162875886,0.10442862842507616,0.10442862842507616,0.1071428571428572,-0.3833333333333333,0.6153710489702338,0.077142207380277,-1.0437919519304868,-1.80763989438719,-0.06634714618062232,-0.1699846860643186,0.059834305001534194,0.07198748043818459,0.08870967741935498,-0.24394463667820065,-0.32327243844320896,inf,-0.0034918523445294225,0.04989885367498337,0.023255813953488413,-0.03698042870456675
1996-04-28,0.028159040940801683,-0.0017782732064852702,-0.06280020718673207,-0.08625033906678503,0.0889784890901606,0.08387149474331612,0.08270891356787424,0.08270891356787424,0.08602150537634401,-0.3833333333333333,-1.1703120071815027,-0.8436527691350342,1.5141545524100994,2.5268652781439496,-0.25062574940047966,-0.12361623616236161,0.01360741169658386,0.04184914841849152,0.0888888888888888,-0.19450800915331812,-0.27934272300469487,inf,0.05906891373268808,0.03468208092485536,0.007575757575757569,0.09243990245035416
1996-07-28,0.04542420894728183,0.03124121328377516,-0.020665772094268453,-0.029948744112232473,0.08345576751226202,-0.011021806881203688,-0.09016741918297722,-0.09016741918297722,-0.08910891089108908,-0.3833333333333333,-10.982299939456533,6.887704335465529,0.9956380604585109,-1.5809051086160242,0.1942817998629951,-0.17263157894736836,-0.04227363610397039,-0.021952358710882858,0.08163265306122458,-0.2414772727272727,-0.28175895765472303,inf,0.03639514731369142,-0.008069522036002419,-0.015037593984962405,0.06307359767548992
1996-10-27,0.04382293050174546,0.04450007039432058,0.06290139860081223,0.0882147602901513,0.03389927352157107,-0.22813387554867026,-0.5677900938095182,-0.5677900938095182,-0.5543478260869565,-0.3833333333333333,-0.019072898716700037,-0.22189583708776361,-4.243480912926346,3.247587183116716,0.6909833869239015,-0.16030534351145043,-0.1798389501938561,-0.16380133715377265,0.03144654088050314,-0.22097378277153557,-0.19047619047619058,inf,-0.009425357251444333,-0.0944931163954944,-0.07633587786259544,-0.040165327822406005
1997-01-26,0.03861970919632207,-0.027055378083517323,0.06211057131722164,0.07244337471009721,0.026058196315006832,-0.02924881353097364,-0.595234836873221,-0.595234836873221,-0.6097560975609756,-0.3833333333333333,0.4041542551837263,0.9707656854343747,-2.2586468993402185,-1.2092220067862336,-0.08549399833617244,0.40303030303030307,-0.2774545454545455,-0.2655625356938893,0.024390243902439046,0.3557692307692306,0.5868347338935576,inf,-0.012124002455494054,-0.1976503109882516,-0.0826446280991735,-0.09279066537019032
1997-04-27,0.030005676878431364,0.050035359801725576,0.029852387039651873,0.04795120132246167,0.03009052731813333,0.07787493299640103,2.453054738479224,2.453054738479224,2.375,-0.3833333333333333,-0.769341152335858,-0.35021609027902234,-0.5885971137922876,3.8276281494352737,-0.4513182332587896,0.32829373650108007,-0.21590337191746345,-0.21384136858475888,0.029761904761904878,0.2978723404255321,0.736981465136805,inf,0.0,-0.13264427217915586,-0.0990990990990992,0.0019905068136578663
1997-07-27,0.09187327091075459,0.10693415136789386,0.13656083278458198,0.17153058972173163,0.06714310803151613,0.1735881855378516,0.8273687714797662,0.8273687714797662,0.8148148148148147,-0.3833333333333333,0.8623806850084221,-0.4321162932652093,-0.09615326412638847,-1.062412266493899,0.051337215039968465,0.4585365853658536,0.007060333761232496,-0.004945598417408492,0.05780346820809257,0.4153005464480872,0.7962398373983741,inf,-0.02252602143855842,0.0635551142005959,-0.06000000000000005,-0.05512683374083127
1997-10-26,0.19328454078075152,0.23800147035694086,0.3507856227234074,0.13864717390403958,0.10045335893677398,0.21107297200922015,-0.034806650556445606,-0.034806650556445606,-0.5204081632653061,-0.3833333333333333,-0.6337001416985739,1.8642393069842988,-18.878783819983926,21.585447904652057,1.1028564187286447,0.21850613154960974,0.20395156150414273,0.16699801192842956,0.0983606557377048,0.15250965250965254,0.1835926449787837,inf,-0.0778766687857596,0.14192343604108304,0.02127659574468077,0.08725184975538736
1998-01-25,0.022838364065705274,0.009670437043494795,-0.021659827256946484,-0.03270122845356349,0.05503181154324466,0.021312937559942347,0.27067477169900345,0.27067477169900345,0.3191489361702129,-0.3833333333333333,0.6989744687155344,-0.5539407956368124,-1.1155072181476293,-1.5095348946076033,-0.2672288150914086,-0.2616651418115279,0.31656961355214386,0.29216354344122664,0.054726368159204064,-0.32830820770519265,-0.4110898661567878,inf,0.03154084798345402,0.2551103843008993,0.03125,0.043806478003793226
1998-04-26,-0.008960635672025541,-0.03150715374362523,-0.06384184317811847,-0.09840160797736086,0.02785846001590153,-0.10045920844851786,-0.38302613011319697,-0.38302613011319697,-0.3709677419354839,-0.3833333333333333,-0.6286539225470154,-1.141732725097218,0.314043422567412,-0.8417355717029984,-0.05771626466207547,0.07063197026022316,-0.004825090470446325,-0.011206328279499078,0.028301886792452935,0.017456359102244523,-0.23336038961038963,inf,0.037092731829573955,-0.004560260586319309,-0.010101010101010055,0.07420998254301892
1998-07-26,-0.019521608435946414,-0.028126251059162333,-0.08719338920976227,-0.13529558007886933,0.021828149863393875,-0.24808384821765583,-0.6635273790725176,-0.6635273790725176,-0.6666666666666667,-0.6486486486486487,11.299606021864482,-18.18062700611177,-0.9842425438975333,-5.100110823790174,0.2511378182335371,-0.03472222222222232,-0.2270707070707071,-0.21999999999999997,0.01834862385321112,-0.06127450980392157,-0.08523028057173099,inf,0.04221040760431771,-0.15837696335078533,-0.0714285714285714,0.12390554523746333
1998-10-25,-0.021839152530400252,-0.017923474636202807,0.016587311532727522,0.05767370158273799,-0.04281389839835126,-0.23888993782864942,-4.929730412273502,-4.929730412273502,-4.923076923076923,-4.923076923076923,-0.5684429802697033,-0.8827529373827542,-17.45105716523101,1.4216853513186516,0.48609894666677,-0.1390887290167866,-0.6189231573444851,-0.6111111111111112,-0.05405405405405406,-0.1566579634464752,0.05844907407407396,inf,-0.021487092286288534,-0.5559875583203733,-0.1208791208791209,-0.07147072710103874
1999-01-31,0.006297553680838508,0.022331629702567968,-0.03783654704541728,-0.06739269229187195,0.03188275666926543,0.10291520287583844,-1.283217925442754,-1.283217925442754,-1.2745098039215685,-1.2745098039215685,-0.25188385707755145,3.645580948639033,1.2490479817212492,-1.0680528094904012,-0.0222598899522779,0.6545961002785516,-0.7640603566529492,-0.7604395604395604,0.028571428571428692,0.7523219814241486,3.4034991798797165,inf,0.025434439178515067,-0.723292469352014,-0.13750000000000007,0.09623085234856665
1999-05-02,0.07312804528843198,0.10099765422973861,0.11322331902044214,0.18885785539028865,0.05145468407184217,0.5052668298142569,1.6782452491254607,1.6782452491254607,1.714285714285714,1.5714285714285712,-0.3005860863623223,-0.10251470671152296,-0.10451236031154754,2.4236957200874727,-0.07794616296912704,0.2685185185185184,-0.011627906976744096,0.0,0.04166666666666652,0.23321554770318031,4.757263471566922,inf,-0.020181790171005964,0.025316455696202445,-0.02898550724637672,-0.07392590015654898
1999-08-01,0.0832843994164747,0.11184226139531539,0.08323626813424778,0.13073076705943087,0.08331194501750683,0.2826383781336512,0.7256264164530954,0.7256264164530954,0.7105263157894737,0.6944444444444444,1.450520441905907,0.2262551698863935,-0.20675963129283859,-2.3558181444898145,0.11461458952029058,0.09157266091572658,3.4294117647058826,3.4128440366972477,0.0755555555555556,0.04727793696275051,0.18253574586469412,inf,0.0,2.9259259259259265,0.13432835820895517,-0.016685449536689267
1999-10-31,0.16293636531838507,0.14909252667422979,0.12906886556759734,0.19069960849541423,0.18231742942727447,0.0920907423038555,0.2589560421576329,0.2589560421576329,0.24615384615384617,0.2622950819672132,0.5865334115382994,0.49943857881456877,4.286454919253918,3.1267435013039453,0.42434848503198097,0.16778115501519775,1.7144754316069055,1.7276507276507282,0.16115702479338845,0.08618331053351591,-0.7664362701293017,inf,0.016666666666666607,1.4166666666666665,0.11842105263157898,-0.034955907166279276
2000-01-30,0.05241106245519278,0.07945264275329866,-0.028882628901954588,-0.04874945564046329,0.09683710887003238,0.0647924048385109,0.06746633995105755,0.06746633995105755,0.04938271604938271,0.038961038961039085,-0.5552588848187274,-0.16713694694612036,-0.5357899720443683,-1.1100324944041946,-0.0327813893828528,0.5106715252472669,0.23874755381604684,0.25381097560975596,0.09608540925266906,0.30100755667506296,-0.5179198875614898,inf,0.04222084751005273,0.14964216005204944,0.09411764705882364,0.1347936528881999
2000-04-30,0.15186103030051434,0.18792837309026145,0.14571707525637057,0.2123096124649011,0.15483378064671305,0.3137897378276704,0.4274436857055004,0.4274436857055004,-0.3176470588235294,-0.32499999999999996,1.005791684097861,-0.8060093877453344,-0.5694616449333431,-13.80865569882911,0.49043934073772677,0.5809786354238458,0.16785150078988953,0.18601823708206688,0.10389610389610393,0.4424007744433689,0.1702299967606089,inf,0.0026710194390857644,0.11375212224108666,0.06451612903225801,-0.0201168638623217
2000-07-30,0.13394972148262796,0.16385512795935075,0.17142847390828475,0.2355454946365525,0.11595879862079506,0.2474837114177837,0.2877337263341089,0.2877337263341089,0.2931034482758621,0.29629629629629606,0.09798472289939864,4.807098547864092,1.2955160744500844,-0.5486519324230502,0.13146300217473184,-0.053182214472537126,0.11599594183293882,0.12608918503331634,0.11176470588235299,-0.14228187919463098,-0.2622837370242215,inf,-0.015983424596714424,0.0650406504065042,0.06060606060606055,-0.058029489423561786
2000-10-29,0.14393453480992102,0.17038164081890672,0.1141344692941264,0.16021321570790503,0.15895049644501524,0.0890796141181569,0.09713786952553982,0.09713786952553982,0.053333333333333455,0.05714285714285716,0.7101693828110738,0.012585048464727189,-1.6152286883131244,0.9533719603645641,0.22695938071319266,-0.26127992633517483,0.06515151515151496,0.07510241238051885,0.1613756613756614,-0.3356807511737089,-0.40544090056285176,inf,0.01323507294329973,0.029580152671755622,0.03809523809523818,0.00875562974394506
2001-01-28,0.021552704269879763,0.016252246964554296,-0.054386580739946955,-0.07226771209014282,0.058338076907268555,-0.08209461866588519,-0.15748659105627605,-0.15748659105627605,-0.12658227848101278,-0.108108108108108,-1.0062404071411262,-1.3944165555272505,1.2682162183749677,-0.995531041542939,0.0008266549486406483,-0.3103770645060767,-0.005689900426742556,0.0042337002540220325,0.056947608200455635,-0.40636042402826855,-0.41306405806248025,inf,0.03592103310078665,0.0,0.00917431192660545,0.09541353148708986
2001-04-29,-0.02102038435094189,-0.036666394665451296,-0.14128897980681676,-0.17850127701225615,0.03103313533193197,-0.3008631585730752,-0.5937517357782647,-0.5937517357782647,-0.5942028985507246,-0.5909090909090908,-194.85899214054555,-4.552897730294902,-0.7982744959943657,240.07488986784142,0.19912114622132893,0.09037505648441035,-0.1765379113018597,-0.1580944350758854,0.028017241379310276,0.031746031746031855,-0.017204301075268824,inf,0.053159478435305996,-0.08155699721964782,-0.0818181818181819,0.17266638164457748
2001-07-29,-0.029704455459720225,-0.04765840990792558,-0.127310308499187,-0.16973024270406767,0.005479781438246567,-0.3014315753089265,-0.8741895646804569,-0.8741895646804569,-0.8571428571428572,-0.8888888888888888,-0.6494072503618981,1.0042966644709264,-2.481670594396439,-2.864733328460395,-0.30964997901188984,0.03066721922917548,-0.3200138985406532,-0.2979469203805709,0.0,0.0019230769230769162,0.1482494529540479,inf,0.03632653061224489,-0.1680121089808274,-0.15841584158415845,0.14702379505626717
2001-10-28,-0.039554840937700786,-0.05567910407282972,-0.08894144025928863,-0.12223625845657671,-0.02410343860517017,0.02619368739555772,-11.711060473269063,-11.711060473269063,-10.75,-14.000000000000002,0.5372373894204117,-0.6690070884903532,-5.6558864245530325,-0.985738411234186,-0.006396900887595591,-0.2207478890229192,-0.6617271333673991,-0.6497860199714693,-0.027253668763102756,-0.22072936660268716,0.08623153882801349,inf,0.01601680451621368,-0.580351728320194,-0.16470588235294115,0.07581793524326153
2002-01-27,-0.0018677296965664558,-0.009188049509044616,-0.01297927376019059,-0.015404327721004973,0.001377726086757125,-0.26910235898335055,-0.8510962809254647,-0.8510962809254647,-0.8461538461538461,-0.8461538461538461,-0.776298351464787,0.5918869341792636,-1.907206842451541,28.187929454878606,-0.18791436138210904,0.03095975232198156,-1.1873111782477341,-1.1934826883910388,0.0021551724137931494,0.061576354679802936,2.0749999999999997,inf,0.003359607184390656,0.0,-0.21126760563380276,0.006322631475280671
2002-04-28,0.004796051600826301,0.000578030109182448,-0.004956368995720828,-0.02133707570348342,0.007603695680456601,0.15594026747696055,-2.143642158478954,-2.143642158478954,-1.5,-1.5,-0.7982256596906279,-0.7907041266613878,-0.8343072717636886,-0.7685869995958708,-0.05354832559343037,0.21171171171171177,1.838709677419355,1.8631578947368421,0.004301075268817067,0.20881670533642693,0.0,inf,0.0027044430135221287,0.0,-0.1250000000000001,0.022391419232349996
2002-07-28,0.03577252086621319,0.03740339758458955,0.07816808558124011,0.1112754078870577,0.023719319110436565,0.26218533609114614,1.2146261772054583,1.2146261772054583,1.3333333333333335,1.3333333333333335,7.935444340963679,-0.34540581336842513,-0.9473086149572829,-3.0711766700576466,0.1171829959086963,-0.14209004543577042,-0.3210227272727273,-0.31985294117647056,0.021413276231263323,-0.14587332053742796,0.0,inf,-0.011559208836372958,0.0,0.020408163265306145,-0.06646884272997033
2002-10-27,0.0014637868248412733,0.008632632407511442,-0.0627037343234288,-0.0852344037490953,0.020677125459054313,-0.009580168831293423,0.27784286668923075,0.27784286668923075,0.2857142857142856,0.2857142857142856,0.03316108221973546,-0.5891561100353284,-31.011980830670925,-0.016208516838848053,0.10319136056355194,-0.3615792007703419,-2.4435146443514646,-2.448648648648649,0.018867924528302105,-0.3752808988764046,0.0,inf,0.019100831600831647,-0.2326589595375722,0.0,0.10259828148391192
2003-01-26,-0.019545779291749055,-0.024037034022797332,-0.08919304018473406,-0.13523406613314015,-0.0003952791450099191,-0.27079583702820365,-1.446000461824751,-1.446000461824751,-1.4444444444444444,-1.4444444444444444,-0.5356674471824443,2.9458876016406417,-1.6881703260146375,-0.9321256802409759,0.00634889254361215,0.15082956259426838,-0.08695652173913049,-0.07835820895522394,-0.004115226337448652,0.12949640287769792,0.3604336043360432,inf,0.019635343618513268,-0.08474576271186451,0.020000000000000018,0.12859427891232378
2003-04-27,-0.010076794673749778,-0.0024951937154473747,-0.01118383218774821,-0.01655411858214062,-0.00979943937980754,0.05024430639465227,-0.05396680371554741,-0.05396680371554741,0.0,0.0,2.5838583892694196,0.11403092858705954,-3.049191739500348,15.510114012504598,0.10415964137768885,-0.10157273918741805,-0.4634920634920635,-0.46153846153846156,-0.010330578512396604,-0.0987261146496815,-0.04172782553994536,inf,0.00025009378516949177,-0.4526748971193416,-0.019607843137254943,0.014304548450889909
2003-07-27,-0.010128684352262884,-0.0065333280400983185,-0.013941277147272446,-0.01355612045916954,-0.009174819304094917,-0.011082238883213802,-0.40762321733251783,-0.40762321733251783,-0.5,-0.5,-0.5672150396283486,1.0546415885020215,-0.4874311164792028,-2.0586828837257656,-0.09986964327366998,0.20204230488694375,-1.1301775147928994,-1.1278195488721805,-0.012526096033402823,0.215547703180212,1.2538293216630194,inf,0.0010001250156268515,0.0,-0.06000000000000005,0.007116396958471549
2003-10-26,0.049702144241813295,0.0721118858691796,0.14568964900938886,0.3026927510550934,0.025802746388377207,3.089197530018531,3.052687353948155,3.052687353948155,3.5,3.5,0.9555514597463874,-0.010520571082571095,-3.30740058910162,-1.559785658175289,0.06210833083666323,0.216626213592233,16.909090909090907,17.411764705882355,0.014799154334038,0.2325581395348839,0.0,inf,-0.02285500187336076,0.0,0.6382978723404256,-0.17700771141870741
2004-02-01,0.030970588332272175,0.04886800776941391,0.07509266407201332,0.10247142229429751,0.018700962341011484,-0.6525917122652961,-1.5523141598557129,-1.5523141598557129,-1.5555555555555556,-1.5555555555555556,-0.18080233439270732,-0.29325941761174923,-0.18565798081986307,0.3232847190898611,0.07738100035388329,0.15511221945137144,-0.47461928934010145,-0.4792332268370608,0.016666666666666607,0.13915094339622636,0.0,inf,-0.011886503067484622,0.0,0.051948051948051965,-0.04861410593170512
2004-05-02,0.054225485724315625,0.0698784123074736,0.06592193825622439,0.08887353373649831,0.05079284197401268,0.297442923196404,3.532242400699233,3.532242400699233,3.3999999999999995,3.3999999999999995,0.01369119115664108,0.5601658805568848,0.03348747893561166,-1.2120268146268487,-0.015228454012353843,-0.11269430051813467,-2.5893719806763285,-2.5766871165644174,0.04508196721311464,-0.12836438923395443,0.0,inf,-0.0032337343163886256,0.10902255639097747,0.07407407407407396,-0.017451683355997782
2004-08-01,0.06344173415377585,0.07963989870713961,0.09489539970276994,0.1203465946185236,0.054077891004282286,0.10804541884589747,0.1800545335718955,0.1800545335718955,0.18181818181818188,0.18181818181818188,2.099115622786787,-0.5333206759065883,-0.35360142578162035,-27.76568570535435,0.41390311847842454,-0.1284671532846715,1.6686930091185412,1.6381322957198443,0.050980392156862786,-0.166270783847981,-0.45660194174757285,inf,-0.008824292758889074,1.4610169491525422,0.06896551724137945,-0.036341141191519766
2004-10-31,0.014681080262909596,0.013812235596058597,0.0058123177656146385,0.03676232026434034,0.01742357509211101,-0.014669843552674422,0.03276883862078983,0.03276883862078983,0.03846153846153855,-0.03846153846153855,-0.25718245155544095,-2.7563215872817173,-15.56821048309037,-0.6089154503774,0.11448529433312404,-0.07202680067001666,0.7482915717539862,0.7389380530973453,0.02985074626865658,-0.11680911680911676,-0.6625871002322672,inf,0.00274941084053415,1.322314049586777,-0.24731182795698936,-0.02213082647865261
2005-01-30,0.00042204681957880297,-0.007870432374827097,-0.011550043123269016,-0.02868118223009719,0.004081935844065132,-0.1918770888665794,-0.36536280680779243,-0.36536280680779243,-0.37037037037037035,-0.31999999999999995,-0.5326441505579067,-1.0912439973985015,-0.4644454914088517,-1.249178761273368,-0.2837003756610882,-0.005415162454873612,0.11791530944625417,0.11704834605597969,0.010869565217391353,-0.03548387096774186,-0.43897272967963996,inf,0.0036558297427862207,0.12158956109134045,0.0,0.021430002002803983
2005-05-01,-0.01507544417103246,-0.019180932413870977,-0.02304664819390323,-0.027123880525153687,-0.012676570355987016,0.0452735519292633,0.05563347358578774,0.05563347358578774,0.0588235294117645,0.0588235294117645,1.0084351686189783,-9.422154957769857,0.5772680792192364,-4.918384467881112,0.017904733236911552,-0.019358741681790748,-0.0576923076923076,-0.05846621108580119,0.0017921146953405742,-0.026755852842809347,-0.15007078810759789,inf,0.002341615714843037,-0.025383395029085154,-0.042857142857142705,0.008169934640523069
2005-07-31,-0.024966855927892162,-0.02603443378282455,-0.06846940290701464,-0.08545520979797228,-0.012012597767967259,-0.12317448684684895,0.2124495620509792,0.2124495620509792,0.2777777777777779,0.2777777777777779,-0.29320520120092364,-2.6772437699624954,0.1065482532350368,-2.7827234395822864,-0.24523110156640215,0.03516347933374453,-0.04700061842919001,-0.04112903225806441,0.0,0.030927835051546282,0.08328706274292053,inf,0.013367942894224605,0.029300054259359776,-0.059701492537313494,0.06495948136142604
2005-10-30,-0.030080261483069193,-0.030354245059428075,-0.0810348158071208,-0.10716783685384101,-0.015773985864746654,0.05280960428643744,-0.3324675113842058,-0.3324675113842058,-0.30434782608695654,-0.34782608695652184,-0.41209413485290314,-0.8555071316741721,-0.09238576712066149,-0.34950478305306576,-0.21135165869530936,0.041120381406436035,-0.13887086307592456,-0.1320437342304458,-0.00536672629695889,0.043333333333333224,0.07893388006150692,1.0,0.014728483606557319,-0.08803373748023202,-0.04761904761904767,0.08603721515391327
2006-01-29,-0.005257624860493082,0.009812161123407437,0.08618316266542703,0.06405806230153388,-0.029228713422528085,0.08117710055176586,-0.42127321513979754,-0.42127321513979754,-0.4375,-0.4,1.0818190091921247,-5.38231917336395,0.13442693759952906,-1.440675347771699,0.11809758649032354,0.05495134516313693,-0.10550113036925401,-0.10368217054263562,-0.017985611510791255,0.057507987220447365,0.1995249406175772,0.5,-0.024107030165341437,-0.13005780346820806,0.016666666666666607,-0.050970647035743055
2006-04-30,0.021574485713888203,-0.23117919339886883,0.11436639396395987,0.16450652461028814,-0.005642752145668339,0.20999982773396964,1.891259280011206,1.891259280011206,1.8888888888888893,1.8888888888888893,0.2215389398112393,0.26339402672255696,-0.027100361714724408,1.3032482023307712,0.2432775609839799,0.02767227346717327,0.11878685762426278,0.1124324324324324,0.009157509157509125,0.048338368580060465,0.15405940594059397,0.33333333333333326,-0.026642524573202264,0.044518272425249306,0.06557377049180335,-0.3397909160711121
2006-07-30,0.028126778111583928,0.009822751250984307,0.09700623277937903,0.1116684624523836,0.00548506904197521,0.13158288123874962,0.24036491010479288,0.24036491010479288,0.26923076923076916,0.26923076923076916,-0.28037156479519,-0.4332970441604672,0.20707369362666572,-1.2532583961006902,-0.04955617863265249,-0.10718057022175298,0.13478915662650603,0.11758989310009715,0.025408348457350405,-0.11527377521613846,-0.20521619766643795,0.41666666666666674,-0.022056869519000877,-0.0006361323155217313,0.12307692307692308,-0.09160851672928982
2006-10-29,-0.19475521063318502,-0.17909253357225652,-0.08960225077085493,0.0017427369852953678,-0.23246676876748795,-0.009888171270203472,-0.12305874541051476,-0.12305874541051476,-0.06060606060606066,-0.09090909090909094,0.821006244128861,10.011915198548525,3.5445286864073138,5.551954619409877,-0.3416191743404636,0.009461856889414477,0.23490378234903764,0.2008695652173913,-0.1539823008849558,-0.01628664495113996,-0.11183074265975823,0.2941176470588234,-0.046739130434782616,0.052832590706556326,0.1369863013698629,-0.1805199921213314
2007-01-28,0.03450813467207592,0.053373620440916314,0.00418987947072158,0.0033459973030054435,0.04740520792615088,-0.09571007027379264,-0.10144779067721688,-0.10144779067721688,-0.06451612903225812,-0.033333333333333326,-0.42163572777824143,-1.033179417241833,-0.9503981297134948,-1.463433513648953,0.24046534790234753,0.07264206209724655,0.2364320257925847,0.2107168718320056,0.043933054393305415,0.26821192052980125,-0.09188138065143414,0.2272727272727273,0.012400228050171158,0.12091898428053205,0.08433734939759052,0.04983375395585443
2007-04-29,0.008994695454314305,-0.007273808715363206,0.006050416500662292,0.005669758071774833,0.010195485358873047,0.11078806305979927,0.019748386521131422,0.019748386521131422,0.034482758620689724,0.0,0.3461123775895403,4.791624937406109,1.9409737863233678,-1.6592791766432378,-0.12780187438881163,0.018022938285090273,0.05302042590178169,0.037081339712918826,0.02004008016032066,-0.023498694516971286,-0.1541755888650963,0.18518518518518512,0.0012670702520061194,-0.029126213592233108,0.06666666666666665,-0.01285915976647467
2007-07-29,0.04740798585480532,0.07115011309968633,0.041547562115989534,0.03690276942654647,0.04978828430717819,0.0124223135951258,0.1508613565880168,0.1508613565880168,0.13333333333333353,0.1724137931034484,0.2424961121266569,-0.08356119475036117,-0.45539337134749636,-2.3226160751550475,0.19380093643647722,0.07832618025751081,0.022699133305819297,0.013264129181084217,0.05304518664047153,0.05614973262032086,0.051265822784809956,0.1875,0.0022497187851517886,-0.02388888888888885,0.04166666666666674,0.03301120989563211
2007-10-28,0.027851551650334594,-0.030215512590225146,-0.04856165731686268,-0.0687941562240193,0.058644283396477315,-0.07572870427929268,-0.10929748793596827,-0.10929748793596827,-0.1470588235294119,-0.17647058823529405,0.0624734341645663,0.5595119228259418,-0.05936715168919082,-0.5014864558132325,0.0809283932864493,0.040298507462686484,-0.05488297013720744,-0.043824701195219085,0.05597014925373123,-0.012658227848101333,0.03190848886213127,0.1578947368421053,0.029882154882154843,0.0,-0.040000000000000036,0.04146085915282138
2008-01-27,-0.028307197011472107,-0.06264631471606619,0.021566608982492186,-0.008406845303176036,-0.04636990598497026,-0.1181418680852574,-0.37790359943190577,-0.37790359943190577,-0.34482758620689646,-0.3214285714285715,-0.4246646727625414,-1.731045730216426,2.498990238093989,-0.8564416360345153,0.010748119681855073,-0.144906743185079,-0.09777967549103328,-0.09464285714285714,-0.026501766784452374,-0.18974358974358974,-0.13068844807467916,0.13636363636363646,-0.018526086364255456,-0.06431417188389299,-0.03124999999999989,-0.054721184248347154
2008-04-27,0.059740421819373335,0.06704538223581302,0.12661360300813085,0.15039707325778529,0.03379569527309667,0.029989982739268006,0.15295225173034122,0.15295225173034122,0.1578947368421053,0.1578947368421053,1.2425775727360668,-4.1307086777073225,-0.8750352300597861,-10.080993269900208,-0.09656570276453158,0.09116331096196872,-0.08991954566966398,-0.09335963182117035,0.03266787658802195,0.120253164556962,0.1906040268456375,0.1200000000000001,-0.024566273421235296,-0.031021897810218912,-0.06451612903225812,-0.07244669124634151
2008-07-27,0.0025057994066146616,0.0025635173207316786,0.060580108988983916,0.07533024922204667,-0.022048154770890283,-0.1403861771034206,-0.45532500074378446,-0.45532500074378446,-0.4545454545454546,-0.4545454545454546,-0.6333898549431237,-1.0869119404382328,3.2829636383267156,-1.3601073345259391,0.03849092062983317,-0.03229113275243478,-0.2158086323452939,-0.22262509064539515,-0.012302284710017597,-0.062146892655367325,0.033258173618940345,0.10714285714285698,-0.024473534433693822,-0.14500941619585694,-0.09195402298850575,-0.06765561611277315
2008-10-26,0.0007161924130882902,0.006081334566247154,-8.271523458447394e-05,0.011738779188947168,0.0010825118571715642,0.10578529657477032,0.40254782482035356,0.40254782482035356,0.5,0.41666666666666674,-0.6057743322784612,4.867816456097221,-0.10754169992857443,5.412887658789298,0.23768907843006604,-0.1875,-0.15782493368700257,-0.1725746268656717,0.010676156583629748,-0.17771084337349397,0.03327877795962908,0.09677419354838723,0.0004375729288215169,-0.13215859030836996,-0.05063291139240511,-0.005625879043600568
2009-01-25,-0.05258025435935976,-0.057695069308841274,-0.1117696739708911,-0.14116912551535332,-0.02547199229350594,-0.34755051801238646,-1.5752352928449338,-1.5752352928449338,-1.5555555555555556,-1.5882352941176472,-2.4662871980810186,-0.47948480391839277,-0.6799457662865913,-1.1675741076830006,-0.032181374076949654,-0.3005215123859192,-0.40944881889763785,-0.4126268320180383,-0.02640845070422526,-0.3076923076923077,-0.19060190073917638,0.08823529411764697,0.028575594109928604,-0.3510998307952622,-0.09333333333333327,0.09719766619519099
2009-04-26,-0.06506806981431879,-0.05810211622652661,-0.13602775965081615,-0.15689336138901722,-0.0354470112908406,-0.23497820602431685,0.9211789308980396,0.9211789308980396,0.8999999999999999,0.8999999999999999,-1.4551418066376196,-0.7102517187156412,-0.4767788499254727,-3.2184555780575854,0.07376686800429799,-0.055917986952469634,-0.9866666666666667,-0.9865642994241842,-0.03797468354430378,-0.03174603174603163,0.6118721461187215,0.08108108108108114,0.03175053153791629,-0.984354628422425,-0.13235294117647067,0.11718970309793342
2009-07-26,-0.0173162668673279,-0.02536245482945676,-0.03261269410523138,-0.04400250746307843,-0.011596839244752521,0.11142590216228765,-0.7851716981870864,-0.7851716981870864,-0.7894736842105263,-0.7894736842105263,1.297900355871886,-1.3873933214960765,0.4649711372666616,-0.12190910895018858,0.060324095281722334,0.1846001974333662,-30.2,-30.71428571428571,-0.011278195488721887,0.23497267759562823,1.7496785278331348e+16,0.07499999999999996,0.005770023354856324,0.0,-0.08474576271186429,0.019508149430261135
2009-10-25,-0.0006302529122058642,-0.013156589170953636,-0.03391044901724882,-0.048811588914669746,0.011548833132842162,0.34633513856792564,-3.5127494759865123,-3.5127494759865123,-3.5,-3.5,0.23827001801634373,5.324979670289052,-0.38793577688223635,-0.7637014938865911,0.013443525108166599,0.11166666666666658,0.4657534246575341,0.4951923076923077,0.005703422053231932,0.1238938053097347,0.0,0.06976744186046524,0.012156809179074024,0.0,-0.05555555555555558,0.03749159975948779
2010-01-31,0.04486986595180431,0.02818025901805732,0.15165941761589918,0.174528746963712,0.007545871456182018,0.21128751816372437,-0.39975482729105916,-0.39975482729105916,-0.4,-0.4,0.5503170480553969,1.8610299445989855,0.2464361857781865,-9.480082253359475,-0.11248993739457658,0.0029985007496251548,-0.705607476635514,-0.7041800643086817,0.005671077504725952,-0.003937007874015852,0.0,0.06521739130434767,-0.03576248313090413,0.0,0.11764705882352922,-0.12460368867828042
2010-05-02,0.04457399250167793,0.055396893591551644,0.09558898972054086,0.1307633010059932,0.02419341638800465,0.24156932060217362,2.1903421106693575,2.1903421106693575,2.3333333333333335,2.3333333333333335,0.41704291518878756,-0.5506814170860841,0.8382076737322244,-2.1130397514196932,0.14107747091963563,-0.017937219730941756,-5.777777777777778,-5.717391304347826,0.02443609022556381,-0.02371541501976271,0.0,0.061224489795918435,-0.01945416375087472,51.66666666666668,0.21052631578947367,-0.06667185917906393
2010-08-01,0.02645030038520546,0.06130503423293954,0.10206931512068396,0.12176782539152575,-0.005865527235663692,0.09681817785793312,-0.5337343373585248,-0.5337343373585248,-0.55,-0.55,-0.43278237437376654,-0.37584328914589127,0.7565683841774924,-1.1625965182498024,-0.020102365968044933,-0.01902587519025878,0.4003322259136213,0.3732718894009217,0.0,-0.04048582995951422,-0.9999999999999999,0.06730769230769229,-0.03154439052240943,0.17405063291139222,0.15942028985507273,-0.053867979637820196
2010-10-31,0.020249301053835822,0.03259694969953064,-0.011826245233118593,-0.000552350048728667,0.03544504989530983,0.14641610301097385,2.8020325599532074,2.8020325599532074,2.888888888888889,2.888888888888889,0.756832529834293,-0.8923865780024327,0.11315100650227472,-10.14019070173252,0.18750882961919335,-0.1186966640806828,0.5195729537366547,0.49496644295302006,0.04220183486238516,-0.1223628691983123,-0.3733862959285006,0.06306306306306286,0.014885777450257986,0.32345013477088935,0.13749999999999996,0.03316427783902953
2011-01-30,0.030215167300309043,0.05567885604735334,0.008149723881438087,0.009046094776922642,0.040191409019477264,-0.06944033037293407,0.08116192857066551,0.08116192857066551,0.08571428571428585,0.08571428571428585,-0.19065964095757337,4.346869712351946,0.07308652343294386,-0.6045369161379621,0.06262488803142019,0.2526408450704227,0.41764246682279493,0.4085297418630751,0.045774647887323994,0.20673076923076916,-0.19453248811410462,0.05932203389830515,0.00972988672669195,0.33503054989816694,0.05494505494505497,0.04618602467238664
2011-05-01,0.060581869788894904,0.11229347521702615,0.0989810771470161,0.11564859299931363,0.043755581069014005,0.06552494415487709,-0.03359683794466406,-0.03359683794466406,-0.02631578947368418,-0.02631578947368418,0.6564705882352941,-1.5696202531645569,-0.27826086956521734,4.025862068965517,0.2958459979736576,0.10049191848208006,0.13325991189427322,0.12589641434262955,0.045454545454545414,0.05179282868525914,-0.2449581898671913,0.06400000000000006,-0.01582050913274846,0.10450038138825346,0.02083333333333326,-0.002978497694724358
2011-07-31,0.17947645730534423,0.29317724068479345,0.4707284768211921,0.008305136880959685,0.04509899780004889,-0.026205450733752578,-0.026584867075664653,-0.026584867075664653,-0.027027027027027084,-0.027027027027027084,-0.1491477272727273,4.6,-10.674698795180722,3.219554030874786,0.9616888193901485,-0.12196679438058744,0.17395529640427587,0.1372965322009907,0.04508856682769724,-0.16287878787878796,-0.24755700325732888,0.0601503759398494,-0.11398509425690495,0.19337016574585641,-0.05102040816326525,0.282493043051236
2011-10-30,-0.017159469616393697,0.007982088971089318,-0.08843659942363113,-0.1476510067114094,0.0291194012396212,-0.21707929673484028,-0.044117647058823484,-0.044117647058823484,-0.02777777777777779,-0.05555555555555547,0.1652754590984975,0.9523809523809523,-1.1556662515566625,-0.6170731707317073,0.18772419290554,-0.18327272727272725,-0.04428807947019875,-0.0634723086496578,0.03852080123266566,-0.2171945701357466,-0.33419913419913416,0.05673758865248235,0.04717136730991278,0.0596064814814814,-0.11827956989247324,0.18261590988863707
2012-01-29,-0.019046244859678207,-0.40540801545147276,-0.02252519264967401,-0.10737294201861136,-0.017045454545454586,0.0032080659945004086,-0.7428571428571429,-0.7428571428571429,-0.7428571428571429,-0.7352941176470589,-0.7406876790830945,-9.449186991869919,0.20799999999999996,-5.542462845010616,-0.7179530201342281,0.01780943900267129,-0.2208748375920312,-0.23654485049833884,-0.005934718100890191,-0.017341040462427793,0.024707412223667014,0.05369127516778538,0.00204756654591276,-0.16220644456581101,-0.08536585365853655,-0.3338999514327343
2012-04-29,0.020592777818636554,0.028098099723891545,0.045886395795431634,0.06896551724137923,0.006127167630057828,0.16080402010050254,1.4700854700854702,1.4700854700854702,1.4444444444444446,1.4444444444444446,2.3314917127071824,-0.9376954534520087,-0.13576158940397354,-1.0186959569992988,0.04759071980963703,0.0804899387576552,-0.14341300722623684,-0.16013925152306352,0.013432835820895495,0.08235294117647074,0.351522842639594,0.05095541401273884,-0.014146494812951937,-0.10169491525423735,-0.06666666666666676,-0.038238749139223205
2012-07-29,-0.040138358434820165,-0.07345971563981046,-0.037301894085813636,-0.09677419354838712,-0.0418246581638515,-0.07792207792207795,-0.24567474048442905,-0.24567474048442905,-0.22727272727272718,-0.22727272727272718,0.08789386401326693,0.084942084942085,1.3333333333333335,-3.9,-0.13174332765474162,-0.10931174089068818,-0.18818948734587926,-0.18134715025906734,-0.007363770250368162,-0.11956521739130432,0.022535211267605604,0.054545454545454675,-0.0017538265306121792,-0.15384615384615397,-0.02857142857142847,0.025818135871625403
2012-10-28,-0.0914414414414414,-0.13009377664109123,-0.02288697048785382,-0.059385382059800707,-0.13238997481712433,-0.29748186086214257,-3.3623853211009176,-3.3623853211009176,-3.411764705882353,-3.411764705882353,-0.3734756097560976,-1.1316725978647686,-0.044334975369458074,-0.4094827586206896,-0.08960104643557876,0.031818181818181746,-0.894484412470024,-0.8962025316455696,-0.10385756676557867,0.03703703703703698,0.27089072543617987,0.051724137931034475,-0.04520044721290528,-0.8927958833619211,-0.02941176470588236,-0.07517654787321404
2013-01-27,-0.032060816393984504,-0.06605252842022735,-0.060406821450585624,-0.13245033112582782,-0.012992398064961996,-0.04434993924665853,-1.0660194174757283,-1.0660194174757283,-1.0731707317073171,-1.0731707317073171,-0.9610705596107056,5.837837837837838,-0.7628865979381443,-1.9562043795620438,0.09410919540229878,0.012334801762114544,-0.75,-0.7560975609756098,-0.01490066225165565,0.13095238095238093,10.859826589595375,0.04918032786885229,0.019739043158246927,-0.744,-0.030303030303030276,0.07653718091009987
2013-04-28,-0.0016219907802629274,0.07303252885624345,0.04898316203804942,0.12010178117048342,-0.03402884750035007,0.2542911633820726,-4.794117647058823,-4.794117647058823,-4.666666666666667,-4.666666666666667,13.0,-1.2411067193675889,0.021739130434782705,-0.83206106870229,0.014445173998686833,0.17319408181026974,-17.03030303030303,-17.049999999999997,-0.03529411764705881,0.19473684210526332,7.2125015230900456,0.046875,-0.032480314960629975,0.0,-0.03125,-0.0420223514371727
2013-07-28,0.00478837109876018,0.024251906903970166,0.0,0.00045433893684698745,0.008118295158016764,0.0010136847440445074,-2.302325581395349,-2.302325581395349,-2.272727272727273,-2.272727272727273,0.625,-0.4426229508196722,-0.07801418439716312,8.090909090909092,0.12944983818770228,0.15356083086053407,0.18336483931947067,0.1651090342679129,0.006968641114982521,0.19383259911894268,0.0,0.04975124378109452,0.003390979993218135,0.0,-0.016129032258064502,0.02380542402066288
2013-10-27,0.02484894902561474,0.07733435172808867,0.03293725244944756,0.10944595821980019,0.019269485188380786,0.00658227848101256,0.08928571428571419,0.08928571428571419,0.0714285714285714,0.0714285714285714,-0.9478021978021978,-2.6764705882352944,-0.15384615384615385,-1.17,-0.019484240687679066,0.06366559485530532,-1.5830670926517572,-1.5802139037433154,0.01903114186851207,0.05535055350553497,0.0,0.04739336492891,-0.005407232173031407,9.656249999999998,0.049180327868852514,-0.028928226043812844
2014-01-26,0.01295358299427063,0.06593406593406592,0.0006054490413722746,0.013917314776913603,0.02158577878103829,0.10160965794768617,0.3825136612021858,0.3825136612021858,0.3999999999999999,0.3999999999999999,18.57894736842105,1.6842105263157894,-0.1636363636363637,-13.735294117647058,0.2530683810637053,0.0435308343409917,0.8465753424657536,0.8341013824884793,0.015280135823429575,0.02447552447552459,-0.9390281899109792,0.045248868778280604,0.008494733265375531,0.7155425219941352,0.0625,0.05126650790214349
2014-04-27,0.029182719895073372,0.06434985034918528,0.024606696248487214,0.0746871215179652,0.032315978456014305,0.07442922374429228,0.035573122529644285,0.035573122529644285,0.04761904761904767,0.0,0.174731182795699,-1.4509803921568627,-0.3586956521739131,-0.28637413394919164,0.14412313432835822,0.08806488991888761,0.7878338278931749,0.7939698492462313,0.026755852842809347,0.07167235494880542,-0.4141623068499818,0.04329004329004338,0.0030323450134770447,0.7401709401709402,0.02941176470588225,-0.009596770871947102
2014-07-27,0.02357626443647942,0.03733791595063263,0.01712598425196843,0.03493613824192332,0.027959866220735874,-0.03739906502337442,0.14885496183206115,0.14885496183206115,0.13636363636363646,0.1428571428571428,0.33638443935926765,1.7826086956521738,1.0169491525423728,-0.11650485436893199,0.11129229514879735,0.11661341853035134,0.1244813278008301,0.12745098039215685,0.027687296416938123,0.08917197452229297,-0.38650051921079953,0.04149377593360981,0.004198857910648224,0.11591355599214159,0.014285714285714235,0.0023288696664727215
2014-10-26,0.02513423079915955,0.04924698795180715,0.026901490226437064,0.024682395644283206,0.02394586153045286,-0.00044150110375273943,-0.1495016611295681,-0.1495016611295681,-0.19999999999999996,-0.125,-0.30308219178082196,-0.7239583333333333,-0.3445378151260504,0.01098901098901095,0.1012472487160676,0.002384358607534498,0.04575645756457547,0.04844720496894417,0.020602218700475516,-0.02631578947368418,-0.12153012863913337,0.03984063745019917,-0.0011707643418632507,0.040492957746478764,0.0,0.023939921998174407
2015-01-25,-0.00766661606194019,-0.004880149275154344,-0.05748209574067098,-0.10697839178179247,0.025927808845958245,0.041961130742049546,0.359375,0.359375,0.40000000000000013,0.3333333333333335,-0.8525798525798526,-0.05660377358490565,0.0641025641025641,-1.2644927536231885,-0.02431712191872082,0.1046622264509991,0.059280169371912717,0.07109004739336489,0.020186335403726607,0.08408408408408397,0.028516377649325797,0.03831417624521083,0.033991962491627836,0.06852791878172582,0.014084507042253502,0.11434823128976057
2015-04-26,0.03931767765623806,0.07413817972017878,0.046990601879624005,0.06941689805632678,0.034563924677898816,0.03518440016956337,0.04597701149425282,0.04597701149425282,0.0714285714285714,0.03571428571428559,3.966666666666667,0.8,-0.1686746987951807,-2.904109589041096,0.04711505633321944,0.014642549526270532,0.057295136575616246,0.06526548672566368,0.03196347031963476,-0.005540166204986208,-0.061071562382915,0.03690036900368998,-0.004696356275303626,0.07680126682501998,-0.01388888888888895,0.004399840005817834
2015-07-26,-0.03194229778464708,-0.05425003357056535,-0.01145912910618796,0.12017804154302669,-0.04478505568195423,0.019656019656019597,-0.09615384615384615,-0.09615384615384615,-0.09999999999999987,-0.06896551724137923,0.12080536912751683,-0.06666666666666665,9.782608695652174,-4.553956834532374,-0.16074339745679822,-0.19864176570458403,0.013232514177693666,0.01661474558670828,-0.020648967551622488,-0.22562674094707524,-0.2613727055067836,0.03558718861209975,-0.013179303612105397,-0.0022058823529413907,0.014084507042253502,-0.15570921729056542
2015-10-25,0.16384094883296596,0.3149226182024705,0.4866692426584236,0.25761589403973506,-0.04563118967030211,-0.048995983935743004,0.02127659574468077,0.02127659574468077,0.03703703703703698,0.03703703703703698,0.41017964071856294,-0.3214285714285714,-3.431451612903226,-5.5,0.8636363636363635,-0.15254237288135586,0.07027363184079616,0.020429009193054126,-0.0030120481927710108,-0.13309352517985595,-0.17666126418152361,0.03436426116838476,-0.18004946413849965,0.05084745762711873,-0.02777777777777779,0.04558123579606366
2016-01-31,-0.12947478442644367,-0.2538602742684375,-0.19974009096816114,-0.3925750394944708,-0.05845264678838824,-0.046875,-0.14880952380952384,-0.14880952380952384,-0.1071428571428572,-0.1071428571428572,-0.5605095541401274,0.9122807017543859,-2.068546158098397,-1.8254610886189835,-0.3825307483844069,0.10187499999999994,-0.01743172574084839,-0.049049049049049054,-0.04229607250755296,0.10373443983402497,0.03280839895013132,0.03322259136212624,0.08164086064749654,-0.035063113604488105,-0.014285714285714346,0.22834645669291342
2016-05-01,-0.01883535944769621,-0.026338639652677243,0.05716141604417024,0.1317728651928911,-0.0841238839285714,0.08551174124944616,0.11888111888111896,0.11888111888111896,0.15999999999999992,0.15999999999999992,1.3236714975845412,-0.9541284403669725,-0.49922400413864454,-0.7318801089918257,-0.16610398379473323,0.055019852524106794,0.02542874039030152,-0.02421052631578946,-0.04889589905362768,0.10150375939849621,0.08386277001270637,0.032154340836012985,-0.0665551217698458,-0.03415697674418616,0.01449275362318847,-0.139690170940171
2016-07-31,0.0477246653919694,0.09973246135552905,0.056835637480798784,0.1351972424358483,0.03869002284843859,0.15142857142857147,0.578125,0.578125,0.6206896551724139,0.5862068965517244,1.0395010395010393,63.400000000000006,-0.6890495867768596,-1.7276422764227641,0.1449392712550608,0.25,0.18512110726643582,0.12729234088457386,0.046434494195688014,0.31740614334470973,0.2502930832356389,0.031152647975077885,-0.008564031069507982,0.10007524454477057,0.014285714285714235,-0.031240298044085568
2016-10-30,0.06489524782830869,0.12893634274902022,0.07136627906976734,0.22537112010796223,0.05836632937380837,0.16873449131513651,0.20792079207920788,0.20792079207920788,0.19148936170212782,0.19565217391304346,-0.18756371049949028,-1.0341614906832297,-0.23588039867109634,0.6145251396648044,0.20438472418670428,0.21591397849462357,0.20632603406326044,0.2047846889952154,0.06180665610142633,0.16062176165803121,0.035630567276137004,0.030211480362537735,-0.0062274005624749496,0.08755129958960328,0.11267605633802824,-0.07871650042062261
2017-01-29,0.04496846723334258,0.08871064288279662,0.025234025234025292,0.048458149779735615,0.0651240127476791,-0.005762814680012163,0.15245901639344273,0.15245901639344273,0.1607142857142856,0.18181818181818166,-0.18946047678795486,-34.36363636363637,-0.15652173913043477,-0.8529411764705882,0.024955960070463856,0.11814644499469407,0.2194433239209359,0.20015885623510732,0.0626865671641792,0.05357142857142838,-0.07695789950203713,0.029325513196480912,0.019405700424499628,0.13522012578616338,0.06329113924050622,0.038394643012436
2017-04-30,0.19653634216741023,0.32153067956894654,0.326981606457589,0.0758928571428572,0.06829712501626117,0.08175716900549124,0.1721194879089616,0.1721194879089616,0.1692307692307693,0.1692307692307693,0.390092879256966,2.4904632152588557,-10.463917525773196,16.094117647058823,0.41621311945001427,0.19550775071180015,0.16771419120079378,0.1323626737260093,0.07303370786516838,0.125,-0.04953408533594905,0.028490028490028463,-0.10727741423755699,0.13074792243767308,0.0,0.22834052175369535
2017-07-30,0.04594298245614037,0.05932767515393578,0.033306741124850436,0.0668782035635831,0.0613735996103264,0.055837563451776706,0.12257281553398047,0.12257281553398047,0.13157894736842102,0.11842105263157898,0.5211581291759466,-0.7275565964090553,-1.3720043572984748,-0.7701307639366828,0.06755663430420711,0.17041545382376277,0.09008498583569402,0.06604324956165986,0.06937172774869116,0.09039548022598876,-0.056759545923632526,0.027700831024930705,0.014882274544646856,0.0818226359627634,-0.011904761904761862,-0.007090747937546826
2017-10-29,0.017873990984379917,0.014688555494462241,-0.02817988805249949,-0.05856783344772365,0.07262505736576408,0.060096153846153744,0.06162162162162166,0.06162162162162166,0.08139534883720945,0.07058823529411762,-0.4882869692532943,0.515759312320917,-0.3587115666178624,-1.8023952095808382,-0.05077680939749907,0.11598462581957958,0.05093555093555091,0.046052631578947345,0.08323133414932671,0.04317789291882557,-0.03884026258205697,0.02695417789757415,0.05362223681330702,0.06974637681159424,-0.02409638554216853,0.0777999038659618
2018-01-28,0.012565013646428813,0.00859266140269388,0.10794438927507444,0.06901579586877271,-0.0901700716654188,0.059208868732678166,-0.8625254582484725,-0.8625254582484725,-0.8602150537634409,-0.8571428571428572,1.0972818311874106,-3.555765595463138,1.3493150684931505,-7.675373134328358,0.35708582834331337,0.10555105348460292,-0.18496538081107805,-0.2133123689727463,-0.0847457627118644,0.021523178807947074,-0.020489470688673794,0.026246719160105014,-0.10137100124636478,-0.2154953429297206,0.0,-0.05651121304791029
2018-04-29,-0.059248334435233696,-0.0873436180827385,0.02679931881330111,0.041145714935212574,-0.17211380202210202,0.08634633682207427,7.362962962962962,7.362962962962962,7.461538461538462,7.384615384615385,-0.5832196452933152,-0.9837278106508875,1.489795918367347,-2.078256008943544,-0.2837181938520371,-0.01466006963533073,0.14502427184466016,0.10259826782145232,-0.13703703703703696,0.07617504051863855,0.17896571760604285,0.025575447570332477,-0.11997226074895984,0.03831624392876409,0.061728395061728225,-0.12340468633938828
2018-07-29,-0.03324683749594548,-0.08426541081490202,-0.034741620111731875,-0.05633187772925763,-0.030815109343936387,-0.021677249835778456,0.03897254207263057,0.03897254207263057,0.07272727272727253,0.07339449541284382,0.036006546644844484,-31.636363636363637,-0.4320843091334895,-0.22446863659927418,-0.3071868583162217,-0.05616514785196214,0.14228934817170114,0.09486404833836848,-0.007153075822603716,0.09337349397590367,-0.16067028092656477,0.04987531172069826,0.0023640661938535423,0.03274428274428276,0.058139534883721034,-0.029619073296614284
2018-10-28,-0.006151093217021786,-0.013040683258334074,-0.011213601012841412,-0.05876908838500694,0.002051282051282133,-0.10161145926589077,-0.2531969309462916,-0.2531969309462916,-0.24576271186440668,-0.24786324786324776,0.7014218009478672,-0.8086053412462908,-0.39381443298969077,-1.0441176470588236,0.01956135151155891,-0.19251231527093604,0.05219206680584554,-0.00938189845474613,0.027377521613832778,-0.18732782369145995,-0.27069876688197303,0.04750593824228022,0.008385744234800763,-0.0337191746351283,0.0219780219780219,0.04858299595141702
2019-01-27,0.06464862431778551,-0.04298874104401229,-0.020212182184013217,-0.071779744346116,0.20032168445679188,-0.06502242152466364,-0.11986301369863017,-0.11986301369863017,-0.0898876404494382,-0.09090909090909083,-0.22562674094707524,-0.4883720930232558,0.15192743764172345,-4.757575757575758,-0.0720930232558139,-0.1671547096144459,0.2043650793650793,0.20445682451253488,0.2131837307152875,-0.18813559322033901,-0.1594202898550725,0.04535147392290262,0.1273388773388775,0.22395833333333326,-0.010752688172043001,0.03103944280414872
2019-04-28,-0.007768734806045896,-0.02168206125425376,-0.01297489032017174,-0.045286016949152574,-0.0009745401388719932,-0.057021049826805226,-0.13618677042801552,-0.13618677042801552,-0.1234567901234569,-0.1250000000000001,-0.04076738609112707,0.9545454545454546,-0.26476377952755903,-0.6935483870967742,-0.023809523809523836,0.20920011719894527,-0.1511989749222039,-0.12072155411655883,0.012716763005780285,-0.0041753653444677186,0.00287356321839094,0.045553145336225676,0.006915629322268302,-0.05957446808510636,-0.0652173913043479,0.024708128350099168
