Quarter end,Assets,Current Assets,Liabilities,Current Liabilities,Shareholders equity,Revenue,Earnings,Earnings available for common stockholders,EPS basic,EPS diluted,Cash from operating activities,Cash from investing activities,Cash from financing activities,Cash change during period,Cash at end of period,Price,ROE,ROA,Book value of equity per share,P/B ratio,P/E ratio,Cumulative dividends per share,Equity to assets ratio,Net margin,Asset turnover,Current ratio
1994-03-31,0.012061184552098814,-0.0007908867252487406,-0.0572169102070994,-0.08815235418668121,0.04678234990919483,0.13925076511409396,0.14983950353092235,0.14983950353092235,0.16666666666666674,0.16666666666666674,-0.1370671923208776,-3.418088454530396,-0.246350912612883,4.400603349630709,0.7028450359098632,-0.07692307692307687,0.0620155038759691,0.2882543103448276,0.04424778761061954,0.16192560175054682,0.09506661865322297,inf,0.03437922233898827,0.04271744724652593,0.0,0.09581593255062648
1994-06-30,0.012061184552098814,-0.0007908867252487406,-0.0572169102070994,-0.08815235418668121,0.04678234990919483,0.13925076511409396,0.14983950353092235,0.14983950353092235,0.16666666666666674,0.16666666666666674,-0.1370671923208776,-3.418088454530396,-0.246350912612883,4.400603349630709,0.7028450359098632,-0.07692307692307687,0.0620155038759691,0.2882543103448276,0.04424778761061954,0.16192560175054682,0.09506661865322297,inf,0.03437922233898827,0.04271744724652593,0.0,0.09581593255062648
1994-09-30,0.03722722070952211,0.055302240075231435,0.006021707754204408,0.009023506194323794,0.05131313613421318,0.028141842603421896,0.060410928310876244,0.060410928310876244,0.06493506493506485,0.06493506493506485,0.2954800520424683,-1.2352890806959858,0.20790269154886243,-0.5187803374682178,0.19862221391858093,0.21317829457364335,0.0620155038759691,0.2882543103448276,0.05084745762711873,0.16192560175054682,0.09506661865322297,inf,0.013642960812772165,0.04271744724652593,0.0,0.04584022434745094
1994-12-31,0.053724355671805446,-0.003849282422681788,0.26096057905210346,0.3933174373120141,-0.03579041034010766,0.03872594434215615,-0.9580101091649409,-0.9580101091649409,-0.9512195121951219,-0.9512195121951219,0.4112835216731321,14.394060703107941,-0.05905623904215307,-2.8053476363927468,-0.29916193798938084,0.10063897763578278,0.0620155038759691,0.2882543103448276,-0.032258064516129115,0.04708097928436916,0.09506661865322297,inf,-0.08505154639175261,0.04271744724652593,0.0,-0.28505620681357224
1995-03-31,0.029217505028465762,0.04776818286935369,-0.006513974691492619,-0.004636206028745593,0.049401636964317985,-0.007903067745096748,21.700940438871474,21.700940438871474,18.5,18.5,-0.15090311540864276,-0.48170440522177405,-0.06061281691935283,-0.863656519521983,-0.058200006624929634,0.15384615384615397,0.0620155038759691,0.2882543103448276,0.050000000000000044,0.19244604316546776,0.09506661865322297,inf,0.019718309859154903,0.04271744724652593,0.0,0.052651824782420587
1995-06-30,0.05247584426316165,0.08814471354144393,0.06729236465738553,0.09013883504419007,0.04455219354756701,0.12369186509652552,0.26771247606422155,0.26771247606422155,-0.3717948717948718,-0.3717948717948718,0.29442887669059403,0.052582125361479326,0.5446038042925441,-0.661273274249939,-0.02093214888656647,0.1522012578616352,0.0620155038759691,0.2882543103448276,0.05555555555555558,0.0965309200603317,0.09506661865322297,inf,-0.007519950890116478,0.04271744724652593,0.0,-0.0018271514708568803
1995-09-30,0.08707275961951999,0.11638291934133416,0.013269188441342061,0.024271911378661137,0.12740104278153352,-0.0008344946041416446,0.058792772904200374,0.058792772904200374,0.061224489795918435,0.04081632653061229,-0.06306622447819621,1.2230137888597108,-1.1876413126989354,10.962313970235238,-0.25586837594556033,0.24563318777292587,0.03795620437956182,0.2882543103448276,0.11278195488721798,0.18019257221458052,0.14567576455113462,inf,0.03695685789392278,0.0478775913129319,-0.022471910112359605,0.08996888156690463
1995-12-31,0.03602759560514435,0.024014084507042233,-0.01603310059477636,-0.02079838980207982,0.06159512319024629,0.040993310358808044,-0.0015637860082304833,-0.0015637860082304833,0.0,-0.03921568627450989,0.18691544414375927,-0.17114363464822335,-6.305334581188582,0.5711849102036721,-0.54,0.12708150744960545,0.26441631504922647,0.2882543103448276,0.08108108108108114,0.012820512820512775,0.04707233065442007,inf,0.02475395168505834,0.30569948186528495,-0.011494252873563204,0.045763708119909374
1996-03-31,-0.027129233804669473,-0.0691149164431607,-0.1932982917214192,-0.11801986981843093,0.048510587390836246,-0.010947924334303138,-0.013546561151869918,-0.013546561151869918,-0.019230769230769273,0.04081632653061229,-0.5853333333333333,-1.2253057384760113,0.6041896361631753,-0.9450830140485313,-0.0644677661169415,0.15007776049766708,-0.004171301446051157,0.029276453366792188,0.031249999999999778,0.06329113924050644,-0.13733552631578938,inf,0.07770663562281732,0.02849927849927858,0.0,0.05544403404528642
1996-06-30,0.054715227311137316,0.04174054373522451,0.10034207525655647,0.11963488055933191,0.038735809230418194,0.12502461114392593,0.24442896935933156,0.24442896935933156,0.2549019607843137,0.2549019607843137,2.2368703108252945,-1.5427974947807934,-0.14639175257731962,-36.30232558139535,2.4326923076923075,-0.041244083840432655,0.005026528902541294,0.03413246647704171,0.042424242424242475,-0.07034632034632038,-0.09882427708929142,inf,-0.015122873345935761,0.03191862504384435,0.011627906976744207,-0.0695728251359885
1996-09-30,0.021191363217561987,-0.002907595206013802,0.15677276091783865,-0.01994796183868175,-0.029108084358523745,-0.007700385019250966,0.0044767767207609666,0.0044767767207609666,0.0,0.0,-0.5016556291390728,0.8923076923076922,-0.2874396135265701,-0.9156785243741765,0.05975723622782447,0.013399153737658542,0.025840511253125698,0.03339882121807469,-0.029069767441860517,-0.027939464493597188,-0.05747531734837796,inf,-0.049218535782835304,0.018694765465669727,0.011494252873563315,0.017375306623058195
1996-12-31,0.08488937705946964,0.06870554765291614,0.09969285897107749,0.13787610619469026,0.07834596673831884,0.04673721340388015,-0.00835654596100277,-0.00835654596100277,-0.015625,-0.015625,0.8392026578073091,4.75,-0.41694915254237286,-5.5078125,-0.2541850220264317,0.029923451635351483,0.01625135427952329,0.015969581749049278,0.07784431137724557,0.061077844311377305,-0.028806584362139898,inf,-0.006056236481615018,0.012679346012679282,0.0,-0.0607996785211975
1997-03-31,0.0027118889210298036,-0.043524557433781474,-0.12102874432677757,-0.16176699331155697,0.058490269107695614,-0.030328559393428822,0.012921348314606673,0.012921348314606673,0.031746031746031855,0.031746031746031855,-0.16148843930635837,-1.0788264404383174,2.0794573643410854,-2.655112651646447,0.564087418783225,-0.020270270270270285,0.01679104477611948,0.013473053892215647,0.05555555555555558,-0.09029345372460484,-0.07665639445300465,inf,0.05556361526185993,0.023064250411861664,-0.011363636363636354,0.14106623309943522
1997-06-30,0.09743608236269874,0.14500417478430272,0.024361180987686915,0.09129708665800695,0.1247893745663593,0.07819287576020861,0.1120354963948973,0.1120354963948973,0.10769230769230753,0.10769230769230753,0.024558380008616876,-10.10762331838565,-1.198237885462555,-0.3068062827225131,0.25,0.07103448275862068,-0.027785058977719546,-0.02031019202363371,0.12631578947368438,0.013647642679900596,0.01251564455569465,inf,0.025013743815283096,0.009017713365539581,-0.02298850574712641,0.04923319209569166
1997-09-30,-0.013439358591003203,-0.07267865824015551,-0.013829649735039418,0.07804795102873663,-0.013306309481846967,-0.03577759871071717,-0.5820448877805486,-0.5820448877805486,-0.5694444444444444,-0.5694444444444444,-0.17703952901597986,-0.638109305760709,-7.771428571428571,-2.376132930513595,-0.275226586102719,-0.1249195106245975,-0.178215152332165,-0.16358839050131924,-0.004672897196261738,-0.22276621787025708,-0.15162752369180055,inf,0.00013408420488070227,-0.1410788381742739,-0.03529411764705881,-0.1398398970766922
1997-12-31,0.035904609645616814,0.011467889908256979,0.2724770642201835,0.17018927444794962,-0.04469947307314459,0.014039779374895645,1.1443914081145583,1.1443914081145583,1.5483870967741935,1.1612903225806455,0.2125702606029638,-0.3482993197278912,-0.10829817158931088,-0.991218441273326,-0.0033347228011672003,-0.08020603384841796,-0.024278215223097144,-0.02658855340243349,-0.018779342723004744,-0.07559055118110225,0.0514813016027198,inf,-0.07789247888456907,-0.0029728725380899768,-0.012195121951219412,-0.13561012090240565
1998-03-31,-0.009227702398559523,-0.08539034661483647,0.08311875579359351,0.11187491575684061,-0.051138222783153386,-0.0021427394099224895,0.0422927100723427,0.0422927100723427,-0.07594936708860767,0.05970149253731338,0.23388116308470286,1.6931106471816282,0.5683491062039958,167.125,-0.5625261396905061,0.08719999999999994,0.00941492938802968,-0.014351851851851838,-0.04306220095693769,0.10732538330494035,0.06836027713625858,inf,-0.04230881070078518,-0.00149086843086077,-0.024691358024691357,-0.177409276616198
1998-06-30,0.0666233976959274,0.11036339165545095,0.03680106504374292,0.051400169717541466,0.08207300852258737,0.08506772381896277,0.1548318206086492,0.1548318206086492,0.1643835616438356,0.15492957746478875,-0.24112021857923494,0.46976744186046515,-1.06972846128059,-1.3970260223048327,0.5105162523900573,0.127299484915379,0.032978014656895205,0.0042273367778298265,0.08000000000000007,0.17846153846153845,0.09943795936013844,inf,0.014574161226658555,0.009331840238894884,0.0,0.05603599392310388
1998-09-30,0.0478276743336985,0.08223285486443377,0.007062276437677761,0.008878127522195411,0.0680628272251309,0.06698127568884149,0.021729079981507082,0.021729079981507082,0.0235294117647058,0.012195121951219523,0.10936093609360942,0.1418776371308017,-5.033653846153846,-2.0093632958801497,-0.34113924050632916,0.14686684073107048,0.19090615930345067,0.1646398503274089,0.06481481481481466,0.06135770234986948,0.10106173810460084,inf,0.019302708364506982,0.1575443786982249,0.012658227848101333,0.07270514026448294
1998-12-31,0.06626016260162593,0.09838481490214579,0.010928961748633892,0.01371428571428579,0.09215686274509793,0.07718647453274352,0.0796380090497737,0.0796380090497737,-0.45977011494252873,-0.45783132530120474,0.13590263691683568,-0.35981524249422636,-0.4707985697258641,-2.7996289424860854,0.9317963496637849,0.23733636881047238,0.023558082859463703,0.028514056224899553,0.0869565217391306,0.16236162361623596,0.02499999999999991,inf,0.024221961244861978,0.014696485623003186,0.012499999999999956,0.0835611492237065
1999-03-31,0.03978541473775943,0.05887404068051305,-0.03162162162162163,-0.03957158962795937,0.07072047459214748,-0.012582781456953684,0.03604358759430015,0.03604358759430015,0.02127659574468077,0.022222222222222143,-0.28321428571428575,0.5404040404040404,0.6711711711711712,-1.8969072164948453,-0.43262058677274984,0.5105795768169277,-0.008201058201058209,0.013666536509176153,0.07200000000000006,0.39047619047619064,0.40383275261324036,inf,0.029812240217858665,0.0170025188916878,-0.012345679012345734,0.10248964630837354
1999-06-30,0.01867323154283329,0.019158641662442966,0.0272583496139176,0.03439370818171139,0.01530947000072902,0.10060362173038229,0.08252427184466016,0.08252427184466016,0.08333333333333348,0.08695652173913038,0.8156452416542104,-0.7859484777517565,2.142857142857143,-1.9827586206896552,0.7493426818580193,0.0073081607795368875,-0.00400106695118696,0.01271186440677985,0.018656716417910335,-0.060882800608828,-0.05361131794489937,inf,-0.003340292275574197,-0.0018575851393188847,0.02499999999999991,-0.014723661485319561
1999-09-30,0.03784450843274367,0.05748955639546449,-0.056964318058322805,-0.07137993645029506,0.0754290227615424,0.03254113345521015,0.12107623318385641,0.12107623318385641,-0.4423076923076924,-0.43999999999999995,-0.12486278814489571,4.067833698030634,-0.5771869639794168,-1.1321637426900586,-0.056613226452905785,0.10761789600967364,0.017943224424209925,0.039558767592240196,0.07326007326007322,0.08752025931928697,0.052976658798846055,inf,0.03616813294232646,0.03132754342431765,0.0,0.13878785222840606
1999-12-31,0.010107015457788249,-0.0287340105342363,0.012292326899068451,0.015642185017719745,0.009347354364880545,0.09407459867799806,-0.06133333333333335,-0.06133333333333335,-0.0344827586206895,-0.07142857142857151,-0.4001254311696456,-1.1178756476683938,1.7991886409736306,4.079646017699115,-0.3048327137546468,0.40174672489082974,-0.0007892659826360671,0.014270032930845389,0.006825938566553003,0.30625931445603594,0.29863013698630136,inf,-0.0006738544474392816,-0.01263157894736855,0.024390243902439046,-0.04371584699453546
2000-03-31,0.045884834216205705,0.042754079310511894,-0.09524713025329667,-0.12080375406088317,0.09508847362328421,-0.12169597583342329,-0.0546875,-0.0546875,-0.07142857142857151,-0.03846153846153855,0.538421327757449,-10.6007326007326,-0.8648550724637681,-0.9111498257839721,-0.038961038961038974,0.23578660436137078,-0.030279094260136974,-0.010822510822510845,0.09152542372881367,0.22760981175128348,0.19351745301112389,inf,0.04706675657451109,-0.0033505939689307818,0.0,0.18603621730382303
2000-06-30,0.06530353834970803,0.10633358098068357,0.1103072244940757,0.14397153414534003,0.05234068257324065,0.12320353764893754,0.13673929376408722,0.13673929376408722,0.1153846153846152,0.1200000000000001,0.2300373768263677,-0.16100724914154907,2.5308310991957104,-3.0392156862745097,0.08267090620031792,-0.04143689932251449,-0.02497963616616905,-0.008388037928519387,0.052795031055900665,-0.12221189591078063,-0.05993893620440294,inf,-0.012235960844925287,0.0036674816625918982,-0.011904761904761862,-0.03291147830217489
2000-09-30,0.07805071315372425,0.1004784688995215,-0.10652563981490226,-0.13494437133628423,0.13414459145308966,0.038385826771653475,0.18605419695968273,0.18605419695968273,0.2068965517241379,0.1785714285714286,0.6756906077348066,0.5575261482492042,0.8261199696279422,1.2692307692307692,0.17327459618208518,0.1747205785667323,-0.02172096908939003,0.00036778227289469,0.12979351032448383,0.11593435680254083,0.14170940170940183,inf,0.05202764376059443,0.021619975639464162,-0.02409638554216853,0.2721818755920431
2000-12-31,0.10245416309363398,0.12017543859649127,0.14691893034562953,0.19222790761996955,0.09180858870865705,0.0020010531858873915,-0.41264976316522706,-0.41264976316522706,-0.4,-0.4242424242424243,-0.38724035608308605,-0.3816058394160584,-0.6124740124740125,1.8262711864406778,0.4173967459324155,-0.12200923464390656,-0.13919726729291204,-0.12352941176470589,0.0809399477806787,-0.2229601518026565,-0.16110196137146282,inf,-0.009667823500247752,-0.06497764530551431,-0.06172839506172845,-0.06045062188025707
2001-03-31,0.05417067930957842,0.11126621497395384,-0.03962768408441619,-0.04987820438464219,0.07776103835902193,-0.05234391423165863,0.4463946869070208,0.4463946869070208,0.38095238095238093,0.47368421052631593,-0.15146623621199895,-0.7374881964117092,-0.9206008583690988,2.7841079460269866,1.1143487858719645,0.02884462151394418,-0.050595238095238027,-0.03817114093959728,0.07729468599033829,-0.04822954822954817,0.09744779582366592,inf,0.022403003754693174,0.009563277016257477,-0.052631578947368474,0.16959699433502617
2001-06-30,0.04996398517243206,0.05147216520113984,-0.07983878706458114,-0.1015748992796972,0.07905376344086013,0.0943877551020409,0.055755985569039046,0.055755985569039046,0.06896551724137945,0.0714285714285714,0.11699429296131902,8.118705035971223,4.635135135135135,-1.7781299524564185,-0.410106494048862,-0.05870508054522927,-0.07035876001393238,-0.04971652856519837,0.07399103139013463,-0.1257216164207825,-0.08489185233371277,inf,0.027787978944791458,-0.002841806125670865,-0.04166666666666674,0.17035159485030227
2001-09-30,0.012917259265456282,0.014685742591567408,-0.0139743456043383,-0.01820899578747115,0.018056441326530503,0.016621060099321072,0.024852438645541985,0.024852438645541985,0.0,0.0,-0.18535339199545842,-0.960552268244576,5.366906474820144,-1.0076374745417516,0.005309734513274433,-0.01546815863090345,-0.08355189209441738,-0.07296925195043591,0.020876826722338038,-0.08363903154805574,-0.03341034298915946,inf,0.0050023820867080016,-0.03799873337555415,-0.04347826086956508,0.03351559987134123
2001-12-31,0.0643242975370435,0.10806076443729729,0.2965626652564781,0.38809688581314883,0.021338240476097337,0.12082544113248939,-0.5059108820854805,-0.5059108820854805,-0.4838709677419355,-0.5,0.8310104529616724,-3.15,-0.3845574387947269,269.06666666666666,1.4264084507042254,0.04061507604880488,-0.08421913327882258,-0.08267326732673275,0.01840490797546024,0.019215372297838318,0.06986578415149847,inf,-0.040412420004740435,-0.08229098090849252,0.0,-0.20175111000456447
2002-03-31,0.4069159255637813,0.6601876328201939,2.3567990863855126,0.06511117758500351,-0.051253545963351965,-0.10299742061727302,1.0914110429447854,1.0914110429447854,1.0625,1.1333333333333333,-0.07345385347288302,-8.337209302325581,-13.97858017135863,4.65810910886201,3.326222609200406,-0.06183745583038869,0.016964285714285765,-0.09390178089584456,-0.04417670682730934,-0.07855459544383347,-0.02543392335452821,inf,-0.3256761763616154,0.0053802008608321295,-0.09090909090909094,0.5587149763476635
2002-06-30,0.008019945062824663,-0.011286294099281946,0.034482758620689724,0.1254446732821568,-0.013980362842943128,0.2385721368368865,0.20973892637136982,0.20973892637136982,0.21212121212121215,0.1875,0.3097145204354077,-0.3771790808240888,-1.2439760456453057,-1.0332446228349548,-0.02556017710988867,-0.1510015408320492,0.08560140474100075,-0.03275759380583687,-0.19747899159663862,-0.1116794543904519,-0.18268383001234345,inf,-0.02179487179487183,0.013913663931502063,-0.050000000000000044,-0.12149408037352027
2002-09-30,1.5981767641393803,-0.08041113409223677,0.4273666901573878,0.22359008484445186,2.619391058476417,0.20030421903770712,-7.308438409311348,-7.308438409311348,-6.25,-6.526315789473684,-0.5231299984318645,10.020865139949109,-1.2226517201391573,21.91732283464567,-0.6011359724612737,-0.19741883444242803,-1.8334007278608977,-1.8577586206896552,2.591623036649215,0.0,-0.25329018338727083,inf,0.39318479685452146,0.0,-0.29824561403508765,-0.2484435502239769
2002-12-31,0.030124973147832135,0.09942655037428749,0.01546994058884521,0.039564921821889865,0.03516597980163949,0.17794970986460346,-1.175430504305043,-1.175430504305043,-1.1666666666666667,-1.180952380952381,1.696810259782966,-0.9140192094569635,-0.48697916666666663,-1.3968390310943137,0.5980840597221024,0.19849246231155804,-0.40999514798641434,-0.39842067480258436,0.031341107871720064,-0.6660268714011517,0.0,inf,0.004838059400618322,0.0,-0.17500000000000004,0.057583028160121286
2003-03-31,0.011170945727685622,0.03941594440540319,0.009043320422021717,0.03635888046037139,0.011888876736301013,-0.002774474831549689,0.0808501314636283,0.0808501314636283,0.08571428571428585,-0.02631578947368418,-0.047920985245701764,-1.6337271750805584,-7.9424703891708965,-0.2950937950937951,0.2638116325538695,0.1232704402515723,-0.3125,-0.2792362768496419,0.014134275618374437,0.08908045977011492,0.0,inf,0.0006687174000266083,0.0,-0.06060606060606066,0.002937313432835653
2003-06-30,0.0263652722456984,0.047086043960997026,0.033841409550119605,0.06467693084300863,0.02384967087129941,0.1589257324551443,0.2308939793229272,0.2308939793229272,0.23684210526315774,0.21621621621621623,0.2035092213114753,-17.45677966101695,-0.3480380209602729,-3.599181166837257,-0.5425604649175284,0.16125419932810758,-0.319377990430622,-0.29635761589403975,0.022996515679442497,0.14511873350923477,0.0,inf,-0.002405773857257487,0.0,-0.06451612903225812,-0.016524596409352776
2003-09-30,0.019199022910387553,0.046590044911253736,-0.003930524484215714,-0.08238013394180055,0.027057699514903888,0.08147567488119156,0.008069828722002681,0.008069828722002681,0.0,0.022222222222222143,-0.3097797169309354,-0.75168649261033,-0.3001869158878505,-0.9836181775222493,-0.019430172816440883,0.09273545483767265,-3.028119507908612,-3.032941176470588,0.027247956403269713,0.06682027649769595,0.0,inf,0.007770632368703234,-0.01864883884588331,0.06896551724137945,0.1405674995157855
2003-12-31,0.011894637555665444,0.014834110227584407,0.05862902596896191,0.45081702512433,-0.0035051111922003164,0.06292470780103288,-0.10651854272177752,-0.10651854272177752,-0.08510638297872342,-0.10869565217391308,0.8462843046561825,0.8749481542928246,1.705662393162393,9.245192307692308,-0.203010383919215,-0.08618914546256795,0.026863084922010394,0.024305555555555358,0.004641909814323553,-0.11015118790496758,0.0814793412308581,inf,-0.015288487104493376,-0.030476873431337426,0.06451612903225823,-0.3005094459774995
2004-03-31,-0.007529654461062352,-0.06306233281997242,-0.05588295960161471,1.1262075412901216,0.009397032353229307,-0.0014064697609000865,0.2620223075516548,0.2620223075516548,0.2558139534883721,0.2682926829268293,-0.6671398747390397,-1.0779780997677249,0.07443237907206313,-0.6475832942280619,-0.0897681090126703,-0.0016095284081764083,0.07172995780590719,0.07344632768361592,0.015841584158415856,-0.00728155339805836,-0.01950307240181659,inf,0.017010935601458055,0.016272189349112454,0.06060606060606055,-0.5593420932843747
2004-06-30,0.003102458101418737,-0.014317847564668251,0.0376242567999876,0.0457067481836646,-0.008200783800769496,0.10324370465215527,0.08388872790495516,0.08388872790495516,0.09259259259259256,0.09615384615384603,1.7977922729553435,9.665248226950355,0.6753031973539141,-13.721704394141145,1.254629021667761,-0.08705465097533449,0.051181102362204856,0.05052631578947375,-0.003898635477582846,-0.10024449877750607,-0.161307901907357,inf,-0.011150935882118684,-0.0032751091703057122,0.028571428571428692,-0.05736519523448791
2004-09-30,0.028818112049117328,-0.00893784467752079,0.0532094086506647,0.039364087778311685,0.020462835122715184,0.04955704282564133,-0.6845341531880764,-0.6845341531880764,-0.6779661016949152,-0.6842105263157894,-0.03766140602582502,-1.676153743848916,0.4216299221235056,-1.7654385597655433,-0.42570912691478824,-0.0005297545470598353,-0.14906367041198498,-0.15230460921843691,0.017612524461839474,0.0027173913043476716,-0.06172839506172845,inf,-0.008189018660222813,-0.1880248265790434,0.05555555555555558,-0.04653711279953254
2004-12-31,0.08988847860952598,0.35350553505535065,0.3588462087676709,-0.1991909073396263,-0.00519991922455576,0.07228160707703646,1.9182203389830508,1.9182203389830508,1.8421052631578947,2.0000000000000004,0.034289973909802374,2.369394177812746,-1.8818763984260474,-1.738411048817175,0.5476673427991887,0.03763250883392222,0.059859154929577274,0.03427895981087481,0.008333333333333304,0.01897018970189701,0.21052631578947367,inf,-0.08730373578776396,0.007194244604316724,0.026315789473684292,0.6902153091717111
2005-03-31,-0.06163375654495051,-0.19040348964013087,-0.11937788986969311,0.14938657685831136,-0.03374777975133214,-0.02615929325220856,0.24001742413242333,0.24001742413242333,0.2592592592592593,0.2407407407407407,0.011711711711711814,-1.7390542907180384,-3.3902012248468942,-1.6351851851851853,-0.22477064220183485,0.045802826494125704,0.07641196013289031,0.05485714285714294,-0.021614748887476165,0.037234042553191626,-0.029462242562929064,inf,0.02980869049384549,0.021874999999999867,0.025641025641025772,-0.29561630173625286
2005-06-30,0.022538293216630256,0.08095366379310343,0.009188544152744615,0.03118459606529922,0.028413865546218497,0.11966113660430633,0.20491803278688514,0.20491803278688514,0.22058823529411753,0.22388059701492513,0.0837043633125556,-1.1279620853080567,-0.7741581259150805,-2.2769679300291545,0.37024513947590876,-0.020026050146532137,0.10879629629629628,0.0910075839653306,0.031189083820662766,0.002564102564102555,-0.09490126731506043,inf,0.005760368663594528,0.05504587155963292,0.04999999999999982,0.048268760458231474
2005-09-30,0.03901847492688493,0.1455451713395639,0.017145559891214468,0.03633042419322097,0.048465349062867036,-0.005674653215636871,-0.06025267249757049,-0.06025267249757049,-0.06024096385542166,-0.060975609756097504,0.18488085456039438,3.9444444444444446,-0.820097244732577,0.21004566210045672,0.3269586674892042,0.22146535969430126,0.24913013221990266,0.23535253227408148,0.04788909892879656,0.1841432225063937,0.08336046890263771,inf,0.009020618556700999,0.21407867494824018,0.0,0.10535363457760316
2005-12-31,0.0056638747768775755,0.004568693571195492,0.028365496396187018,-0.2959263611437525,-0.003848027277155386,0.03709575142675958,-0.1478800413650465,-0.1478800413650465,-0.1282051282051282,-0.1298701298701298,-0.2170596393897365,-0.5480649188514357,8.711711711711711,-1.5867924528301887,-0.14458391445839147,0.07317736670293806,0.028412256267409397,0.036977491961414755,0.037883343355382015,0.023758099352051865,-0.15299068229636315,inf,-0.009365687526606936,0.008185538881309462,0.04761904761904767,0.42679404576760716
2006-03-31,0.06888077277536953,0.20812127774769906,0.5740447659959305,0.4973574408901251,-0.14962593516209477,-0.016508712931825098,0.21480582524271852,0.21480582524271852,0.22058823529411753,0.22388059701492513,0.047829937998228544,5.077348066298343,-1.8571428571428572,-0.7009646302250804,-0.05054347826086958,-0.04068441064638795,0.06229685807150598,0.006201550387596955,-0.1454229432213211,-0.07383966244725748,-0.08339247693399576,inf,-0.20441197536169609,0.00879566982408675,0.0,-0.19316412332606658
2006-06-30,-0.0008622066102507153,-0.14824773684682258,0.03770468256248205,0.09845810886122974,-0.03174055545972054,0.12029841467205471,-0.986013986013986,-0.986013986013986,-0.9879518072289156,-0.9878048780487805,0.17582417582417587,-1.0718181818181818,-2.45995670995671,-3.150537634408602,0.11448196908986841,-0.09631391200951234,-0.23916369199388066,-0.285824345146379,-0.024406779661016897,0.056947608200455635,-0.14014711575687178,inf,-0.030968671227943778,-0.2897384305835011,0.0,-0.2245971243848307
2006-09-30,0.04148555356686279,0.12133010628222674,0.028790919786836566,0.06341958396752911,0.052378407268840244,0.002219755826859071,77.71428571428571,77.71428571428571,92.99999999999999,92.99999999999999,0.13084112149532712,-12.943037974683545,-0.7464788732394366,-4.279999999999999,-0.33692860811504877,-0.005409356725146308,0.08914209115281513,0.01941747572815533,0.05559416261292549,0.019396551724138122,0.3493921656911301,inf,0.010405053883314697,0.013220018885741425,0.0,0.05450812021653917
2006-12-31,0.036887006689989565,0.0990990990990992,-0.0027581567440295718,0.11673027989821882,0.0701427684667908,0.061738648947951225,-0.2441016333938294,-0.2441016333938294,-0.22340425531914887,-0.24468085106382975,-0.21042593769866502,-0.3630100688924218,-0.8596491228070176,-0.9878048780487805,-0.006196746707978318,0.06438336028222835,0.02400000000000002,-0.031746031746031744,0.06912442396313367,0.00845665961945019,-0.009676343009676347,inf,0.03218094887826428,-0.0363466915191053,0.0,-0.015814008379064215
2007-03-31,-0.03604830117201374,-0.10117827868852458,-0.1328251484079871,-0.34391911136428366,0.03960134992617581,-0.0385919165580183,0.333733493397359,0.333733493397359,0.3013698630136985,0.323943661971831,-0.2809983896940419,-1.7712146422628952,41.416666666666664,26.0,-0.1683554169914263,-0.09156193895870735,0.0042067307692308376,0.02732240437158473,0.046798029556650356,-0.15094339622641506,-0.10646900269541781,inf,0.07838945305540701,0.003868471953578423,0.022727272727272707,0.3699862102044489
2007-06-30,0.012311943506294165,0.0635508691935025,0.28370283936211593,-0.08204905578467547,-0.16464620847070754,0.011120151885001262,-0.08280828082808278,-0.08280828082808278,-0.05263157894736836,-0.04255319148936165,0.5565509518477043,-1.2880258899676376,-0.7725933202357564,-4.055555555555555,0.6185567010309279,-0.09714198844633626,0.3351286654697785,0.3117021276595746,-0.10882352941176465,-0.1382716049382715,-0.13876319758672695,inf,-0.17478936064761263,0.31743737957610785,0.0,0.15859956236323858
2007-09-30,0.01458857784113321,0.04555198285101825,0.0027269421888256318,-0.00023646252069042806,0.02647398141963686,-0.0313841201716738,-0.802747791952895,-0.802747791952895,-0.7888888888888889,-0.8,0.14244604316546772,6.322097378277154,-1.062634989200864,-1.5121212121212122,-0.19571511291256516,-0.10624684290284558,-0.21290900941281932,-0.22708840227088412,0.025742574257425765,0.002865329512893977,-0.3340630472854641,inf,0.01181181181181179,-0.22157221206581357,0.0,0.04581853894386945
2007-12-31,0.035483678105942884,0.11404407995899546,0.013476763159485206,0.46144749290444653,0.05702454895001474,0.03710883411797283,3.154228855721393,3.154228855721393,3.0,3.2777777777777777,-0.03652392947103278,-0.6434782608695653,-7.827586206896552,-2.878698224852071,0.457163426925846,-0.014694800301431776,0.016514806378131963,-0.005246589716684125,0.057271557271557416,-0.037142857142857144,0.25969756738987493,inf,0.020775623268698196,0.006575857209957681,-0.022222222222222254,-0.23772889803879071
2008-03-31,0.04298622939461305,0.11394831684686757,0.016159809183065033,-0.0364136591681502,0.06816273994067945,-0.035246995994659525,0.36047904191616764,0.36047904191616764,0.368421052631579,0.35064935064935066,0.033986928104575265,-2.0,-1.106060606060606,2.622047244094488,1.1363636363636362,-0.15774378585086046,0.01680672268907557,-0.01898734177215189,0.06695069993913583,-0.20474777448071213,-0.1758872651356994,inf,0.02403566582671046,0.013065795613625752,-0.022727272727272707,0.15607675906183371
2008-06-30,-0.001854517271922096,0.0,0.02857813508596907,-0.08817601612361436,-0.029024990831455932,0.04179352338776643,-0.17165492957746475,-0.17165492957746475,-0.16346153846153855,-0.16346153846153855,0.023388116308470375,-2.4203730272596844,-75.33333333333333,-1.4052173913043478,-0.2155411655874191,0.006356413166855868,-0.052341597796143335,-0.04516129032258065,-0.0005704506560183509,-0.05597014925373145,-0.02849905003166553,inf,-0.02725724020442921,-0.026715799170888954,-0.023255813953488413,0.096684290339768
2008-09-30,0.025983749757355623,0.07523920974736686,-0.02065267001369242,-0.08804568060416285,0.07009118869044406,0.029489904357066887,0.230605738575983,0.230605738575983,0.25287356321839094,0.25287356321839094,-0.14144533662754788,1.3484848484848486,-1.0416399743754003,-0.0665236051502146,-0.25648584905660377,0.29190164674035657,0.25639534883720927,0.27477477477477463,0.06849315068493156,0.2924901185770752,0.30508474576271194,inf,0.04300447557890652,0.2844297207761477,0.0,0.17904925629718216
2008-12-31,-0.015000810854640778,-0.025544174135723408,-0.06460445065827802,-0.013128660876590592,0.02793465106897952,-0.03200000000000003,-0.17012089810017272,-0.17012089810017272,-0.15596330275229364,-0.17431192660550465,0.005035971223021685,-0.764731182795699,-25.584615384615386,-0.14022988505747125,-0.29659000793021406,-0.04557359874279743,-0.0023137436372048237,0.01855123674911674,0.05341880341880345,-0.10703363914373087,-0.2757242757242757,inf,0.04365671641791047,0.030582166543846823,-0.023809523809523836,-0.012583600114108195
2009-03-31,0.025711384902450396,0.05617239340385005,0.08444914990346897,-0.04359394187474419,-0.020553320906504413,-0.11810183950946418,0.060353798126951075,0.060353798126951075,0.07608695652173902,0.0888888888888888,-0.38511095204008594,-1.2541133455210238,-1.0031289111389237,-2.340909090909091,0.5653889515219843,-0.03110135382363699,-0.03849721706864562,-0.03642671292280997,0.0,-0.07876712328767121,-0.06344827586206891,inf,-0.04504826599928491,-0.00786557025384338,-0.024390243902438935,0.10432717000513603
2009-06-30,0.03905831995719633,0.10077133615327205,0.003847699994257159,-0.02674941151294674,0.06976511243551853,0.12243047158403875,0.24533856722276748,0.24533856722276748,0.26262626262626254,0.2755102040816326,0.9545983701979046,-12.37410071942446,17.6,-0.8095712861415753,0.06877925819229391,-0.07269637462235656,0.042932947419199285,0.06030603060306028,0.06643002028397582,-0.07434944237918206,-0.058173784977908705,inf,0.029389741669786584,0.08432432432432413,-0.025000000000000022,0.13100982501017389
2009-09-30,0.05406797116374862,0.12872965641952994,0.03443935926773456,0.07805628847845214,0.07013108614232211,0.026663075680043002,0.09219858156028371,0.09219858156028371,0.08800000000000008,0.08800000000000008,0.1762954139368671,-0.10120177103099304,-0.4086021505376344,2.18848167539267,0.20518867924528306,0.17980044797393613,0.013876040703052706,0.024617996604414216,0.07370423204945298,0.10843373493975883,0.07349491790461316,inf,0.015275504637206616,0.05616483881688272,-0.02564102564102566,0.047007119175512146
2009-12-31,-0.032022471910112316,-0.05216781816361271,-0.061940050879327524,-0.21007546400163168,-0.00835593665237555,-0.0007869884575025798,-0.3282828282828283,-0.3282828282828283,-0.3161764705882353,-0.32352941176470595,-0.07696202531645568,-0.7614356087262492,-40.58181818181818,-2.137931034482759,-0.19373776908023488,-0.016741456679323474,-0.032390510948905105,-0.026512013256006717,0.02524357838795388,-0.08695652173913038,-0.07574654042243267,inf,0.024538778434533448,-0.010383889238514854,-0.02631578947368418,0.19991163041877358
2010-03-31,0.018597491735850014,0.046323684766532924,0.06278740714538378,0.69429382907307,-0.014470375435655325,-0.05697033342084534,0.25349087003222337,0.25349087003222337,0.27956989247311825,0.28260869565217384,-0.49917718047174986,1.8171091445427727,-0.735415709692237,-0.10822510822510822,-0.2142857142857143,0.016324381253291165,0.0047147571900048035,0.012765957446808418,0.007343412526997994,-0.007936507936507908,0.011820330969267268,inf,-0.032517482517482654,0.012400635930047699,0.0,-0.3824516181825621
2010-06-30,0.010751622652727555,0.017921146953405076,-0.02202252177289621,-0.08686376104846083,0.03719951654057918,0.059020044543429906,0.029991431019708692,0.029991431019708692,0.050420168067226934,0.05932203389830515,0.7130339539978094,0.5026178010471205,0.18576388888888884,-0.1035598705501618,-0.24448367166813767,-0.03713298791018993,-0.03378695448146418,-0.026050420168067134,0.036449399656946824,-0.04399999999999993,-0.07788161993769471,inf,0.026201662450307195,-0.0201005025125629,0.0,0.11478450988836264
2010-09-30,0.06700980392156852,0.1371751636580043,0.1039705048213273,0.04472630173564762,0.0388864911523521,0.003154574132492094,0.028286189683860208,0.028286189683860208,0.03200000000000003,0.02400000000000002,-0.1675191815856778,-0.11428571428571432,-2.768667642752562,-3.2364620938628157,0.7237149532710281,-0.038026905829596336,-0.04468188440990761,-0.04745470232959448,0.05419942076954887,-0.07112970711297073,-0.03800675675675669,inf,-0.026413100898045494,-0.03205128205128205,0.0,0.08846428146915475
2010-12-31,-0.0011025864841273103,0.008678587003924987,0.004058983712685649,0.04952076677316297,-0.00527605832744793,0.006551362683438144,-0.17313915857605178,-0.17313915857605178,-0.15503875968992242,-0.15625,0.5422427035330262,-0.6136900078678207,-1.9776490066225165,-0.728813559322034,0.11385970857336503,0.03169867611411514,0.006100660904931221,-0.0036231884057971175,0.007849293563579218,-0.022522522522522626,0.049165935030728525,inf,-0.004159884246699219,0.01788079470198678,-0.027027027027027084,-0.03890360097190748
2011-03-31,-0.017752839994480962,-0.062259501059276245,-0.092723365059871,-0.3532724505327245,0.04343468092215175,-0.035147097110127534,0.10078277886497067,0.10078277886497067,0.11009174311926584,0.11111111111111094,-0.48705179282868527,0.13034623217922614,1.1134631668077901,-7.0148809523809526,-0.6148463644660784,-0.0216880534971986,-0.036382011116725566,-0.022727272727272707,0.04633956386292848,-0.027649769585253448,-0.05439330543933041,inf,0.06229567744278963,-0.016590761223161943,0.0,0.44997727530962384
2011-06-30,0.0988434705248864,0.1748351699017936,0.202594472645234,0.07837138150152967,0.025216138328530313,0.068267674042094,0.040000000000000036,0.040000000000000036,0.04132231404958686,0.04166666666666674,0.49126213592233015,-2.5243243243243243,-1.9415064102564101,-3.3414151410192976,3.7377567140600316,0.05542213190467393,-0.03146303093864711,-0.040930232558139545,0.03163379233345731,0.009478672985782088,0.051327433628318486,inf,-0.06702000341938796,-0.016870658286470386,-0.02777777777777779,0.08945048486629448
2011-09-30,-0.02494886654167372,-0.041246418900357074,0.04174092486633518,0.1599738105630728,-0.08046380885453264,-0.0037888355645364635,-0.611965811965812,-0.611965811965812,-0.6031746031746033,-0.6,-0.369140625,-2.013002364066194,-1.9442553191489362,-1.445266272189349,-0.35128376125375127,-0.06739016278662702,-0.16729832160259883,-0.18234723569350142,-0.030663780663780615,-0.09859154929577463,-0.06734006734006737,inf,-0.05680776983690661,-0.17866756393001348,0.0,-0.17347287407167644
2011-12-31,0.06786845842893041,0.12947196070405242,0.3435080136862958,0.0825964252116651,-0.19207744236403002,0.007352941176470562,1.0572687224669601,1.0572687224669601,1.1800000000000002,1.1600000000000001,0.6346749226006192,-0.7432905484247374,-1.7620549797205949,-2.4499288087327953,0.7851452068876896,0.11336336336336328,0.02795838751625479,-0.0521945432977462,-0.10532192035727583,0.15104166666666674,0.3285198555956679,0.0,-0.24344278220322524,-0.031544448996313035,-0.02857142857142847,0.04329475241493341
2012-03-31,0.007755110392666298,-0.026745913818722156,0.01789424301320297,0.4421272158498435,-0.00814546218929002,0.018877422602567417,0.2676659528907923,0.2676659528907923,0.37614678899082565,0.37037037037037024,-0.38636363636363635,9.663636363636364,-1.8072146658781785,-1.8965630114566285,-0.3943276706017852,0.1260957518543493,0.0872865275142316,-0.018773466833541974,0.009567387687188011,0.25791855203619907,0.12635869565217384,1.2857142857142856,-0.01592193117616858,-0.005922165820642977,-0.02941176470588236,-0.32512407724068904
2012-06-30,0.060426395939086275,0.10080059579221756,0.08595601790887542,-0.03205591708845501,0.019338772915121316,0.10597826086956519,0.0692567567567568,0.0692567567567568,0.08666666666666667,0.08783783783783794,1.4434156378600824,0.04006820119352095,-2.2505494505494505,-1.5994888645491057,0.39030187782267656,0.03757485029940133,0.10645724258289713,-0.0012755102040816757,0.028430160692212603,0.02877697841726623,-0.030156815440289475,0.5625,-0.03862212943632559,-0.006808510638297793,0.030303030303030276,0.1372555078330191
2012-09-30,0.061693409412935996,0.10293620188079289,0.07757601479370657,0.04170816733067739,0.03446125058474969,-0.03529148983694441,-0.1255924170616114,-0.1255924170616114,-0.1165644171779141,-0.12422360248447217,-0.27452631578947373,0.3004098360655738,-0.16578793204452258,-1.0158343483556638,-0.004445204308428763,0.14456788342230542,0.2260778128286014,0.11494252873563227,0.039262820512820484,0.1118881118881121,0.05659203980099514,0.3600000000000001,-0.025787187839305115,0.1443873179091688,-0.02941176470588236,0.05879635919032755
2012-12-31,-0.020740152936084222,-0.042815519092163745,-0.008664828672705793,-0.021035018525158322,-0.04230730579841224,0.023616577911553582,-0.28816621499548334,-0.28816621499548334,-0.2847222222222222,-0.276595744680851,-0.5287289611143355,-0.35991175543649545,-1.9459269662921348,97.6923076923077,-0.4406663232010991,0.09781923610235732,-0.03301886792452824,-0.05727376861397482,-0.018118735543562137,0.05660377358490565,-0.08122424955856378,0.25735294117647056,-0.022011702424073465,-0.057656308498689746,0.0,-0.02224845389925323
2013-03-31,-0.04895207926627132,-0.08055368643660488,-0.08766104773256145,-0.37223782199975586,0.022612801678908667,-0.041393349920832434,0.8197969543147208,0.8197969543147208,0.8543689320388348,0.8431372549019607,0.291871921182266,-1.8906942392909896,1.661469933184855,-0.7166796570537802,-0.223211544365981,0.05982317143185201,0.04922394678492248,0.044957472660996256,0.020416175893207766,0.07738095238095255,0.07110826393337599,0.2748538011695907,0.07521367521367517,0.04568931267381804,0.0,0.46462127972284906
2013-06-30,0.01878388845855916,0.03408259278619963,-0.004136987153566252,-0.06962271489692728,0.05659022112770007,0.10405851816894751,-0.12273361227336121,-0.12273361227336121,-0.12565445026178013,-0.12234042553191493,0.5252621544327931,0.08291873963515761,-0.9210599721059972,-5.506189821182944,1.2948616600790515,0.12686890574214527,-0.01901944209636519,-0.0034883720930232176,0.05194305502116214,0.1049723756906078,0.05083732057416279,0.2155963302752293,0.037095919448860704,-0.01291793313069911,0.0,0.11147746617686605
2013-09-30,0.08483178103022238,0.0337680719846325,0.10397926036981509,0.012332775919732475,0.055064581917063204,0.014746740756572008,0.08744038155802869,0.08744038155802869,0.08383233532934131,0.08484848484848495,0.12937500000000002,-2.081674323634507,-10.848056537102474,-0.24450549450549453,0.42628315535652783,0.025478319392366,0.033175355450236976,0.04900816802800456,0.053767373811265395,-0.025000000000000022,0.01878201479795094,0.17735849056603792,-0.027337761880429357,0.031947652040030805,0.030303030303030276,0.02116854222422848
2013-12-31,0.15860389325950974,-0.10784026079869602,0.24569246003678025,0.6409250464588065,0.016936671575846773,0.05539174389216517,-0.2536549707602339,-0.2536549707602339,-0.24861878453038666,-0.26256983240223464,0.015495296070835662,3.7748938178386027,0.3659849300322928,-2.8084848484848486,-0.5405144306243208,0.05456591036939806,0.010008340283569561,-0.005561735261401579,0.015966678236723375,0.0,-0.00893854748603351,0.15064102564102555,-0.1221434200157604,0.014919806042521522,-0.02941176470588236,-0.4563065409937005
2014-03-31,0.013293005671077607,0.034165235502612745,0.005314678961593433,0.032213413866867935,0.029190803765387408,-0.09778487327878671,0.050930460333006966,0.050930460333006966,0.04411764705882337,0.06060606060606055,-0.3776566757493188,-0.9243921723660803,-1.1300236406619386,-0.9736371760500446,-0.031011826544021015,0.07103485064011372,-0.10569777043765483,-0.12975391498881428,0.026306798770071804,0.05641025641025643,0.022547914317925688,0.16991643454039007,0.015559545182525447,-0.08489525909592066,-0.06060606060606066,0.0018875047187618677
2014-06-30,0.03775893976479017,0.21291781499540674,0.020084494950636023,-0.041082530781421434,0.07216041510927407,0.14576421145764207,0.4417520969245108,0.4417520969245108,0.43661971830985924,0.4357142857142857,0.9500875656742558,2.2130718954248367,-2.81010101010101,-6.635593220338983,0.18036343911038788,-0.01900888187930594,0.017082179132040576,-0.008997429305912519,0.06857523302263657,-0.04611650485436891,0.057883131201764026,0.14523809523809517,0.03299941072480861,0.0337349397590363,-0.032258064516129115,0.2648831951770909
2014-09-30,0.017847384013575995,0.05010487065951996,0.006599929128277893,0.08708365115687777,0.03867607251250926,-0.02876447876447874,-0.1958629605688429,-0.1958629605688429,-0.2009803921568628,-0.19900497512437798,0.23080377189043566,0.18104149715215612,-1.5725446428571428,-2.0150375939849625,-0.15510110294117652,0.09747842274496521,-0.06173399909214705,-0.07263294422827504,0.037071651090342606,0.027989821882951516,0.0364773319437206,0.126819126819127,0.02053622361665708,-0.038850038850038904,-0.033333333333333326,-0.034027634563827514
2014-12-31,-0.024952313670081216,-0.03703395472703064,-0.04882288228822884,-0.18044673137644718,0.017887462981243774,0.059630292188431744,0.04019292604501601,0.04019292604501601,0.04907975460122693,0.04347826086956519,-0.10798978475009124,-1.1288322425077506,4.389863547758285,-1.08,0.014685885232526452,0.1645335389360063,0.0159651669085632,0.04475524475524484,0.02042655452087705,0.12376237623762387,0.19758672699849167,0.11254612546125475,0.04387926215762983,0.03920776071139853,0.0,0.17499288357529164
2015-03-31,-0.0008259792201017468,0.010111485610578175,-0.018158266059078,-0.09589041095890416,0.028241135852277166,-0.0558994560120053,0.2542503863987635,0.2542503863987635,0.24561403508771917,0.25595238095238093,-0.4564417177914111,-3.5454545454545454,-0.5500904159132007,-17.055555555555557,-0.23237737871884212,0.05971927966101709,0.06619047619047613,0.09772423025435084,0.026199587871651442,0.037444933920704804,0.002938706968933724,0.13101160862354888,0.02918340026773758,0.07895760404511853,0.034482758620689724,0.1172551632245169
2015-06-30,0.03273291565146774,0.07620351357517685,0.030132403524478102,0.08759469696969702,0.03689730627027843,0.0669580766938207,0.01848428835489835,0.01848428835489835,0.023474178403755985,0.018957345971563955,1.1173814898419865,1.4779411764705883,-1.382636655948553,-2.0738177623990772,0.3250698324022345,0.00199925028114456,-0.011612326931665917,0.013414634146341253,0.039873780837636374,-0.023354564755838747,-0.09418166596902466,0.1158357771260996,0.004162330905306932,0.009372746935832899,0.0,-0.01048047559675469
2015-09-30,0.009268491342386387,0.029361882552469742,0.00404802744425381,0.039762008416775574,0.01757386115558135,0.06573556797020474,0.12704174228675136,0.12704174228675136,0.12844036697247696,0.1348837209302325,0.021321961620469176,-0.15091140313692242,-4.025210084033613,-1.6111707841031149,-0.1499341238471673,-0.03716174086544466,0.07907817442385912,0.10228640192539129,0.02289655172413796,-0.07391304347826089,-0.054990757855822636,0.10381077529566363,0.008031088082901539,0.07071428571428573,0.03333333333333344,-0.009988860685524292
2015-12-31,-0.004076862068485676,-0.008392544537122903,-0.009316204273153827,0.20963014654570822,0.004147745557263827,-0.032675170365193074,-0.033816425120772986,-0.033816425120772986,-0.0325203252032521,-0.032786885245901676,-0.28322894919972164,-0.8836744882675986,-0.36875,-2.61335676625659,0.28456292622442647,-0.013016448646548273,0.05611390284757101,0.06877729257641918,0.007011866235167252,-0.035211267605633645,-0.1105134474327627,0.09404761904761894,0.008481110254433322,0.06837891927951945,0.0,-0.1802486442616298
2016-03-31,0.04945791885548223,0.09574744275403702,0.06762007679396675,-0.01661474558670817,0.021329630025282098,-0.0016257225433525813,0.05555555555555558,0.05555555555555558,0.05882352941176472,0.05932203389830515,-0.07038834951456308,17.841201716738198,-2.34983498349835,-2.3594771241830066,-0.3011583011583011,-0.018305885440587866,0.019825535289452745,0.01736465781409602,0.02249598286020338,-0.024330900243309084,-0.09235843870258387,0.10881392818280733,-0.027013251783894132,0.016859194505151498,0.0,0.11426128437064031
2016-06-30,0.004726023749933361,0.01755674548642383,-0.023603394064694028,0.27067933826117563,0.050589219719684886,0.029129726795730004,-0.015789473684210575,-0.015789473684210575,-0.011904761904761862,-0.0119999999999999,0.39791122715404703,-0.8503416856492028,-2.863080684596577,-0.7868589743589743,-0.09185082872928174,0.03241545247961497,0.0062208398133747345,0.015060240963855387,0.054740701938187586,0.009975062344139696,-0.009691096305269542,0.09813542688910704,0.045835515976951235,0.015351550506601086,0.0,-0.1991922455573506
2016-09-30,0.035497078347974664,0.06745523552285371,0.0449733115708677,-0.02659279778393353,0.02123917299970124,0.021624472573839704,0.0786096256684492,0.0786096256684492,0.0843373493975903,0.08502024291497978,-0.0056032872618603236,2.6362252663622527,-1.2545931758530184,-4.214285714285714,0.3250950570342206,0.06778015148572547,-0.0034775888717154535,0.0,0.027315619567916505,0.012345679012345734,0.03241590214067269,0.08936550491510276,-0.01377410468319562,0.01693377683701236,-0.032258064516129115,0.09660580996570522
2016-12-31,-0.006705054382597608,0.0036209754820695217,0.007894125841653166,0.06279643331436158,-0.029181425275403794,0.026501462743073523,-0.0406544372830937,-0.0406544372830937,-0.03333333333333344,-0.03358208955223896,0.1645379413974455,-0.4884889074926747,-4.646048109965635,-1.2853801169590644,-0.0700143472022956,-0.07990784527707051,0.0027142303218301578,-0.0029673590504450953,-0.019337684312303538,-0.10487804878048779,-0.10189573459715628,0.08203445447087776,-0.02260030472320962,-0.0011894142134999397,0.0,-0.055671809966196695
2017-03-31,0.003040218483497892,0.009693544881547389,-0.011015476115683431,-0.06078186362013571,0.025506276150627505,-0.0839899413243923,0.07028423772609815,0.07028423772609815,0.07662835249042144,0.07722007722007729,-0.23064516129032253,-0.8715220949263502,-0.00518378887841664,-1.4795081967213115,0.03609996914532543,0.0981813389562467,0.005413766434648082,0.012896825396825351,0.026867143209267752,0.11989100817438714,0.07387862796833788,0.08718726307808944,0.022343465835281906,0.025007442691277193,0.0,0.0750255685968928
2017-06-30,0.02215458118209135,0.04275012915446874,0.01355214399152982,-0.2573410624346669,0.03541469465025959,0.0633235724743777,0.0386286817962338,0.0386286817962338,0.04270462633451966,0.043010752688172005,-0.024737945492662505,10.547770700636942,-0.41165324490762667,-7.230769230769231,-0.21709350804050032,-0.018660746429857156,0.02230769230769214,0.022526934378060748,0.04344695151224198,-0.04379562043795626,-0.046068796068796214,0.08019525801952576,0.012960609911054632,0.029915771129828794,-0.033333333333333326,0.4040818175640475
2017-09-30,0.009348260394285601,0.027042648941001612,0.004951425885302507,0.048368522072936626,0.015982598827312344,-0.0063683304647159655,-0.060437006043700614,-0.060437006043700614,-0.05119453924914685,-0.05154639175257747,0.48495270851246786,0.08990623276337573,-0.10869565217391308,-1.5089163237311385,0.14111829593001146,0.09532253133598267,-0.011286681715575675,-0.006704980842911934,0.021394064872325647,0.04834605597964381,0.051513200257566005,0.07424144609425443,0.006522829904666239,0.002256063169768563,0.0,-0.02034330332655765
2017-12-31,-0.004693082371687196,-0.005547515677761683,0.13743711280196247,0.1009398266813133,-0.21682335784541873,0.005023384721981605,-3.1098466105888174,-3.1098466105888174,-3.115107913669065,-3.130434782608696,-0.1279675738274464,-0.9605263157894737,0.9277326106594399,1.1563342318059298,0.2666666666666666,-0.002512001786312279,-0.7484779299847792,-0.759884281581485,-0.21103603603603593,-0.024271844660194275,-0.009797917942437007,0.06911057692307687,-0.21311066799601197,-0.7563308947664603,0.0,-0.09673116508851376
2018-03-31,-0.1099382144733222,-0.17760126121756004,0.015188346462449598,0.16175166297117527,-0.38116556396339285,-0.042743881420199914,-1.5419793621013134,-1.5419793621013134,-1.556122448979592,-1.5527210884353742,-0.09462151394422313,-192.10256410256412,4.478912839737582,6.42625,1.563421052631579,0.033241927360232904,0.2813918305597578,0.14457831325301207,-0.32600628033114476,0.31094527363184077,3.425479282622139,0.07419898819561555,-0.30471967057332905,0.11662817551963056,0.034482758620689724,-0.2921004174946674
2018-06-30,-0.04890112978472261,-0.0668239573349062,-0.04985236929281289,0.06928141998282289,-0.04551856594110115,0.09092545912855599,-0.006490696668109086,-0.006490696668109086,0.07033639143730896,0.0707692307692307,-0.22918958562522918,-0.8028981618140346,-0.6022921655833049,-0.9343544857768052,0.04003695719125355,-0.04836700427882801,0.26918536009445093,0.10877192982456152,-0.02456586192291399,0.41176470588235303,-0.19228619340413644,0.06907378335949765,0.0036446469248292424,0.05377456049638063,0.03333333333333344,-0.12727600504777348
2018-09-30,-0.005185863719638362,0.009217803529101953,0.003960208432022716,0.10950468540829994,-0.03756120464149171,-0.025581779171480412,-0.19033101045296164,-0.19033101045296164,-0.17714285714285716,-0.17816091954022995,0.5570884871550903,-0.6147038801906058,-0.44516129032258067,3.6794871794871797,0.18014016385351894,0.11804211724530456,0.16837209302325573,-0.025316455696202556,-0.02214502822405562,0.14650537634408578,-0.05847750865051893,0.06461086637298097,-0.0326827054017248,-0.07360157016683033,0.06451612903225823,-0.09038864461297846
2018-12-31,-0.013618879301382725,-0.01831941544885174,0.01759021591423826,0.084942084942085,-0.12885915394801029,0.05521680216802172,0.03711672942442168,0.03711672942442168,0.05208333333333326,0.0524475524475525,-0.024136877482431984,-5.0962897526501765,0.38294573643410845,-3.745753424657534,-0.4191201070592171,-0.013388311952759135,3.65923566878981,3.0,-0.1079040852575488,0.009378663540445586,-0.04005880191106215,0.06068965517241387,-0.11684655091506335,2.744703389830508,0.06060606060606055,-0.09518556968595904
2019-03-31,-0.036421946518911064,-0.065580307299697,-0.013929074857185197,-0.057977461447212386,-0.13344,-0.10802568218298558,0.03319502074688807,0.03319502074688807,0.05610561056105623,0.056478405315614655,-0.42235441452723854,-1.7666594781108476,0.3977017937219731,-1.0824186789064059,0.059467242620590444,-0.011041741912182101,0.04955570745044424,-0.012175324675324672,-0.11597809855649566,0.10801393728222997,-0.708843797856049,0.0628521889900302,-0.10042507970244419,-0.038189533239038065,0.028571428571428692,-0.00806740767300096
2019-06-30,-0.07225338687750993,-0.12531649170720605,-0.08625975735916491,-0.1640169998425941,-0.003508124076809449,0.05650530861975889,0.09387550200803219,0.09387550200803219,0.12187499999999996,0.12264150943396213,-0.2336043360433604,-0.22784810126582278,0.2015239623019851,-5.438256658595642,-0.24911660777385158,-0.052590389732352416,0.06919570172582223,0.01725554642563676,0.013513513513513375,0.07127882599580726,-0.047337278106508895,0.0,0.07383343177790902,-0.006764705882353006,0.0277777777777779,0.046303994216519095
