Quarter end,Assets,Current Assets,Liabilities,Current Liabilities,Shareholders equity,Revenue,Earnings,Earnings available for common stockholders,EPS basic,EPS diluted,Cash from operating activities,Cash from investing activities,Cash from financing activities,Cash change during period,Cash at end of period,Price,ROE,ROA,Book value of equity per share,P/B ratio,P/E ratio,Cumulative dividends per share,Equity to assets ratio,Net margin,Asset turnover,Current ratio
1995-09-30,0.2646223047598606,-0.09978143694325192,1.5310321699762857,1.9279394911757963,0.12796765913890384,0.0,0.0,0.0,0.0,0.0,-0.11027968596663396,-0.6197168526150609,0.17889603192196857,-0.5744114451285767,-0.23205272417870848,0.41271442986881945,-0.5578800557880056,-1.1557377049180328,-0.12944983818770228,0.2781456953642383,-0.8820954029425241,inf,-0.1080212718812319,7.0,-0.2666666666666666,-0.6925422183386205
1995-12-31,0.2646223047598606,-0.09978143694325192,1.5310321699762857,1.9279394911757963,0.12796765913890384,0.0,0.0,0.0,0.0,0.0,-0.11027968596663396,-0.6197168526150609,0.17889603192196857,-0.5744114451285767,-0.23205272417870848,0.41271442986881945,-0.5578800557880056,-1.1557377049180328,-0.12944983818770228,0.2781456953642383,-0.8820954029425241,inf,-0.1080212718812319,7.0,-0.2666666666666666,-0.6925422183386205
1996-03-31,0.17401346739230705,-0.026905070515176766,0.25108126780424556,0.3001894384168584,0.1553529321450915,2.492971078001753,2.5330604534005037,2.5330604534005037,0.0,0.0,-0.11027968596663396,-0.6197168526150609,0.17889603192196857,-0.5744114451285767,-0.13775015179683636,0.1121428571428571,-0.5578800557880056,-1.1557377049180328,0.11524163568773238,0.2781456953642383,-0.8820954029425241,inf,-0.015898646130915406,7.0,-0.2666666666666666,-0.2515832071916222
1996-06-30,0.40910690883034184,0.878733207091416,0.133562291498037,0.17068647874095388,0.48135292682588204,0.3922036994289271,0.5322163800017823,0.5322163800017823,0.3333333333333335,0.3333333333333335,0.015579760099269313,2.4732689430009525,-12.531152062178764,-6.195693800263818,0.8864367282046071,0.5780346820809248,-0.5578800557880056,-1.1557377049180328,0.30333333333333345,0.4145077720207253,-0.8820954029425241,inf,0.05124321595355297,7.0,-0.2666666666666666,0.6048210674041359
1996-09-30,0.10052870520196411,0.007661314857289492,0.3010497233882108,0.3862088827631607,0.06029697269939893,0.12277691669970814,-0.06985401035305061,-0.06985401035305061,-0.12499999999999989,-0.12499999999999989,-0.9913114308987239,0.6955715703169878,-0.8836917289963472,-1.8873501277599423,-0.4041739304447549,0.022792022792022637,-0.5578800557880056,-1.1557377049180328,0.051150895140664954,-0.2148962148962149,-0.8820954029425241,inf,-0.036619041901788885,7.0,-0.2666666666666666,-0.27307098765432103
1996-12-31,2.826320722692567,5.7861401578896245,11.822277275968014,15.532336573421386,0.6115817068735605,11.657930219716718,-7.4971860930465235,-7.4971860930465235,-6.428571428571428,-6.428571428571428,3589.625,6.895906801977301,20.3038276393887,0.015560826588155052,-0.5891258574141294,0.23398328690807801,-0.5578800557880056,-1.1557377049180328,-0.04379562043795626,0.17418351477449456,-0.8820954029425241,inf,-0.5787637088733799,7.0,-0.2666666666666666,-0.5895340197431271
1997-03-31,1.1272955793628388,1.1908176695292618,1.2265389360296082,0.9041651874296193,0.9328986113657698,-0.2370989062717166,-1.278144038189465,-1.278144038189465,-1.2105263157894737,-1.1578947368421053,-0.4588772845953003,0.0948118575525636,0.6973135192765851,-0.08847184986595169,2.131386172855032,0.12899064817800698,-0.5578800557880056,-1.1557377049180328,0.7837150127226462,0.1801324503311259,-0.8820954029425241,inf,-0.09142011834319519,7.0,-0.2666666666666666,0.15059046633910889
1997-06-30,0.11105716562095402,0.08675766833247978,0.12411067193675884,0.12723330033470037,0.0816036970974543,0.5808510638297872,1.4048442906574397,1.4048442906574397,1.125,1.8333333333333335,0.31403297145154796,-0.5754876636679433,-0.9299470078841928,-0.046859421734795625,-0.3468875502008032,-0.23050556983718928,-1.1829652996845426,-1.1557377049180328,-0.011412268188302432,-0.569023569023569,-0.8820954029425241,inf,-0.026375773363725208,7.0,0.009090909090909038,-0.035960443512136675
1997-09-30,0.09105984380777365,0.059406584121413086,0.06683927886459529,0.04911759785881564,0.14785802631085798,0.3137617765814267,0.8359712230215828,0.8359712230215828,0.7058823529411762,0.7058823529411762,0.29222766217870255,-0.6735207721359631,-4.79520295202952,-1.6380753138075312,0.584934665641814,0.021158129175946616,7.896551724137932,7.421052631578947,0.02886002886002892,0.03385416666666674,-0.8820954029425241,inf,0.05183946488294322,7.0,0.06306306306306286,0.009869443580976078
1997-12-31,0.08109801183043053,0.046933955029295316,0.055131086142322205,-0.15041954836266513,0.1376934630705937,0.05660135740811878,0.6747648902821317,0.6747648902821317,0.7931034482758623,0.7931034482758623,-4.775751835188254,-12.152313624678664,0.0807000486144871,-2.336065573770492,-0.2822502424830262,-0.00036350418029817977,1.918604651162791,1.9562500000000003,0.09256661991584858,-0.02770780856423183,-0.8820954029425241,inf,0.05246422893481717,2.1397058823529416,-0.05932203389830493,0.23224317045017306
1998-03-31,0.1394469617090801,0.0784962934747575,0.1433906005963368,0.21646412987378594,0.1314754757053067,0.03620773239607322,-0.6392138511932616,-0.6392138511932616,-0.6538461538461539,-0.6730769230769231,-0.9322044528065224,-1.2773007549126953,-4.215474583895636,-2.539877300613497,0.847972972972973,-0.124,-0.015272244355909903,0.0021141649048626032,0.115532734274711,-0.19948186528497414,-0.8820954029425241,inf,-0.006948640483383728,-0.06557377049180335,0.072072072072072,-0.11340785611690496
1998-06-30,0.11457820979883793,0.13524233862203872,0.1387698841411169,0.05976510520124201,0.06516335227272729,0.2787800812889265,0.6523994811932554,0.6523994811932554,0.5555555555555558,0.588235294117647,4.383903792784459,-0.701163757273483,-0.040011191941801916,-1.3155378486055778,-0.1447897623400366,0.09879618098796183,0.0020229265003373076,0.008438818565400963,0.05063291139240511,-0.012944983818770184,-0.006044905008635637,inf,-0.044417401886218455,-0.03759398496240607,0.050420168067226934,0.07121222793547921
1998-09-30,0.05457863676821462,0.0010649499832480203,-0.10292898892087587,-0.06769544329596744,0.2909532541137809,0.11325543639814328,0.4105180533751962,0.4105180533751962,0.3928571428571428,0.40740740740740744,-2.0503436426116837,3.6411682892906816,-0.7853395511512679,-3.303030303030303,0.3899102180418983,-0.23007177937287493,-0.05585464333781964,0.0,0.2716319824753557,-0.26885245901639343,-0.29192006950477845,inf,0.22413244189748505,-0.0234375,0.02400000000000002,0.07377695949500263
1998-12-31,-0.012312580677191987,0.0048051063219420875,0.033440709900929955,0.08143347907557774,0.0005718396635370215,-0.29006285174382784,-0.35837506956037846,-0.35837506956037846,-0.3846153846153847,-0.39473684210526316,-0.9883854081465728,-2.0764159424632904,-2.750848608282417,4.12719298245614,1.3804983082128577,-0.30372914622178604,-0.25017818959372773,-0.2175732217573222,0.02928509905254084,-0.452914798206278,-0.35030674846625776,inf,0.013003901170351106,-0.17333333333333334,-0.0546875,-0.07085119412124918
1999-03-31,0.08926596676672083,0.0817957960101352,0.14979533264326705,-0.012580319110533589,-0.005604513107923759,0.5489237356787409,-0.30529054640069386,-0.30529054640069386,-0.25,-0.26086956521739124,-37.816901408450704,-1.74206570155902,-4.575029081039162,-1.8488023952095807,-0.5128569582633415,0.02466525722339674,-0.06558935361216733,-0.05080213903743336,-0.03430962343096233,0.0,0.30783758262511807,inf,-0.08703465982028236,-0.10322580645161294,0.05785123966942152,0.0955644895538128
1999-06-30,-0.37969793458985157,-0.5444858641506944,-0.6243005186647708,-0.5375363299029374,0.0635915310170938,-0.05306610381605248,5.257178526841448,5.257178526841448,5.277777777777778,5.529411764705882,-2.06159143075746,-4.29037703995498,-2.7629067245119305,-1.908289241622575,0.9562334217506632,0.031636863823933936,0.6225839267548321,0.8760563380281694,0.06065857885615267,0.06557377049180335,0.031768953068592065,inf,0.7145669291338581,0.6798561151079137,0.1171875,-0.015039403236479676
1999-09-30,0.010128277342629,-0.03884221707222868,0.1485091899251192,0.08134387351778649,-0.07845837400641476,0.0769488717058544,-0.7911013567438149,-0.7911013567438149,-0.7787610619469026,-0.7837837837837838,0.10054054054054062,-1.083518613534006,-0.7417251138181371,-1.7406380027739252,-0.3620338983050847,-0.020666666666666722,-0.08025078369905958,0.0030030030030028243,0.07189542483660127,-0.07692307692307698,-0.45626312106368094,inf,-0.0877480728226997,-0.1134903640256959,0.12587412587412605,-0.11115861479264644
1999-12-31,0.011447088778065329,0.0802210222278037,0.18831646079802744,0.1567000511733314,-0.12966500841734918,-0.22545194790922574,-4.8500477554918815,-4.8500477554918815,-5.28,-5.458333333333334,-2.0497707924034057,0.25392491467576783,-2.1841353025250116,-0.7209737827715356,-0.1583421891604676,-0.31313818924438397,-0.6332651670074982,-0.6122754491017964,-0.02896341463414631,-0.3583333333333333,-0.2574002574002574,inf,-0.13951815893563468,-0.6594202898550725,0.1428571428571428,-0.06610320896035182
2000-03-31,0.01191045831859694,-0.008300588248971175,0.03297952994692954,-0.010238584294517294,-0.011040598104842259,0.2368047673098752,-1.1545522202927314,-1.1545522202927314,-1.158878504672897,-1.158878504672897,-1.7373674360573923,-0.4784975503538378,-0.8253872460269563,-1.4241610738255033,0.07979797979797976,-0.23488602576808726,-0.022304832713754608,0.06949806949806958,-0.010989010989011061,-0.20779220779220786,1.9740034662045063,inf,-0.022565816966151342,-0.05673758865248235,0.13586956521739113,0.0019866087852253855
2000-06-30,-0.0834301339446335,0.012566819844321397,-0.005021728633510358,0.034385875291338186,-0.17264416315049225,0.02089786241443914,0.6179775280898876,0.6179775280898876,0.6470588235294119,0.6470588235294119,-1.3663282571912014,-0.5334029227557411,-0.42741935483870963,-4.5696202531645564,-0.637979420018709,0.15025906735751304,-1.564638783269962,-1.516245487364621,-0.17301587301587296,0.14754098360655732,0.14976689976689972,0.0,-0.09747755451047446,0.0,0.028708133971291794,-0.021148479953003174
2000-09-30,-0.04565795228962688,-0.11366583310178757,-0.09672910802678836,-0.14503981727267112,0.024224394390140347,-0.00026219683490968926,-0.07638888888888884,-0.07638888888888884,-0.07142857142857151,-0.07142857142857151,-7.265588914549654,-1.604026845637584,-12.961770623742455,-0.8111702127659575,-0.13759689922480622,-0.27139639639639646,0.17845117845117864,0.11888111888111896,0.03358925143953928,-0.11428571428571421,0.0,32.5,0.07342491710090004,0.0,0.018604651162790642,0.03675918979744908
2000-12-31,0.03770037136276039,0.09098983777005665,0.07184303275165482,0.13408426296978226,-0.003501037344398328,-0.11919971525449125,-0.20837808807733615,-0.20837808807733615,-0.23076923076923073,-0.23076923076923073,-1.7572797640987836,3.9000000000000004,-1.3883936080740118,1.408450704225352,-0.38426966292134834,-0.08655332302936625,-3.354285714285714,-3.29375,0.058495821727019504,-0.11290322580645151,0.0,0.0,-0.03971756398940873,0.20300751879699264,0.04566210045662111,-0.038060781476121575
2001-03-31,-0.01696489241223098,-0.028877927302332296,-0.022195488721804546,-0.0340941648362143,-0.010175666883539325,0.03938917010506615,-0.1872455902306649,-0.1872455902306649,-0.15000000000000002,-0.15000000000000002,-1.7155025553662693,-1.0786092214663643,-2.224772628843655,-1.0155945419103314,0.009732360097323589,0.1996615905245347,0.04126213592233019,0.02179836512261568,-0.0061403508771930015,0.1272727272727272,-0.6051697921946275,0.0,0.006893382352941124,0.012499999999999956,0.013100436681222627,0.00541597713254105
2001-06-30,-0.03852445796179815,-0.06916362560410294,-0.07986794619422577,-0.08753542943774306,0.014487037913445855,0.011274810722324613,0.44073455759599334,0.44073455759599334,0.5294117647058822,0.5294117647058822,0.0,-5.125,0.0,-72.125,-0.6855421686746987,0.49506346967559933,-0.05011655011655014,-0.02933333333333321,0.02383053839364524,0.5161290322580645,0.49550706033376124,0.0,0.054997717937015134,-0.024691358024691246,-0.004310344827586077,0.02012569205446657
2001-09-30,-0.023089458170576838,-0.10394426637704957,-0.0474004412452923,-0.045365888896915396,0.00518336140987441,0.014042613463912001,-0.0822711471610661,-0.0822711471610661,-0.07692307692307698,-0.07692307692307698,0.0,-1.393939393939394,0.0,-2.0650263620386644,2.413793103448276,-0.05660377358490565,-0.04539877300613504,-0.03296703296703296,0.02931034482758621,-0.08510638297872342,-0.03519313304721028,0.0,0.02898550724637694,-0.03164556962025333,-0.0043290043290044045,-0.06131279794646127
2001-12-31,-0.010756644711827357,-0.06805214769267154,-0.008679174659617317,-0.024555429436246667,-0.013046280778651553,0.027377032824503544,-0.9128787878787878,-0.9128787878787878,-0.875,-0.9166666666666666,-0.5554421768707483,2.497041420118343,-0.8847241867043847,-0.3564356435643564,0.4377104377104377,0.08000000000000007,-0.22236503856041123,-0.20454545454545459,-0.0016750418760468344,0.04651162790697683,0.10409252669039137,0.0,-0.0023123817532058055,-0.24183006535947715,0.04782608695652191,-0.04461286037971712
2002-03-31,0.03474099238723438,0.05351308485329098,0.0484011799410029,0.07905046351964629,0.01961911230700908,-0.07730106628857769,12.289855072463768,12.289855072463768,8.666666666666666,13.000000000000002,0.03672532517214999,1.3367174280879865,-0.4233128834355828,-1.5794871794871796,-0.1764246682279469,0.15462962962962967,0.12892561983471085,0.14642857142857135,0.01845637583892623,0.16666666666666674,0.4560838033843675,0.0,-0.014538558786346467,0.14655172413793105,0.0,-0.023634281975793425
2002-06-30,0.018920149539877196,0.05392629170179464,0.02295952820420477,0.014953808548114678,0.01432231616705093,0.055760203759446014,0.13195201744820073,0.13195201744820073,0.10344827586206917,0.1428571428571428,-0.6686346863468635,-1.1006517016654598,2.356382978723404,-0.7654867256637168,-0.05023696682464451,0.2927024859663192,0.060029282576866905,0.06230529595015577,0.02471169686985175,0.2666666666666666,0.1151079136690647,0.0,-0.004490057729313657,0.06015037593984962,0.0,0.03836167183181183
2002-09-30,-0.03577350502734167,-0.07287946747421647,-0.08040311578576775,-0.11740747299451038,0.015458839576650174,0.03550921126086615,0.027938342967244623,0.027938342967244623,0.0625,0.03125,2.4320712694877504,-3.4748201438848922,-0.2155309033280507,-14.11320754716981,0.6936127744510978,-0.22580645161290325,0.08701657458563528,0.09384164222873914,0.03295819935691324,-0.24812030075187974,-0.2799007444168734,0.0,0.05304982817869419,0.09219858156028371,0.008298755186721962,0.05041542308623059
2002-12-31,0.047016208700742856,0.11829779366448911,0.11853943338437989,0.1961075441412521,-0.027337628417203552,-0.13000365827829874,-0.25585754451733833,-0.25585754451733833,-0.26470588235294124,-0.21212121212121215,0.34977287475665153,-0.9883720930232558,2.9515151515151516,-0.9064748201438849,0.03830288744843835,-0.1314102564102565,0.22871664548919934,0.21715817694369988,0.049805447470817166,-0.16000000000000003,-0.2136457615437629,0.0,-0.07097695288598815,0.2727272727272727,-0.04526748971193428,-0.06504377207802181
2003-03-31,0.027210884353741527,0.06059353558733571,0.05185470414580928,0.22149159593384105,-0.0022505242698582784,-0.013101693039725526,1.3299748110831233,1.3299748110831233,1.56,1.423076923076923,-0.10336538461538458,94.5,-0.29243353783231085,0.46153846153846145,0.053916004540295104,0.17712177121771222,0.24405377456049648,0.22687224669603512,0.028169014084507005,0.13095238095238093,-0.060473269062226054,0.0,-0.028759604829857288,0.26530612244897966,-0.030172413793103425,-0.13166324435318288
2003-06-30,0.01280277601378943,0.04658352818914002,0.026194834248525423,0.021862726249004316,-0.004075460091249261,0.13663579485569488,-0.4254054054054054,-0.4254054054054054,-0.40625,-0.4126984126984127,-0.23699731903485255,-1.1151832460732984,-0.30346820809248554,4.231578947368421,0.26763597199784606,0.13949843260188088,0.009975062344139696,-0.007181328545780907,0.018745493871665575,0.10526315789473695,-0.11940298507462699,0.0,-0.01672694394213381,0.0,-0.008888888888888946,0.024120317820658377
2003-09-30,-0.0793053642806758,-0.1879452870938113,-0.15488128740734863,-0.2077140169332079,0.018839274224681457,0.03724894448171101,0.0235183443085607,0.0235183443085607,0.05263157894736836,0.027027027027026973,-2.364722417427969,9.159090909090908,-0.4636929460580913,-5.058350100603621,-0.856839422259983,0.18775790921595603,0.008230452674897082,0.003616636528029016,0.01840056617126673,0.16190476190476177,0.15042372881355925,0.0,0.10666666666666669,0.0,0.0,0.02493765586034913
2003-12-31,0.07297823178888474,0.21982758620689657,0.14283704242196849,0.29236353767344037,-0.002273473615075683,-0.12584167078784192,-0.27297794117647056,-0.27297794117647056,-0.29999999999999993,-0.26315789473684204,-1.6658084449021628,-1.1140939597315436,-1.311411992263056,-1.6797223599405058,4.068249258160237,0.04748118123914313,-0.0032653061224489077,-0.007207207207207134,0.020847810979847115,0.032786885245901676,0.015653775322283625,0.0,-0.07000415454923148,-0.0040322580645161255,0.0,-0.056051185004956094
2004-03-31,0.023177794652673,0.01140265142971697,0.033611031312841044,0.05213282583016143,0.010304580094690818,0.043779102658949576,0.10366624525916568,0.10366624525916568,0.1428571428571428,0.1428571428571428,-0.2892498066511988,34.76470588235294,-4.043478260869565,-2.018964259664479,-0.8179156908665105,-0.048645660585959094,-0.20802620802620808,-0.2087114337568059,0.015656909462219204,-0.07142857142857151,-0.059836808703535804,0.0,-0.012731740004467196,-0.21862348178137647,0.008968609865470878,-0.038758949880668414
2004-06-30,0.032267712348797106,0.05899697705535467,0.03944651790677356,0.04865148075147818,0.023205693664795524,0.040004169272461976,0.054982817869415834,0.054982817869415834,0.0625,0.0625,0.18389553862894448,-0.6211622807017544,-0.6979591836734693,-1.17680744452398,0.8263665594855305,-0.049970947123765264,-0.04963805584281278,-0.04816513761467889,0.026139410187667522,-0.05982905982905973,0.16779170684667322,0.0,-0.008823529411764786,-0.031088082901554404,-0.013333333333333197,0.009832158109047695
2004-09-30,-0.0777881509620234,-0.16336367252392425,-0.14417769628908117,-0.18529180842711335,0.0073475385745775945,0.02174828118422889,0.0032573289902280145,0.0032573289902280145,0.02941176470588225,0.0,0.032169117647058876,-0.8379160636758322,3.5405405405405403,0.36437246963562764,0.5985915492957747,-0.010397553516819702,-0.053318824809575616,-0.055421686746988,0.015676028739386005,-0.036363636363636376,0.012386457473162693,0.0,0.09244464734078983,-0.03743315508021405,-0.018018018018018056,0.026947285601888415
2004-12-31,0.012206190365371183,0.028525883043879485,-0.01008703414416423,-0.0038255993925765397,0.03649404327741301,-0.10907521481539606,0.751082251082251,0.751082251082251,0.7714285714285716,0.7352941176470587,0.14692787177203925,5.053571428571429,-0.6220238095238095,-0.5519287833827893,0.1806167400881058,0.09888751545117436,0.21149425287356327,0.24234693877551017,0.03215434083601276,0.07547169811320731,0.13295269168026103,0.0,0.024028416213957238,0.23888888888888893,0.0,0.03246504501053438
2005-03-31,0.004839692374897897,0.02001250781738584,-0.003877541818837593,0.026676829268292623,0.013910065445333242,0.017373497159466345,-0.4004944375772559,-0.4004944375772559,-0.4032258064516129,-0.38983050847457623,-0.16149068322981364,-0.9749262536873157,6.291338582677166,-6.218543046357616,-0.7322761194029851,0.07986501687289072,0.002846299810246755,0.030800821355236208,0.024922118380062308,0.05263157894736836,-0.13030957523398135,0.0,0.008977759640889538,0.03139013452914785,0.0,-0.0064929041832855194
2005-06-30,-0.016245280860313516,-0.028203556100551808,-0.06701217580229035,-0.08777339957740848,0.03565148991301137,0.09049195939657606,1.0082474226804123,1.0082474226804123,1.0,1.0277777777777777,-0.16666666666666663,7.411764705882353,-0.6879049676025918,-1.2398477157360406,0.6655052264808363,0.03125,0.20340586565752128,0.25697211155378485,0.04133738601823711,0.0,0.005794701986755024,0.0,0.05278058645096051,0.23043478260869565,0.022935779816513735,0.06535337503501082
2005-09-30,-0.03883009652285152,-0.09194897819229186,-0.11078229229836267,-0.14911731563791164,0.027432145649503026,0.03135916163861552,-0.33624229979466114,-0.33624229979466114,-0.33783783783783783,-0.34246575342465757,1.612222222222222,-1.8881118881118881,-0.6903114186851211,11.142857142857142,4.805439330543933,0.06313131313131315,0.037735849056603765,0.07765451664025358,0.02335084646818464,0.025000000000000133,-0.14238683127572016,0.0,0.06895889358432594,0.06360424028268552,0.013452914798206095,0.06712820962229427
2005-12-31,0.0676821817037907,0.17222004047971473,0.13344972448033166,0.25518687463213663,0.015263192224903799,-0.15358709876068044,-0.4168600154679041,-0.4168600154679041,-0.40816326530612246,-0.41666666666666663,0.0,0.0,0.0,-1.1481481481481481,-0.12144144144144142,-0.019477434679334937,-0.16742424242424248,-0.15147058823529413,0.014831717056474458,-0.04065040650406504,-0.0825335892514395,0.0,-0.049056603773584895,-0.1428571428571428,-0.008849557522123686,-0.06610823683994416
2006-03-31,-0.0015411638053147714,-0.014302649211421548,-0.03427196149217815,-0.04601271943964125,0.027583253024949128,0.06268330946047329,0.1564986737400531,0.1564986737400531,0.13793103448275867,0.1785714285714286,-0.6482347937048065,-7.559055118110236,-1.6871508379888267,-1.3441176470588236,0.05250205086136184,0.05232558139534871,-0.04458598726114649,-0.022530329289428108,0.25463743676222594,0.033898305084745894,0.2280334728033473,0.0,0.02910052910052907,-0.023255813953488413,0.0,0.033239535701723666
2006-06-30,-0.006707600812629777,-0.02112473528719705,0.26319593281164333,0.02491474916285208,-0.23241564720838626,0.07205819426615312,-0.16628440366972475,-0.16628440366972475,0.0,-0.030303030303030276,-0.15477629987908104,-0.8175270108043218,-23.4390243902439,-19.914529914529915,-0.8612626656274357,0.0013812154696133394,-0.2171428571428572,-0.2535460992907802,-0.22535842293906816,-0.20491803278688525,0.017887563884156688,0.0,-0.22732280572897534,-0.25,-0.0044642857142858094,-0.04485106382978721
2006-09-30,-0.04243698439178223,-0.12283325765871633,-0.06879475999763252,-0.11012529224866618,-0.0061632863620320055,-0.009838748303664047,0.1251719394773041,0.1251719394773041,0.18181818181818188,0.1875,2.1645207439198857,5.9144736842105265,-0.5572463768115943,-0.9724356077722549,-0.1657303370786517,-0.06620689655172418,-0.08272506082725062,-0.1330166270783848,0.01908617698091386,0.2061855670103092,0.20502092050209209,0.0,0.03802281368821303,-0.1164021164021164,-0.017937219730941756,-0.014345540408090551
2006-12-31,0.02703928213450424,0.030935996589732673,0.03692796610169502,0.020782807868499065,0.014288055950169465,-0.12480096744936009,-0.0806845965770171,-0.0806845965770171,-0.05128205128205132,-0.07894736842105265,-1.3377034358047015,-0.0009514747859181716,-2.6522094926350244,-4.639344262295082,0.7575757575757576,0.008370260955194553,0.0610079575596818,0.00547945205479472,0.007945516458569779,-0.008547008547008517,0.0854166666666667,0.0,-0.01236263736263743,0.0,0.004566210045662267,0.009943952269029
2007-03-31,-0.028012083188102666,-0.07058893023805302,-0.07337106429928697,-0.07005444646098002,0.03178279957982055,0.012205513207286467,0.03191489361702127,0.03191489361702127,0.0,0.05714285714285716,-2.428380187416332,-0.6971428571428571,-1.4180287270926202,-1.427927927927928,-0.1800766283524904,0.0703125,0.03249999999999997,-0.019073569482289,0.028153153153153143,0.06034482758620685,0.01599488163787588,0.0,0.06142790913305518,-0.017964071856287345,-0.00454545454545463,-0.0005370569280342963
2007-06-30,0.0103395928710599,0.025803991356298406,0.039491091903334,0.025157902207082472,-0.024173127626804458,0.03731258389643477,-0.0038659793814432852,-0.0038659793814432852,0.0,0.0,-2.2783505154639174,-0.7924528301886793,-2.5533175355450237,0.2526315789473683,-0.2710280373831776,-0.017335766423357768,0.010895883777239712,0.025000000000000133,0.013143483023001057,-0.04065040650406504,-0.04471032745591941,0.0,-0.03406857392443752,0.04268292682926833,-0.013698630136986245,0.0006269030986922886
2007-09-30,-0.012943069424068865,-0.03605947955390332,0.03222111448147125,-0.019487037485722225,-0.0699018217811187,0.009321606386945458,-0.06727037516170764,-0.06727037516170764,0.0,0.0,-2.0865102639296187,5.696969696969697,-1.8161708619374524,-0.7478991596638656,-0.08974358974358976,-0.07706592386258126,-0.01916167664670665,-0.02981029810298108,0.021621621621621623,-0.09322033898305071,-0.10876730388925515,0.0,-0.05787926746552119,-0.011695906432748648,-0.01851851851851849,-0.016915779110355245
2007-12-31,0.016373007311518695,0.04075073916955918,0.028749332127738336,0.024357526122564144,-0.0009491486424297868,-0.10141683688991265,-0.2829403606102635,-0.2829403606102635,-0.21621621621621623,-0.2702702702702702,-0.4035087719298246,-0.8212669683257918,-0.288785046728972,-2.466666666666667,0.15492957746478875,-0.16297786720321927,-0.06227106227106238,-0.07541899441340782,0.021164021164021385,-0.17757009345794394,-0.15680473372781056,0.0,-0.017038636909047278,-0.06508875739644948,-0.009433962264150941,0.016023306627822143
2008-03-31,0.005141751969432562,0.009665266798418948,0.0032160763868080977,0.03067061823695627,0.007917086512163607,-0.03281661870329622,-0.01934235976789167,-0.01934235976789167,-0.0344827586206895,0.03703703703703698,1.1708144796380089,4.227848101265823,0.9605781865965834,-0.6818181818181819,0.04878048780487809,-0.14783653846153855,-0.07552083333333337,-0.09969788519637457,0.016062176165803077,-0.17045454545454553,-0.0982456140350878,0.0,0.0029296875,-0.07594936708860767,-0.023809523809523947,-0.020340501792114662
2008-06-30,-0.020156748639008848,-0.051289109092577334,-0.04099796901756203,-0.0069880968302795665,0.009740074264495968,-0.022453368005200813,0.021696252465483346,0.021696252465483346,0.03571428571428559,0.03571428571428559,-0.2782699322563835,-0.4842615012106537,-0.2660857908847185,4.5,0.22383720930232553,-0.0338504936530325,-0.08873239436619718,-0.09731543624161076,0.020397756246812948,-0.04109589041095896,0.03307392996108938,0.0,0.030428432327166632,-0.06849315068493156,-0.03414634146341455,-0.0446355071800969
2008-09-30,-0.25303541921115025,-0.13091553836234693,-0.14656479039926917,-0.11959998653153303,-0.39809340612712507,-0.09366687129118068,-28.272200772200772,-28.272200772200772,-28.551724137931036,-28.551724137931036,0.7111913357400721,0.267605633802817,0.7470319634703195,1.4285714285714284,0.4441805225653206,-0.018248175182481785,-7.156105100463679,-6.921933085501858,-0.39880059970015,-0.042857142857142705,0.04708097928436916,0.0,-0.1941885187810064,0.0,-0.005050505050505083,-0.012829104834849336
2008-12-31,-0.03592382418005191,-0.052598390148002494,-0.07162319968859476,-0.06077179026274526,0.0330388194379172,-0.2438053846588023,-1.0474976994407872,-1.0474976994407872,-1.0475594493116396,-1.0475594493116396,-0.5021097046413502,-1.5370370370370372,-0.5697856769472034,1.6844919786096257,0.825657894736842,-0.41784386617100366,0.09866934471503885,0.07156308851224091,0.03325020781379884,-0.02985074626865669,0.0,0.0,0.07153327469950144,0.0,-0.015228426395939132,0.008631558529725636
2009-03-31,-0.07119934819840046,-0.11710582984221451,-0.12232704402515726,-0.14712110106686216,0.017560620535917337,-0.07702929651054302,-0.4843517138599106,-0.4843517138599106,-0.4736842105263158,-0.4736842105263158,0.047457627118643986,-1.4758620689655173,1.0072904009720536,-1.9661354581673307,-0.4414414414414415,0.421455938697318,0.13985374771480807,0.12653778558875217,0.016090104585679832,0.3846153846153846,0.0,0.0,0.09548563611491101,0.0,-0.005154639175257714,0.035192307692307745
2009-06-30,-0.062425034461769835,-0.09272727272727277,-0.12014809506747881,-0.18300310336595849,0.024008584074753037,0.055193886215680665,0.06069364161849711,0.06069364161849711,0.04999999999999982,0.04999999999999982,-0.1318770226537217,-5.173913043478261,-0.5835351089588378,-2.3876288659793814,1.0790322580645162,0.4519317160826595,0.15437048917401763,0.14872594903796155,0.019002375296911955,0.4222222222222223,0.0,0.0,0.09215784215784217,0.0,0.015544041450777257,0.1105331599479844
2009-09-30,-0.02734285496066602,-0.06104892712253773,-0.05568752545133704,-0.08719027582982697,0.009125043660495935,0.11729767014101777,0.771117166212534,0.771117166212534,0.7142857142857142,0.7142857142857142,0.09878844361602979,-0.20486111111111116,-0.05087209302325579,0.12184249628528976,0.586501163692785,0.1571782178217822,-1.1563042723167767,-1.167949298325034,0.029526029526029562,0.1328125,0.0,0.0,0.037502858449576904,0.3970588235294119,-0.005102040816326481,0.028604884576781453
2009-12-31,0.061503729878288116,0.17157730348776679,0.11549933517806443,0.1929577464788732,-0.0035045212650889335,-0.05360633810062765,-0.05076923076923079,-0.05076923076923079,-0.02777777777777779,-0.02777777777777779,-0.8244274809160306,-2.349344978165939,-0.6845329249617151,-1.4079470198675497,-0.15061124694376526,0.02352941176470602,-0.0377777777777778,0.0,0.019622641509434047,-0.006896551724137945,0.49640287769784197,0.0,-0.061273969583425125,-0.03157894736842104,0.03589743589743599,-0.017889087656529523
2010-03-31,0.017346919904573488,0.035768239580556305,0.02245417351245127,0.03305785123966931,0.010463702674539777,0.03181851127056601,-0.10534846029173417,-0.10534846029173417,-0.08571428571428563,-0.08571428571428563,2.36231884057971,-0.3074433656957929,1.9611650485436893,-0.5844155844155844,-0.07426597582037997,-0.006269592476489061,0.09353348729792166,0.11051212938005395,0.024426350851221246,-0.02083333333333337,0.02043269230769229,0.0,-0.006574313219065542,0.0652173913043479,0.03960396039603964,0.002649445272395967
2010-06-30,0.003090291032702641,-0.007335592638668453,0.11774528955825825,0.05672727272727274,-0.15326773514372882,0.09194998595110992,-0.14492753623188404,-0.14492753623188404,-0.09375000000000011,-0.09375000000000011,-0.09482758620689657,0.0,0.6524590163934427,3.625,-0.3681592039800995,0.05047318611987395,0.08553326293558605,0.03398058252427183,-0.027456647398843903,0.02127659574468077,-0.051236749116607805,0.0,-0.1559914913731978,0.005102040816326481,0.028571428571428692,-0.060693641618496996
2010-09-30,0.03852775411826537,0.058124459809853146,0.05017618040873861,0.07826172451086433,0.017558104130721564,0.05303956256030884,0.2055084745762712,0.2055084745762712,0.3448275862068968,0.3103448275862071,0.03333333333333344,3.2289719626168223,-1.0833333333333333,-0.7128378378378378,-0.16830708661417326,0.07907907907907896,-0.0009727626459143934,-0.06338028169014087,0.006686478454680511,0.11111111111111116,0.013656114214773307,0.0,-0.020162419490338812,-0.06598984771573602,0.0,-0.018637362637362487
2010-12-31,0.04249044619330977,0.07375944455789263,0.04557777479532943,0.09391811799033456,0.036754438460004035,-0.01313418247350251,0.1827768014059754,0.1827768014059754,0.15384615384615374,0.18421052631578938,-0.16897081413210446,-0.26077348066298345,1.7857142857142856,-1.6235294117647059,0.12544378698224845,0.17625231910946204,0.052580331061343744,0.0,0.02952029520295185,0.16874999999999996,0.15921616656460502,0.0,-0.005430122892254974,-0.010869565217391242,0.01388888888888884,-0.01845382065752954
2011-03-31,-0.01419436912055172,-0.0678178844471492,-0.03709598747208176,-0.062223889305659696,0.028717110010101576,0.024822804791234665,0.031203566121842385,0.031203566121842385,0.04444444444444429,0.022222222222222143,1.8373382624768948,0.3228699551569507,-4.239316239316239,-2.018867924528302,-0.11356466876971605,0.25,0.0878815911193338,0.04511278195488733,0.03655913978494629,0.213903743315508,0.16270470153196004,0.0,0.04339080459770117,0.0219780219780219,0.022831050228310668,-0.005932280733777495
2011-06-30,0.007895541141712314,0.015627550187693906,0.01839607550389255,-0.017154793120305767,-0.010520901524361692,0.007610763794509312,0.036023054755043304,0.036023054755043304,0.042553191489361764,0.04347826086956519,-1.1850162866449512,-0.5457627118644068,-1.8720316622691293,-0.7685185185185185,-0.029655990510083052,0.07854889589905367,0.08333333333333348,0.08153477218225413,0.004149377593360981,0.03964757709251088,-0.016810540663334872,0.0,-0.018176810795923926,0.08602150537634423,0.0,0.033327212633125214
2011-09-30,-0.02848767667918939,-0.0775782411313326,-0.020393737892036246,-0.023377797874745698,-0.043098152261235256,0.0510145970086624,-0.016689847009735748,-0.016689847009735748,0.0,0.0,-7.549295774647887,0.14427860696517403,-3.3373676248108928,4.8,-0.1772616136919315,0.07809300965194499,0.0494505494505495,0.0509977827050998,-0.003443526170798794,0.07627118644067798,-0.037892791127541625,0.0,-0.015147265077138705,0.034653465346534684,0.013392857142856984,-0.055442025766326064
2011-12-31,0.0749115627384338,0.16559233449477362,0.15027125257222274,0.14019816649689787,-0.06434885673366586,0.04902324254955093,-0.018387553041018356,-0.018387553041018356,0.0,0.02083333333333326,-0.6489247311827957,-0.3152173913043478,-0.9061488673139159,-2.3310344827586205,0.28677563150074303,-0.02387411828540431,0.029917726252804533,-0.002109704641350074,-0.007601935038009766,-0.019685039370078705,-0.07588856868395777,0.0,-0.12959270863002004,-0.028708133971291905,0.026431718061673992,0.02219922867086832
2012-03-31,0.021552558559721158,0.039458934309842375,0.10689559035360818,0.08089011613741581,-0.17233189063654597,-0.005817746846454974,0.05187319884726227,0.05187319884726227,0.14285714285714302,0.12244897959183687,0.5329249617151608,-0.21269841269841272,4.903448275862069,-1.533678756476684,-0.11893764434180143,-0.02473596442468018,0.0885984023238926,-0.00634249471458781,-0.1058495821727019,-0.0200803212851407,-0.045218295218295124,0.0,-0.1897905759162304,-0.009852216748768461,0.0042918454935620964,-0.03828103432410057
2012-06-30,0.020371423157096835,0.036702854267021356,0.03545116806246451,0.02009918100533481,-0.02544480581595565,0.06767842493847409,0.0767123287671232,0.0767123287671232,0.1607142857142856,0.16363636363636358,-0.8061938061938062,1.0161290322580645,-1.191588785046729,0.3786407766990292,-0.18610747051114018,-0.011969222000570046,0.10940627084723142,0.0021276595744681437,-0.014018691588784993,0.10655737704918034,-0.05606967882416991,0.0,-0.044830371567043614,-0.01492537313432829,0.017094017094017033,0.016266385991771326
2012-09-30,0.015724146469805245,0.02579839800270478,-0.0017635611773291204,0.043641586565020374,0.0721764166993848,0.007504161864515302,0.03816793893129766,0.03816793893129766,0.030769230769230882,0.03125,8.907216494845361,-0.21999999999999997,-8.115853658536587,-3.5704225352112675,0.5877616747181964,0.14248629939428903,0.09801563439567063,0.006369426751592133,0.06319115323854674,0.1592592592592592,0.05767012687427919,0.0,0.05581395348837215,0.005050505050504972,0.0,-0.017135862913096656
2012-12-31,0.09751637970440341,0.13615928066795124,0.1198091176769216,0.12982567577104942,0.030515715593530723,0.06093344857389793,0.019607843137254832,0.019607843137254832,0.02985074626865658,0.030303030303030276,-0.9745057232049948,3.717948717948718,-2.2870608397600685,-1.7917808219178082,-0.2931034482758621,0.09618783135571829,0.07886089813800656,0.006329113924050667,0.03714710252600306,0.03194888178913735,0.011995637949836269,0.0,-0.06127352823388066,0.015075376884422065,-0.008403361344537785,0.005651882364211103
2013-03-31,-0.0012217131750659194,-0.006009937222932971,-0.019385257049596483,0.001874004435143739,0.058098904352976044,-0.01847370312687191,-0.0024038461538461453,-0.0024038461538461453,0.0,-0.014705882352941235,46.97959183673469,-0.783695652173913,-2.456058588548602,-0.19031141868512114,-0.33572453371592537,0.011515430677107252,-0.0020304568527919065,-0.002096436058700135,0.055157593123209114,-0.024767801857585203,-0.06465517241379304,0.0,0.059300341296928405,0.004950495049504955,-0.004237288135593098,-0.007906267860544824
2013-06-30,0.035973423035222885,0.049567481816277015,0.030124269546563998,0.05991832153879728,0.05367737602149325,0.08058295088370282,0.08313253012048194,0.08313253012048194,0.07246376811594213,0.08955223880596996,-0.8141216503615483,1.2889447236180906,-1.3237311385459534,-2.0,0.5053995680345573,0.004098360655737654,-0.017802644964394765,-0.0021008403361345573,0.05295315682281054,-0.050793650793650724,-0.041474654377880116,0.0,0.017317760773258195,0.0,-0.004255319148936287,-0.00969755160825736
2013-09-30,-0.010492419160069821,-0.0422073292456866,-0.0339466834215959,-0.035148092590958524,0.05891102257636116,0.0100079069242065,0.030033370411568505,0.030033370411568505,0.027027027027026973,0.027397260273972712,3.336384439359268,-0.11196487376509334,-2.553672316384181,-1.0598290598290598,-0.020086083213773365,0.11179138321995463,-0.017607457276022753,0.004210526315789442,0.05480335267569303,0.05685618729096986,0.07512019230769229,0.0,0.07007125890736332,0.0,0.00427350427350448,-0.007368625169672294
2013-12-31,0.07312740684493146,0.14039005508411484,0.08752369271936677,0.1437019875624923,0.034263068124811946,0.011877068980943095,0.18142548596112307,0.18142548596112307,0.18421052631578938,0.18666666666666676,-0.916622691292876,-0.43139678615574784,-1.2827272727272727,-1.6428571428571428,0.013177159590043841,0.015908627370997408,0.023194517659462344,0.05031446540880502,0.05867970660146704,-0.03797468354430378,-0.016210173281162588,0.0,-0.036256011838697644,0.054187192118226646,-0.004255319148936287,-0.0029302598163705174
2014-03-31,-0.02149328413843643,-0.05020887728459533,-0.03029526348164857,-0.044858467935391055,0.003492263665906714,-0.03545613298260353,-0.13071297989031083,-0.13071297989031083,-0.11111111111111105,-0.1235955056179775,12.645569620253164,-0.08043478260869563,-6.572347266881029,-1.0,0.0,0.009034330455731654,-0.004121586810922229,0.013972055888223478,0.0005773672055426893,-0.046052631578947456,-0.06079545454545454,0.0,0.025719769673704374,0.01869158878504673,-0.004273504273504147,-0.005583855799373039
2014-06-30,0.01647727272727262,0.02482337740880225,0.012581276100861682,-0.00407422910562294,0.02716419353279531,0.09739887704824102,0.05573080967402744,0.05573080967402744,0.04999999999999982,0.0641025641025641,-1.021799628942486,0.2529550827423168,-1.3289094056549335,-inf,-0.010115606936416222,0.10923199363310787,-0.003103983445421621,0.011811023622047223,0.034622042700519495,0.1103448275862069,0.070780399274047,0.0,0.010479041916167775,0.004587155963302614,0.008583690987124415,0.02906117623879423
2014-09-30,-0.009896336195944877,-0.032483905579399175,0.00612546767597677,-0.0073972372439686795,-0.05322102489294622,0.025164456510389455,0.06075697211155373,0.06075697211155373,0.08333333333333348,0.08433734939759052,-52.48936170212766,0.016981132075471805,-4.317543859649122,0.4285714285714286,-0.014598540145985384,-0.011838565022421421,0.03269330565646089,0.021400778210116655,-0.008365867261572735,-0.04658385093167716,-0.0423728813559322,0.0,-0.0437037037037038,0.009132420091324311,0.008510638297872353,-0.0252728317059161
2014-12-31,0.07775510989645484,0.10876375835204755,0.09441859660653451,0.09583627381792525,0.029870775347912604,0.02827459767773477,0.09577464788732404,0.09577464788732404,0.13186813186813184,0.1333333333333333,-0.8669421487603306,3.207792207792208,-2.070861977789529,-8.9,0.11703703703703705,-0.023597749137774682,0.016582914572864205,0.003809523809523707,0.025871766029246235,-0.013029315960912058,-0.06666666666666665,0.0,-0.04453911696359403,-0.009049773755656187,0.012658227848101111,0.011785503830288757
2015-03-31,0.004619212590925903,-0.00347569513902779,-0.014966179910234523,-0.006800618238021583,0.064427392500362,-0.02052379254328618,-0.04455869751499575,-0.04455869751499575,-0.04854368932038844,-0.0490196078431373,5.198757763975156,-0.6490299823633157,-1.5990123456790122,-1.1645569620253164,-0.017241379310344862,0.12381483547127736,0.022244191794364765,0.015180265654648917,0.06030701754385981,0.09240924092409242,0.08217446270543616,0.0,0.059586542359140626,0.009132420091324311,0.008333333333333304,0.0033003300330034513
2015-06-30,0.047508443443740056,0.07234085263342793,0.05153299427232905,0.14008195870940976,0.03613529198404053,0.05665223898709604,0.03228699551569503,0.03228699551569503,0.030612244897959107,0.030927835051546504,-0.7860721442885772,0.3869346733668342,-1.4855729596042868,5.769230769230769,-0.11875843454790824,0.06435070306038049,0.014506769825918697,0.005607476635514086,0.04188210961737315,0.0060422960725075026,0.010514018691588856,0.0,-0.011094108645753664,0.009049773755656076,-0.004132231404958553,-0.05940402476780193
2015-09-30,0.0013575582053080293,-0.005147884687383031,0.004943470499382041,0.017699115044247815,-0.008926617949503335,0.024768868556553025,0.02953953084274552,0.02953953084274552,0.03960396039603964,0.040000000000000036,4.456674473067916,-0.43025362318840576,-3.9117147707979627,-0.8409090909090909,-0.02143950995405819,-0.06465651227852043,-0.0028598665395613843,-0.005576208178438735,0.01588089330024811,-0.10210210210210202,-0.10578034682080928,0.0,-0.010058027079303589,0.008968609865470878,-0.012448132780083054,-0.022423369677021077
2015-12-31,0.07986307250830382,0.1081475209332956,0.09451150079708492,0.15549346149547327,0.03726433838138554,-0.002596335244783976,-0.17721518987341767,-0.17721518987341767,-0.1523809523809524,-0.15384615384615385,-0.8630901287553648,3.0779014308426076,-2.369096209912536,-8.285714285714285,0.15962441314554,0.009139248919906917,-0.07074569789674956,-0.07289719626168223,0.07034684904738642,-0.006688963210702337,-0.025856496444731758,0.0,-0.039468542399374806,-0.057777777777777706,-0.01680672268907568,-0.04093013468013473
2016-03-31,0.045960055658432974,0.03423610816317857,0.09682341517547499,0.13375635990791435,-0.11011790746179717,-0.041237499531817656,-0.016410256410256396,-0.016410256410256396,0.011235955056179803,0.011363636363636465,5.213166144200627,0.21130604288499022,-0.6328790459965928,-3.5784313725490198,-0.3549257759784076,-0.1793182940885888,-0.02263374485596703,-0.07459677419354827,-0.07439525330899133,-0.23569023569023573,-0.14996682149966822,0.0,-0.14930838079739617,-0.04245283018867929,-0.03418803418803418,-0.08787712561711458
2016-06-30,-0.020935024405857372,-0.042850986106265476,-0.035019602883520906,-0.04847709239825948,0.032335214770879084,0.06285647316196585,0.16788321167883202,0.16788321167883202,0.21111111111111125,0.2134831460674158,-0.8486377396569122,-0.9510782104924365,-1.091647331786543,-1.2623574144486693,0.14435146443514646,-0.03872391653290541,0.006842105263157761,-0.0326797385620915,0.04240631163708075,0.03964757709251088,-0.0187353629976581,0.0,0.05451936872309893,-0.01970443349753681,-0.01327433628318575,0.006013952369497311
2016-09-30,-0.010349090240388992,-0.0518879049722335,-0.021480714538472667,-0.03200989885947925,0.029005652858863806,0.0231741831146397,-0.041964285714285676,-0.041964285714285676,-0.03669724770642202,-0.02777777777777779,7.3533333333333335,7.6118421052631575,13.20253164556962,0.08695652173913038,0.13711151736745886,0.03673554581506999,-0.021432305279665442,-0.04729729729729737,0.039735099337748325,-0.004237288135593098,0.015910898965791453,0.0,0.03990929705215418,-0.03517587939698508,-0.013452914798206206,-0.020564323290291675
2016-12-31,0.03850521317229272,0.0662384947646939,0.037971123195199796,0.07990144315381897,0.04030079250720453,-0.01562640323304898,0.07455731593662618,0.07455731593662618,0.09523809523809512,0.08571428571428563,-0.8515562649640862,-0.7486631016042781,-0.9848484848484849,-0.6533333333333333,0.04180064308681675,-0.09663780954298373,0.047542735042735096,0.030732860520094718,0.04140127388535042,-0.13191489361702124,-0.0986687548942835,0.0,0.0017444395987789019,0.03645833333333348,-0.00454545454545463,-0.012695312500000111
2017-03-31,0.003250497017892595,-0.008059726817680524,-0.01176819747861213,-0.018304398545254896,0.05362939877937922,-0.06223884682054559,-0.14917606244579362,-0.14917606244579362,-0.15652173913043477,-0.14912280701754377,3.989247311827957,1.3100303951367782,68.47058823529412,-4.269230769230769,-0.13117283950617287,0.06173389792734585,-0.03263640999490047,0.002293577981651529,0.05024027959807764,0.019607843137254832,-0.005212858384013974,0.0,0.05006530256856778,0.005025125628140614,-0.004566210045662045,0.010509396636993129
2017-06-30,0.005647646318626354,-0.006542935340403733,-0.0009662466540445447,0.0674530362603758,0.02645633062197028,0.027221076390240073,-0.10601427115188589,-0.10601427115188589,-0.1030927835051546,-0.11340206185567014,-0.7139008620689655,0.07236842105263164,-1.2082980524978832,-0.5529411764705883,-0.06749555950266428,-0.12300587741393787,-0.09014232999472849,-0.06407322654462255,0.03494176372712143,-0.16346153846153855,-0.13973799126637554,0.0,0.02072968490878946,-0.050000000000000044,-0.013761467889908396,-0.0693747705860761
2017-09-30,-0.01920253800604943,-0.04220653437217514,0.013488256590555636,0.003208643693214386,-0.11930681181461622,0.029000056825715603,0.11174458380843788,0.11174458380843788,0.14942528735632177,0.16279069767441867,3.1111111111111107,-0.40245398773006136,-7.861788617886178,-1.2105263157894737,0.015238095238095273,0.053135471517472554,-0.022016222479721903,-0.03178484107579449,-0.030546623794212135,0.01724137931034475,0.11167512690355319,0.0,-0.10235580828594637,-0.015789473684210464,-0.013953488372092981,-0.04522745201156997
2017-12-31,0.03181379836862619,0.07806566144581017,0.01907328836903388,-0.08035116920415786,0.07670983867302894,0.04622266401590447,0.5517948717948717,0.5517948717948717,0.6499999999999999,0.6499999999999999,-0.619331195602382,-0.5462012320328542,-0.7328199052132701,18.875,0.29831144465290804,0.15068181818181814,0.08353080568720372,0.08585858585858563,0.06965174129353224,0.18644067796610164,0.1643835616438356,0.0,0.04389140271493197,0.08021390374331538,0.004716981132075304,0.17226659322500693
2018-03-31,-0.004984666309691854,-0.031391349661281875,-0.019462934372706298,-0.03586067391805814,0.04330392943063344,-0.07453153866455531,-0.38070059484467944,-0.38070059484467944,-0.3818181818181817,-0.3878787878787878,1.391095066185319,-0.40271493212669685,3.3835920177383594,-1.7672955974842768,-0.14884393063583812,0.06438870235038507,-0.013668671405139388,-0.013953488372092981,0.054651162790697594,-0.004761904761904856,-0.05647058823529416,0.0,0.048547897702644116,-0.014851485148514754,0.0,0.004581228709033214
2018-06-30,0.006682778392023803,0.012266242010802841,0.005110732538330387,0.007876914016490044,0.011610502042962878,0.025114545903914598,0.04162219850586979,0.04162219850586979,0.05882352941176472,0.05940594059405946,-0.536990437845999,4.242424242424242,-0.8588770864946889,-0.5819672131147541,-0.08658743633276744,-0.11913156429764338,0.022727272727272707,0.018867924528301883,0.022785740536567234,-0.16746411483253587,-0.1271820448877805,0.0,0.004547333608929227,0.015075376884422065,0.0046948356807512415,0.004326473339569814
2018-09-30,-0.016406508174095613,-0.056570080146261637,-0.03674884437596304,-0.05574830180410484,0.04694873230424701,-0.007937685459940669,0.14754098360655732,0.14754098360655732,0.14814814814814814,0.14953271028037385,1.6565217391304348,0.29768786127167624,4.559139784946237,-0.9019607843137255,-0.009293680297397744,-0.030966926479881973,-0.010298102981029733,0.03009259259259256,0.04599353215954016,-0.051724137931034475,-0.07333333333333325,0.0,0.06460905349794244,0.03960396039603964,-0.009345794392523366,-0.0008149959250204342
2018-12-31,0.053884464119844155,0.10054531524629318,0.05962568983443983,0.09417725435593982,0.03743315508021383,0.011683990129365052,-0.17232142857142863,-0.17232142857142863,-0.18548387096774188,-0.17886178861788615,-1.09860883797054,0.3708240534521159,-1.9239200515796262,6.8,-0.07317073170731703,-0.1684782608695652,-0.15826944140197152,-0.13707865168539324,0.03607007901064918,-0.20606060606060594,-0.20760534429599187,0.0,-0.015461925009663702,-0.11904761904761918,-0.02358490566037752,0.005826147751107014
2019-03-31,0.023365931871243584,-0.01068796068796074,-0.008692807990841711,0.042487760909139194,0.025699558173784887,-0.07943899329231108,-0.007551240560949246,-0.007551240560949246,0.00990099009900991,0.0,-11.775933609958507,-0.6051990251827782,-2.4717376133984645,-1.0512820512820513,0.004048582995951344,-0.051764705882352824,-0.033832140533506916,-0.02083333333333326,0.03547745358090193,-0.08396946564885499,0.08949416342412464,0.0,0.0019630938358854433,0.010810810810810922,-0.02898550724637683,-0.05097312326227976
2019-06-30,-0.019680602512300416,-0.03481104350345632,-0.008045685279187809,-0.05225057217936768,0.03485533778447847,0.07266449877554293,0.09565217391304337,0.09565217391304337,0.0980392156862746,0.10891089108910901,-0.3615710435117443,-0.008230452674897082,-0.4532954006638217,10.5,0.0463709677419355,0.08657292528260241,-0.026936026936026924,-0.0026595744680851796,0.036183157220621265,0.050000000000000044,0.08571428571428563,0.0,0.05564263322884,0.010695187165775444,-0.00995024875621886,0.018310546875
