Quarter end,Assets,Current Assets,Liabilities,Current Liabilities,Shareholders equity,Revenue,Earnings,Earnings available for common stockholders,EPS basic,EPS diluted,Cash from operating activities,Cash from investing activities,Cash from financing activities,Cash change during period,Cash at end of period,Price,ROE,ROA,Book value of equity per share,P/B ratio,P/E ratio,Cumulative dividends per share,Equity to assets ratio,Net margin,Asset turnover,Current ratio
1993-12-31,0.0163563712040955,0.04416788677403605,0.024455925401058565,-0.13940341981768167,0.008043478814130811,0.07441750505660782,0.08387371106622732,0.08387371106622732,0.13333333333333353,-0.4727272727272728,0.10945864501719438,-0.06567468273492783,-0.3612004881837346,-4.077720207253886,0.011310360993905366,-0.04312449145646857,-0.14259927797833927,-0.2028985507246377,0.008183306055646433,0.03125,0.31866980885048446,inf,-0.008105369807497431,-0.16174734356552545,-0.09677419354838701,0.21339164530236765
1994-03-31,0.0163563712040955,0.04416788677403605,0.024455925401058565,-0.13940341981768167,0.008043478814130811,0.07441750505660782,0.08387371106622732,0.08387371106622732,0.13333333333333353,-0.4727272727272728,0.10945864501719438,-0.06567468273492783,-0.3612004881837346,-4.077720207253886,0.011310360993905366,-0.04312449145646857,-0.14259927797833927,-0.2028985507246377,0.008183306055646433,0.03125,0.31866980885048446,inf,-0.008105369807497431,-0.16174734356552545,-0.09677419354838701,0.21339164530236765
1994-06-30,0.026708220751544776,0.06893355145283175,0.042848774867538575,-0.02770360899051061,0.00987281850601196,0.07441750505660782,0.08387371106622732,0.08387371106622732,0.13333333333333353,-0.4727272727272728,0.10945864501719438,-0.06567468273492783,-0.3612004881837346,-4.077720207253886,-0.034420814741843886,0.03826530612244916,-0.14259927797833927,-0.2028985507246377,0.008116883116883189,0.03125,0.31866980885048446,1.3333333333333335,-0.01654749744637385,-0.16174734356552545,-0.09677419354838701,0.09942828734775055
1994-09-30,0.032358837055773026,-0.058738221383336175,0.05365082054537451,0.059861016206180784,0.00942504712523573,0.04471663977311624,0.037171439780306015,0.037171439780306015,0.0,-0.4727272727272728,0.5623671891226893,0.4378573996961015,-0.019887103777681325,5.065656565656566,-0.21622757006541438,0.018837018837018826,-0.14259927797833927,-0.2028985507246377,-0.009661835748792202,0.010101010101010166,0.31866980885048446,0.4285714285714286,-0.022226838388034853,-0.16174734356552545,-0.09677419354838701,-0.11191498982591008
1994-12-31,0.1872267843579145,0.0444258626963665,0.2617288220347105,-0.005443641583339431,0.1034641180083613,0.3517352741569353,0.45673758865248226,0.45673758865248226,-0.05882352941176472,-0.4727272727272728,0.441694703794983,1.0068327390651972,3.5237905369484315,0.5767416042187066,1.3003828483920365,0.004823151125401992,-0.14259927797833927,-0.2028985507246377,-0.013008130081300862,0.014999999999999902,0.31866980885048446,0.30000000000000004,-0.07053324835351604,-0.16174734356552545,-0.09677419354838701,0.050152749490834925
1995-03-31,0.2680102934901678,0.19301392914594095,0.4758707683712484,-0.08360598592195312,0.0007945352137332939,-0.17366966176716703,-0.7349561830574489,-0.7349561830574489,-0.625,-0.4727272727272728,-0.5422793465693472,1.471586318340964,4.295149396245263,0.6963562753036436,-0.3207735579003428,-0.054400000000000004,-0.14259927797833927,-0.2028985507246377,0.0032948929159801743,-0.039408866995073843,0.31866980885048446,0.3076923076923077,-0.21074285714285712,-0.16174734356552545,-0.09677419354838701,0.301818181818182
1995-06-30,-0.010806346187207216,0.22734785688543124,-0.015765356790714224,0.17461260227166564,-0.0014050314253836182,0.21880172359608618,-0.8684790595150624,-0.8684790595150624,-0.8333333333333333,-0.4727272727272728,0.18876784081575715,-0.9745209877386523,-1.1186088963607814,-0.6796720971256616,-0.15127903557777123,0.13620981387478848,-0.2589473684210526,-0.2028985507246377,-0.003284072249589376,0.1333333333333333,0.31866980885048446,0.17647058823529416,0.009556907037358897,-0.304225352112676,0.0,0.04487895716945989
1995-09-30,0.031852489492307345,0.020362288757707958,-0.07155163865710346,0.17619353335871057,0.2250674308454852,-0.08554369438284659,12.113594040968342,12.113594040968342,9.0,-0.4727272727272728,-0.23051753356798332,6.028916124090387,-1.7846127457859693,-0.7505668934240363,-0.044459841792251265,-0.007446016381235987,-0.18181818181818188,-0.2028985507246377,0.10543657331136735,-0.004524886877827927,0.3895949166004766,0.1499999999999999,0.18732071141709694,-0.1578947368421053,-0.0357142857142857,-0.132507574407414
1995-12-31,0.017270591056046447,0.033699837256380816,0.028928406837235077,0.1126734710636017,0.0007617046785717285,0.10186101886083088,0.21343368361261006,0.21343368361261006,0.09999999999999987,-0.4727272727272728,1.23384214003761,0.17571629659901022,-1.1055089629953496,2.787012987012987,-0.17620400024170646,-0.057764441110277565,-0.29166666666666663,-0.29999999999999993,0.0,-0.15000000000000002,0.1421834809945699,0.17391304347826098,-0.016187484899734206,-0.25721153846153844,-0.07407407407407418,-0.07098099640472522
1996-03-31,0.02407540696265076,0.06499596805160901,0.03223675726341413,-0.07120065639529582,0.01219265345002074,0.17415238333541838,0.8320655354008193,0.8320655354008193,0.8181818181818183,-0.4727272727272728,-0.48384234435790285,-0.040845331520731665,-12.692409116594462,-3.04320987654321,0.43702780019071374,0.02149681528662417,0.49019607843137236,0.5584415584415585,0.011922503725782407,0.021390374331550666,0.20392843738270972,0.11111111111111094,-0.011787819253438192,0.4368932038834952,0.08000000000000007,0.14672711189739052
1996-06-30,0.15810411262607849,0.06450871428764593,0.05527122476217183,0.16652177164544657,0.310791527050982,0.08323727418026827,0.5609709358032577,0.5609709358032577,0.44999999999999973,-0.4727272727272728,1.1450800041140776,0.2952180775673239,-0.8163028594442208,-1.5773749580396106,-0.17559083252513907,0.11067809820732655,0.5460526315789473,0.6500000000000001,0.13107511045655373,0.09947643979057608,-0.25958640756520834,0.10000000000000009,0.13195825049701804,0.6373873873873874,0.0,-0.08745540449329847
1996-09-30,0.03682108018396546,-0.007163724120411552,0.052461792208752245,0.029273765401182095,0.01812467122930217,0.08373573702471648,0.2332528542783483,0.2332528542783483,0.1724137931034484,-0.4727272727272728,-0.11113622664255574,0.2479435446264806,4.965973866526353,-0.1523255813953488,-0.1805460962169525,0.042105263157894646,0.3085106382978724,0.33838383838383823,0.01692708333333326,-0.080952380952381,-0.37473684210526315,0.1212121212121211,-0.01800219538968173,0.27785419532324607,0.07407407407407396,-0.03539729501267963
1996-12-31,0.04099495975293421,0.1435321409990704,0.05020121530311794,0.20544921578474074,0.029618946687523184,-0.3371922239091689,0.6988419550718385,0.6988419550718385,0.6764705882352939,-0.4727272727272728,0.13037983462667713,-0.339838475833653,-1.209569307658386,-0.9746227709190672,-0.005591235360785762,0.08080808080808088,0.42439024390243896,0.4490566037735848,0.02688860435339313,0.06735751295336789,-0.19506172839506164,0.08108108108108114,-0.010954616588419341,0.5683530678148547,-0.10344827586206884,-0.05137473984007013
1997-03-31,0.017825855152180825,-0.07458718059636926,0.006477825022440875,-0.06829491986294511,0.03212873621351364,0.6332926662267979,0.03279424977538192,0.03279424977538192,0.0,-0.4727272727272728,0.2734548627680897,0.4186169369750119,-1.553061653924388,-91.70270270270271,0.5099916419724946,0.04797507788161992,0.20547945205479445,0.23177083333333348,0.03117206982543652,0.01941747572815533,-0.2964305633017289,0.07499999999999996,0.014014466546112159,0.2244337680164723,0.03846153846153855,-0.0068129330254042
1997-06-30,0.03038857161176267,0.004412564727690249,0.04403336531153834,-0.0687292250848327,0.01361828975106305,-0.013544465405209705,-0.5130964313406585,-0.5130964313406585,-0.49122807017543857,-0.4727272727272728,-0.49070118523752926,0.08191157146581118,12.004565630944832,-1.8478843861740168,-0.28636843959140545,-0.06896551724137934,-0.015151515151515138,-0.02114164904862581,0.01330108827085863,-0.10000000000000009,-0.2552516845025763,0.09302325581395343,-0.01627284886312963,-0.0297085201793722,0.0,0.07859551214974991
1997-09-30,0.0351776857598598,0.15465596790371117,0.04933485287405026,0.0527430400476403,0.01725555314959637,0.06918146661463997,0.1957197234521868,0.1957197234521868,0.1724137931034484,0.13793103448275867,1.708985031954255,-0.022181464143818053,-1.462751484771945,-3.0056229133719907,0.8048230150895501,0.1392081736909323,-0.018269230769230704,-0.02591792656587477,0.0155131264916466,0.12698412698412698,0.13943587014369352,0.06382978723404253,-0.01722184455019271,-0.03235124205661466,0.0,0.09679853400883909
1997-12-31,0.11062082742282531,0.21032460267270792,0.1417312648642195,0.21542083994753414,0.06999488261891096,0.36690780059837835,0.4776027286015916,0.4776027286015916,0.5294117647058822,0.48484848484848486,-0.2854626302760339,1.3938257139552541,-6.815831067838402,-2.393902225337305,-0.6215814971089233,0.03811659192825112,-0.06660137120470133,-0.08203991130820398,-0.016451233842538215,0.023474178403755985,0.04390471742176549,0.06000000000000005,-0.036661286603642984,-0.21373134328358212,0.14814814814814814,-0.004226044226044223
1998-03-31,0.0007707859092602742,0.018465301482219365,-0.06964435125605117,-0.1694440970030513,0.09888808375313807,-0.44500368765679155,-0.6184488216672529,-0.6184488216672529,-0.6538461538461539,-0.6326530612244898,-0.4249750206351275,-0.9330797073287552,-0.8690024531918672,-7.9256442489000625,11.375903365682428,-0.10097192224622031,-0.26652675760755506,-0.26086956521739135,0.09677419354838723,-0.08715596330275233,-0.0577181208053692,0.07547169811320731,0.0981330780277645,-0.193621867881549,-0.06451612903225812,0.2263126727200946
1998-06-30,0.008724660614420232,0.04117701776689087,0.016796102515512112,0.02234783613688185,-0.0007972962447609921,0.04850225530962282,-0.4678497349619728,-0.4678497349619728,-0.5,-0.5,0.18125070826880219,4.9653126569563035,-0.05986003153439734,-1.2809678092696961,-0.25826499712195405,-0.01981981981981973,-0.17596566523605162,-0.16993464052287577,-0.0010893246187363426,-0.10552763819095479,0.26163342830009495,0.05263157894736836,-0.009590235396686908,-0.1073446327683617,-0.06896551724137923,0.018350100603621744
1998-09-30,-0.008057762175263106,-0.23422647812891717,-0.04285039893792042,-0.18162665460823813,0.03371014353830093,-0.03838151654461863,-0.6534213945430922,-0.7166522304027718,-0.6666666666666667,-0.6666666666666667,0.20261422232881632,-0.3933726602501697,-2.9060228911054224,-0.04296004392906749,-0.3332321119283802,-0.19914215686274506,-0.30729166666666663,-0.28740157480314954,0.04252998909487471,-0.1966292134831461,-0.0523146405720738,0.050000000000000044,0.04225352112676051,-0.22784810126582278,-0.07407407407407418,-0.06425353671066147
1998-12-31,-0.03576773269463995,-0.19756905530434532,0.005773656705779562,0.2799621587907557,-0.08194385072103638,0.10519503219436621,-50.7282099343955,-61.82537256400459,-56.0,-56.0,-0.40101310252677347,0.5176790020645743,-1.6190490892250695,0.5102770933882346,-0.7547946360799528,-0.07651109410864576,-2.7218045112781954,-2.734806629834254,-0.08263598326359844,-0.11888111888111885,0.2740270055599683,0.06349206349206349,-0.0479307432432432,0.0,-0.16000000000000003,-0.3730574324324325
1999-03-31,0.023888017753478374,0.05925893289862105,0.04635341160835993,-0.25323277976544767,-0.003469799920414407,-0.19763112788575388,-0.9863801985174017,-0.97745947983415,-0.9757575757575757,-0.9757575757575757,-0.4938349703124133,0.2675773770398102,3.5061343573886585,-1.1015464378296236,0.3125816881062118,-0.08864954432477223,0.1775836972343523,0.15605095541401282,-0.0034207525655644,-0.007936507936507908,0.0,0.04477611940298498,-0.02661343978709252,0.0,0.0,0.4184292065202748
1999-06-30,0.1963693199593306,0.32709841111388394,0.039864735082247416,0.19480866419668752,0.3964855943563672,0.5003382787736728,-16.11439114391144,-9.258639910813823,-8.0,-8.0,1.5942817049640414,2.484689023262945,2.6403087905702662,-0.2636443661971831,0.17535768565588805,0.4054545454545455,-0.20024721878862806,-0.19283746556473824,0.20022883295194505,0.4159999999999999,0.0,0.04285714285714293,0.1672362724994303,0.0,0.0,0.11074176085098308
1999-09-30,0.006653157558301093,0.11317585038597633,-0.010814813697870407,0.25580133785393566,0.023284917306180652,0.3684010566830944,1.22100830078125,1.289113120950324,1.1071428571428568,1.1071428571428568,0.9054513184584179,-0.8646266285022179,-1.1924380759536775,-2.7193664076509263,-0.2565211575333304,0.33893919793014216,-0.5347758887171561,-0.5733788395904437,0.02097235462345104,0.11299435028248594,0.0,0.0547945205479452,0.01639664259223128,0.0,0.1428571428571428,-0.11355280034202653
1999-12-31,0.11669260255024017,-0.03407654341148347,0.19963618594827515,-0.017033746431844632,0.04035130110799767,-0.2537604666429678,0.3393745362609579,0.36414028983797975,0.38983050847457634,0.3728813559322035,0.10352490319490104,5.409822589278886,-4.304163046054191,-0.39110029549800107,-0.21008756147295193,-0.14879227053140087,-3.598006644518273,-4.311999999999999,0.04481792717086819,-0.1624365482233503,0.0,0.038961038961039085,-0.06836950259266383,1.2295081967213117,0.0,-0.01736278576251571
2000-03-31,0.03899451580841795,0.1302919537817575,0.04580892557876215,-0.03646615871583059,0.03176224710396647,0.5512041280416142,0.1931429978353869,0.2000302601290378,0.19512195121951215,0.18518518518518512,-0.02633112667960913,-0.5916399481038519,-0.8973591473531703,-4.237225235512418,0.8609824614683774,0.12996594778660597,0.46675191815856754,0.4661835748792269,0.030384271671134888,0.07878787878787885,-0.20542394014962595,0.03749999999999987,-0.007008864151721195,0.3167892156862744,0.12500000000000022,0.17306370864827736
2000-06-30,0.08705216899721391,0.20730232330239562,0.12000041850917587,0.15698142047538188,0.05160746405326533,0.09434520540575675,0.24963027926812487,0.26467038904899143,0.2551020408163265,0.23958333333333326,0.2590921475218997,1.1107605337540263,5.230294419081338,-1.4862433862433861,-0.22496022194116927,0.26167754897036666,0.3190932868352223,0.27347611202635913,0.047701647875108444,0.2247191011235956,-0.21616320125539423,0.0,-0.03259290014531868,0.19218241042345263,0.07407407407407396,0.04351464435146446
2000-09-30,0.08626779401876061,0.152136485585878,-0.019875562273557468,0.2184760692206682,0.207879774281579,0.27721289783411107,0.41862017242684235,0.4332509666806714,0.3577235772357723,0.3529411764705883,0.3569416894805004,0.0016937774871192968,-0.35177341024902886,-2.5023576351106276,0.43606885297678577,0.08121019108280247,0.21943159286186398,0.20957309184993544,0.11672185430463577,0.032110091743119185,-0.19569569569569567,0.08433734939759052,0.11201716738197409,0.1533957845433256,0.06896551724137945,-0.05445068163592626
2000-12-31,0.10828335507846609,0.16805561993047502,0.14598626099195977,0.2096047531920755,0.07323110696323654,0.16437519144629964,0.18944310256186392,0.194062701843295,0.16766467065868262,0.16149068322981375,0.37303865427642235,0.37864716560416034,0.3832178883076587,0.19410912602607433,0.3625966790073678,0.10162002945508108,0.16422764227642284,0.1657754010695187,0.0711638250555966,-0.013333333333333197,-0.14436838830118237,0.0,-0.03164801235044379,0.027072758037224975,0.12903225806451601,-0.03434823170214574
2001-03-31,0.18368794231450347,0.29612869432716415,0.2941045955394104,0.6344825218172323,0.074075011186159,0.10407168770780584,0.15072766344393385,0.15380582451556002,0.14871794871794886,0.14973262032085555,0.13071366351966063,0.381009890942803,1.2075702992094466,6.042256368782855,1.8739945659484034,-0.080548128342246,0.12849162011173187,0.10091743119266061,0.05951557093425608,-0.14414414414414423,-0.25381818181818183,0.0,-0.09246711837385413,0.0728171334431631,0.028571428571428692,-0.20700860706130342
2001-06-30,0.012318809651079787,0.02623235491135656,-0.04114746692722282,-0.10055548430181904,0.07626901145987919,-0.006927412493544116,-0.2709274595058132,-0.2756109963107616,-0.2857142857142857,-0.2790697674418604,-0.30349780949194216,-0.7319965273525417,-1.2448181684251085,-0.677184117596394,0.21049281602471104,-0.09632860777898955,-0.028877887788778867,-0.023333333333333317,0.08033964728935317,-0.14736842105263148,-0.2543859649122806,0.0,0.06302151954325863,-0.04146191646191655,0.0277777777777779,0.1408793886366153
2001-09-30,0.01130368741225296,-0.15910229973938195,-0.0858768537355139,-0.2421971997197261,0.0133312136837207,-0.17216363396541656,-0.23773117208194605,-0.24365752633570303,-0.23750000000000004,-0.23225806451612907,0.0265141866316303,1.041170775958948,-1.6337622861022387,-3.7335467805051583,-0.4753369470241179,-0.19348350764279965,-0.10492778249787593,-0.11604095563139938,0.016324062877871803,-0.25308641975308654,-0.2339869281045751,0.1333333333333333,0.0020656889072505624,-0.0650432553668695,-0.05405405405405406,0.1096980875643141
2001-12-31,-0.014677720259828941,-0.00983426496319606,0.06795505441513305,-0.15249365332987275,0.0046112024868343315,-0.21017913641226416,-0.49870244145046005,-0.5148132302122759,-0.8688524590163934,-0.8571428571428571,-0.1614105354810622,-0.4804674479576929,-2.268287338551621,-0.47576132222800627,-0.47495246938143876,0.032917705735660885,-0.22259136212624586,-0.22007722007722008,-0.08804283164782856,0.016528925619834656,0.09726962457337862,0.0490196078431373,0.01958359101216245,-0.13159698423577793,-0.11428571428571421,0.16831423322543948
2002-03-31,0.0034329730179893936,0.03981517709090232,-0.008594355077867433,-0.112564072135942,0.015723496050567665,-0.00029203362997798354,0.026100228949376802,0.027838072498372002,2.4375,2.235294117647059,-0.4671873702134729,-0.2619059778861622,-1.2290902808438753,-0.9347421336808788,-0.059031578947368435,0.17914051183003377,-0.30463980463980467,-0.28094059405940597,0.014350945857795283,0.29268292682926833,0.5754276827371696,0.03738317757009346,0.012131014961585196,-0.20599842146803482,-0.09677419354838701,0.17169599400973423
2002-06-30,0.022491710195692294,0.13080368833818046,-0.0027196155454600746,0.01874266685071424,0.04763793414241713,0.24106923218843201,0.8136404204680683,0.8904624887809514,0.8545454545454545,0.8181818181818181,1.0403868170413855,-0.001466034700479124,-4.748366013071895,-47.817403708987165,2.937086092715232,0.0982800982800982,-0.13257243195785784,-0.11876075731497415,0.0012861736334404128,0.08176100628930816,0.6071076011846002,0.04504504504504481,0.024770275669196984,-0.05765407554671964,-0.07142857142857151,0.11004601226993849
2002-09-30,0.009029180615032883,0.10479357216685847,0.005231627478554879,0.1373211556131415,0.012634859246145158,-0.0009043425476135125,0.0014899870138747051,0.013216597197494906,-0.009803921568627416,0.0,-0.08031135093835062,0.3147983733006492,-0.48461985558759757,-0.6395177590217049,0.26892157085596957,-0.06711409395973156,-0.03542510121457498,-0.02734375000000011,0.01156069364161838,-0.06395348837209291,0.10933660933660927,0.034482758620689724,0.0035087719298245723,-0.009493670886075889,0.0,-0.02861255037420829
2002-12-31,0.022829348398787364,-0.154044315584152,0.010701164488677417,-0.009242367833209197,0.03426055835132624,0.16024141763111266,0.23402353133872023,0.2361943743884456,0.16831683168316824,0.1499999999999999,-0.03565828279471628,0.5491348329781311,-0.6368821705090113,-4.256649385777076,-0.6901791952039458,0.04756195043964828,0.20881427072402947,0.20883534136546178,0.015873015873015817,0.03105590062111796,0.12070874861572545,0.050000000000000044,0.011072261072260892,0.13045793397231087,0.0769230769230771,-0.14615065489243162
2003-03-31,0.14930795421619214,0.30176151991246525,0.11765023632085136,0.36895356374533805,0.17846669970026086,0.2912654042681093,0.8744103219241341,0.8813315570320905,-0.10169491525423724,-0.08695652173913038,0.4484922560028428,0.8797276579819728,-20.951621573194767,-0.8968032184106934,-0.22988860193501137,0.11407859595574199,0.38454861111111116,0.3936877076411962,0.12187499999999996,0.09638554216867479,-0.19367588932806312,0.031746031746031855,0.025552353506244074,0.26189354686764044,0.10714285714285698,-0.049073367113208866
2003-06-30,0.09416174083784812,-0.04579198249589744,0.16320759444028643,0.019577137131916444,0.03384811566231849,0.09077817400831156,-0.2789610803442609,-0.28013475196216986,-0.2924528301886793,-0.2857142857142857,0.2752262374056995,0.21773740157168575,0.17174075737165095,-1.0872736418511066,0.026052354972721403,0.07431506849315084,0.056426332288401326,0.04648390941597147,0.032869080779944326,-0.03846153846153855,-0.2542892156862745,0.03846153846153855,-0.05526414387411027,-0.010824934677118425,0.06451612903225823,-0.06416058394160595
2003-09-30,0.028918038657418155,-0.08726789002769675,0.007877370194001143,0.11635295052021277,0.04959743472982181,0.04759777532446341,0.13331641985260712,0.13409559558941564,0.1333333333333333,0.11999999999999988,0.246048819163883,-0.47821603841326965,-1.7449900362781667,0.5734870317002883,0.03995219395595018,0.043353522473700945,0.06765578635014835,0.06605922551252852,0.048004314994606334,0.011428571428571344,-0.056696795398520905,0.04444444444444429,0.020226055919095653,0.008679245283018666,0.06060606060606055,-0.18235707043132365
2003-12-31,0.014385649725960903,0.03420184761065581,-0.010034057102857874,-0.010763242429796538,0.03743208166953438,-0.03598598875007808,-0.05541213383833821,-0.05569770016077458,-0.07058823529411762,-0.0714285714285714,-0.26686309278736386,-0.2228388006451819,-0.3162233714215168,-6.576312576312576,-0.2142270797664001,0.15673693858845095,0.0077821011673151474,0.010683760683760646,0.034482758620689724,0.10169491525423724,0.026132404181184565,0.042553191489361764,0.022740524781341254,-0.0033670033670032407,0.0,0.04540684918439397
2004-03-31,0.029766450501549357,0.09874403829726641,0.005089466370054474,0.11480439504716111,0.051990127354312854,0.07996483823616418,0.3343475502075577,0.336172240712699,0.35443037974683556,0.35897435897435903,0.04074883015231556,0.0980658965072514,-0.2710840956507784,-4.0271513028246115,0.8252992269349013,0.060221870047543646,-0.03309431880860436,-0.029598308668076112,0.05124378109452721,0.025641025641025772,-0.003395585738539819,0.04081632653061229,0.021474724439376702,-0.03340840840840853,0.0,-0.01441737384797881
2004-06-30,0.03630936412604391,0.1721050766816825,0.01056792425038533,0.0667402174376559,0.05845813982488601,0.07895549242177191,0.0689060512655979,0.0691874913709789,0.06542056074766345,0.06603773584905648,-0.008602981303998614,0.24753307659249546,-0.9146965735516719,0.3138155515370704,0.5940346344414829,0.052815146985550454,0.06160867084997124,0.0838779956427016,0.05584477046852809,0.0,0.049403747870528036,0.03921568627450989,0.02139534883720917,0.06873786407766991,0.028571428571428692,0.09878714933802435
2004-09-30,0.10360521333248696,0.37079138828048896,0.16321533555051215,0.17346163741455256,0.05463536897377841,0.13400868680046396,0.16239836200011792,0.1630187400125902,0.1578947368421053,0.15929203539823034,0.5794872587827808,1.5834781227267785,-43.866994676560736,-0.7785669061579541,0.08251949117767743,0.17676289635589204,0.07039226222461048,0.07336683417085421,0.053339309726579964,0.11499999999999999,0.059253246753246724,0.037735849056603765,-0.0444444444444444,0.05523255813953476,0.0277777777777779,0.16818335018537245
2004-12-31,0.060164271819562964,-0.15020759959425145,0.04991456026083929,0.12059715520584757,0.06945132949155308,0.09090321122500189,0.18228180801641547,0.1828805384962353,0.18939393939393945,0.16793893129770998,-0.10818063096312625,-0.48943917012480365,-1.2194744715080015,-0.30768274490303327,0.052774724233349835,0.03498894027749855,0.11244979919678721,0.11329588014981273,0.06425531914893634,-0.017937219730941756,-0.07816091954022997,0.036363636363636376,0.008768585589020272,0.0740358126721763,0.027027027027026973,-0.2416330063473746
2005-03-31,0.04867530872479753,0.17810513485500246,0.045910837388406955,0.22492635773421132,0.05113438230436973,0.08299221514323696,0.09299196368153484,0.09325018528404683,0.08280254777070062,0.0915032679738561,-0.0821191660418823,-0.03913313023204512,-0.4169217184057338,0.8419824025857425,0.09233705093930311,0.10122401398873127,0.06498194945848379,0.060555088309503624,0.05077968812474998,0.0365296803652968,-0.06317539484621781,0.04678362573099415,0.0024565381708239187,0.028214171208720717,0.026315789473684292,-0.03823473463952809
2005-06-30,0.038353287320936236,-0.0036072842976777597,0.006659531968517651,0.15767633270482562,0.06640565708354718,0.05831901571809461,0.04914868069147493,0.04927351658042123,0.05294117647058827,0.05389221556886237,0.18756547695928583,0.29086478199028365,-0.16554431570899253,-5.103431468122441,-0.34686982389926746,0.05416372618207488,0.05084745762711873,0.05075337034099925,0.06430745814307448,0.0,-0.06033717834960073,0.04469273743016755,0.026955702167766216,0.02369816027439975,0.025641025641025772,-0.13933939873417733
2005-09-30,0.05761158680566658,0.12842367876711247,0.05938272388999821,0.1781179588913313,0.05613176916582896,0.1715641663886096,0.1682992364335152,0.168706636436474,0.16201117318435765,0.16477272727272707,0.34028493195932774,0.016793598194509318,4.615738375063874,-1.4139880740265602,0.2198642408337328,0.20033472803347285,0.057258064516128915,0.06641509433962267,0.054701465856274556,0.12775330396475781,0.08026440037771487,0.04278074866310155,-0.001468428781203901,0.016752969844654242,0.04999999999999982,-0.042169366884982185
2005-12-31,0.07946514825971085,0.2101594924451684,0.07252053562017657,0.020202830822521056,0.08528536060112524,0.01970886712222697,0.14734750616816705,0.14765270028807942,0.14903846153846145,0.15121951219512209,-0.11927207973461862,0.006064663608700949,-0.8770481001537448,6.584987949041662,1.3670927971536138,-0.056609035136642505,0.048817696414950484,0.0573248407643312,0.08169491525423722,-0.10546875,-0.15646853146853135,0.05128205128205132,0.005514705882353033,0.034152186938286366,0.023809523809523725,0.1861804222648753
2006-03-31,0.037739450957243514,0.09028216848891146,0.0013774570100202332,-0.023296825521686104,0.06785565041600994,-0.04880445245287923,-0.16150399253002323,-0.16179547077917955,-0.16317991631799167,-0.1652542372881356,-0.10995807789628498,-0.11421525721114456,-4.020849282907161,1.0817319331800026,1.2022852398846458,0.03029855158143646,-0.028727272727272823,-0.014725568942436484,0.06800376057662172,-0.048034934497816484,-0.07875647668393781,0.04878048780487809,0.029067641681901124,-0.005793742757821518,0.0,0.11630258899676371
2006-06-30,0.09561688841744553,-0.10780885039244481,0.15314139134928517,0.5495077785228111,0.05093920879108382,0.031222018686390296,0.09487366871380987,0.09507794529500324,0.09499999999999997,0.10152284263959399,0.1329839238404884,1.9478716396090712,7.187429778247097,-2.6793770783740074,-0.9168159677787368,-0.05207287333237698,-0.013852489704230586,-0.016983695652173947,0.054284037558685494,-0.11009174311926617,-0.08661417322834664,0.04651162790697683,-0.040859833007638846,0.011363636363636465,-0.023255813953488413,-0.4242616416017394
2006-09-30,0.06912260788983615,0.1317516341050211,0.07036866279910603,0.05459170074876862,0.0680607170326899,0.09699794035269149,-0.10580203834859214,-0.10601006639389088,-0.10502283105022836,-0.10599078341013823,-0.0070387741704059925,-0.5459576015000192,-0.8639674283703764,-1.257517491219224,2.83823880169823,-0.004388619854721387,-0.07630979498861057,-0.07878369039391842,0.06763150570553855,-0.05670103092783496,-0.05295566502463045,0.04444444444444451,-0.000926097425449246,-0.03745318352059923,-0.04761904761904756,0.07317073170731714
2006-12-31,0.037661266310722086,0.04623080700990778,0.03023302731259858,0.09220908018438778,0.04400530777732148,-0.13035838019421786,-0.19507034852812088,-0.19549937736585488,0.1734693877551019,0.19072164948453607,-0.2213590479371289,-0.08201936877448801,0.17518071009776937,-1.171417526639551,-0.12675706242776008,-0.008207934336525446,-0.1438553226469378,-0.14553638409602399,0.039103232533889365,-0.0710382513661203,0.005201560468140354,0.06382978723404253,0.006117908787541593,-0.0802155043400179,-0.07500000000000007,-0.042082111436950176
2007-03-31,0.07181254865904174,-0.04758518249620225,0.13392225074079422,-0.05754389481405764,0.01946789236613644,0.01559126608422945,-0.053551851716742704,-0.05369825247727755,-0.3565217391304347,-0.36363636363636365,0.163766257355886,1.0465797366761258,6.368020550288182,0.1793313069908815,-0.17118783979960717,0.04551724137931035,-0.10609697551608266,-0.1246707638279193,0.018815855494229705,0.00588235294117645,0.05174644243208282,0.06000000000000005,-0.048829924451815,-0.0657338106085259,-0.05405405405405406,0.010561763355273257
2007-06-30,0.03370424905657732,0.07120754912679184,0.01751482157000117,-0.12687523818458324,0.04888013738994057,0.2354760654289878,0.2851998888323133,0.28602381548189415,0.29054054054054057,0.2857142857142856,0.3035910560674113,-0.43273488085828327,-1.0435607172171177,-4.000249418024609,0.6196895284541677,0.16051011433597195,-0.07894736842105254,-0.08625877632898693,0.04604777148485595,0.14035087719298245,0.23370233702336995,0.05660377358490565,0.014529252227818867,-0.08289794496691061,0.0,0.22690093910936082
2007-09-30,0.026696451880854788,0.005247851049668517,0.01180198277926059,-0.0668670807580154,0.04024093829873099,0.012772793087560075,-0.03186864876297868,-0.0319402390060084,-0.036649214659685736,-0.03174603174603163,0.029587160264445966,0.05845031885011509,2.342784749034749,-2.06991437359714,-0.40934680505931875,0.03991410887962599,-0.050728862973761,-0.053787047200878124,0.03837099811676081,-0.00512820512820511,0.07876370887337991,0.0535714285714286,0.013175482146266848,-0.041017850360805075,-0.02857142857142847,0.07728395061728399
2007-12-31,0.03557686583859532,0.07762710298231168,0.021462886315464447,-0.08943660552204691,0.048060716997730735,0.20585822743885407,0.7486369891154776,0.7503742270332456,0.75,0.7486338797814207,0.2609475385420468,-0.16789706355900857,3.041544847500451,-1.1864931364931364,0.12924736587029484,0.19494716385278754,0.1971744471744472,0.19373549883990737,0.046928134209929695,0.14948453608247414,0.21256931608133067,0.05084745762711851,0.012061816811157255,0.11405940594059394,0.08823529411764697,0.18347467338986934
2008-03-31,0.04125854371334925,0.10931125104505357,0.03616262060342135,0.12587766827666336,0.04565151246467436,0.05776257738088919,-0.047560751610921215,-0.04762380462009719,-0.049689440993788914,-0.05312500000000009,0.004690657186461333,0.2614313651194988,-0.7822531429268889,16.861051315880843,2.0442764836317684,0.05133157145761347,0.13648024628014377,0.14868804664723023,0.043741879601559175,0.004484304932735439,-0.06021341463414631,0.048387096774193505,0.004283054003724418,0.06150017774617833,0.08108108108108114,-0.01471869855718011
2008-06-30,0.06912660368609891,0.36135138578685355,0.11841976903434093,0.37454682281046847,0.02701876933262537,0.22349682737713006,0.41479256749547,0.4153699711692953,0.41176470588235303,0.41254125412541276,0.06696788991840319,-0.14323876663019908,-0.31338182215902877,1.4314178300812155,1.6327328738512947,0.29014792613361684,0.19548532731376955,0.19120135363790203,0.02448132780082979,0.2366071428571428,0.08759124087591252,0.07692307692307687,-0.03931021694789538,0.10214333556597466,0.07499999999999996,-0.009533169533169628
2008-09-30,0.03498658710457847,0.003836542963458811,-0.07377379872925904,-0.29289724833505204,0.13616162893278605,-0.13725148332479098,-0.176030234654854,-0.17620336207905618,-0.1782407407407408,-0.17757009345794394,0.1871698965902724,0.3499750345403987,-0.7055274580860977,0.017204933786588494,0.6308364784489342,-0.10139388489208634,0.06948640483383706,0.08948863636363646,0.1352774402592143,-0.12274368231046928,-0.27516778523489926,0.04285714285714293,0.09766454352441611,0.06593740504405954,0.023255813953488413,0.41962691010121067
2008-12-31,-0.11535818274930443,0.06679350342689339,-0.10903973947887624,-0.10323950915987556,-0.12014988350009859,-0.42436826945594563,-3.4735901580836814,-3.477737187921692,-3.47887323943662,-3.5,-0.5473888472947694,-0.07102771529587704,-1.3235850970315775,-1.7280441145494385,-0.2816203779146834,-0.331665415728463,-0.8531073446327684,-0.8500651890482399,-0.1202283267927221,-0.411522633744856,-0.4125514403292182,0.041095890410958846,-0.005451028661860424,-0.8375142531356898,-0.09090909090909083,0.18955755923673712
2009-03-31,-0.09914455269279598,-0.14567103739541054,-0.08882560047655086,-0.22133634237626698,-0.10706892435822257,-0.15648906983924082,-0.40354011202422047,-0.40334567003491306,-0.40340909090909094,-0.40340909090909094,-0.47605268640477794,-0.2833452909272667,-6.556577160171351,0.27766790311645795,-0.5008735028989801,-0.1321437484402297,-3.995192307692308,-3.9869565217391303,-0.1082725060827251,-0.013986013986013957,5.0,0.03947368421052633,-0.008663366336633671,0.0,-0.10000000000000009,0.09718549856043235
2009-06-30,0.004150299070422525,-0.08349848366747348,-0.009385842062097804,-0.11197697093326742,0.014757668160218174,0.28127431028414906,-1.2531219051305111,-1.2521099206078392,-1.2533333333333334,-1.2533333333333334,0.5159954787782393,-0.3889762440249549,-1.3638637132864502,-1.307328852890629,0.30840454270272843,0.06858375269590211,0.5208667736757624,0.554585152838428,0.006366530241018742,0.198581560283688,0.0,0.037974683544303556,0.0037453183520599342,0.0,-0.13888888888888884,0.03207840197076006
2009-09-30,0.031193518564004874,0.15340142349469232,0.03730956429092758,0.0987604756809366,0.02651481295661151,0.11419485635179116,-0.006080230257240471,-0.006099706744868039,-0.015037593984962405,-0.015037593984962405,0.5940756247928083,0.1692571860816945,1.3742442251046456,2.2211267760524347,0.7592530428730475,0.08167384284176538,0.31451187335092334,0.3099250936329587,0.025305015815634935,0.0769230769230771,0.0,0.03658536585365857,-0.004264392324093702,0.0,-0.06451612903225812,0.049761311747613
2009-12-31,0.03527013796185763,0.140843027667225,0.04523505721146126,0.20413659333983913,0.027566924353654043,0.09550593350885839,0.3253049663360603,0.3226901742185584,0.32061068702290063,0.32061068702290063,0.17629511358667593,-0.05320755254056586,-3.6480715653839457,0.17914773978460485,0.5088929719662523,0.2098519716382634,-0.9229225210758731,-0.9249463902787706,0.033054208902600246,0.17582417582417587,0.0,0.03529411764705892,-0.0010706638115632883,0.0,0.10344827586206917,-0.05259255597844881
2010-03-31,0.03698387514567214,0.09865261590601881,0.005037671105353914,-0.06346011256571416,0.06210396966883236,0.0462035729604664,0.2034376568351981,0.20970293699765952,0.20809248554913284,0.20231213872832376,-0.25304370238548557,0.431829735594925,-0.7685245308762729,-0.8877789890163343,0.03784793544509424,0.04904380012338061,-8.21875,-8.466666666666665,0.05994027303754246,0.01869158878504673,0.0,0.03409090909090895,0.024294390853876413,2.945614035087719,0.09375,0.1731100328689934
2010-06-30,0.041201565846034516,-0.1054561549584132,0.02301769299397538,-0.016910144301445107,0.054731749837813926,0.11172127121620834,0.22020735310597028,0.22020735310597028,0.17224880382775143,0.1826923076923077,0.675015974108506,1.0718043426389885,1.8963141822313756,-5.131829147154818,-0.1506783387920968,-0.046554934823091254,0.14141414141414144,0.14923469387755106,-0.023545985107667478,-0.10091743119266061,-0.5598365440747226,0.03296703296703307,0.012905476107429203,0.09293019119608714,0.05714285714285716,-0.09006004002668455
2010-09-30,0.2134547556491342,-0.056907791095510474,0.17452234901538,0.14703552467615588,0.2415523858662938,0.01371138426129992,-0.0952752948944634,-0.11070850233020968,-0.12244897959183687,-0.1382113821138211,-0.11245220008985446,2.3340866886899496,-61.426538018291936,0.8542994252030209,-0.32897166029577696,-0.06949013157894746,0.03855878634639698,0.04217536071032191,0.1712695795548227,-0.04591836734693866,-0.20822281167108758,0.03191489361702127,-0.03409090909090895,0.05695687550854345,-0.027027027027027084,-0.17781036168132935
2010-12-31,0.17592584493826147,-0.18126508660239127,0.27131028186873807,0.39468799594733106,0.11080317490030467,0.1399165985928046,-0.11530005846337688,-0.12442270411731415,-0.17209302325581388,-0.1603773584905661,0.1230807002524561,-0.5927957396925863,-1.0113665713686895,0.8139543498319606,-0.8893877446573868,0.20039770216526742,-0.06695069993913583,-0.07774227902023434,0.06422664085870133,0.021390374331550666,0.08458961474036841,0.030927835051546504,-0.04973262032085568,-0.04503464203233254,-0.02777777777777779,-0.4129711092616811
2011-03-31,0.03318364997121481,0.14971264367816084,0.03254934901301976,0.12287173666288309,0.03367928785330432,0.14292203670162884,0.6469846673570254,0.6646586255443732,0.6348314606741574,0.6067415730337078,0.027621681519322205,-0.4065362448911729,-0.8572015065241062,-1.206066524214673,1.6567164179104479,0.11724645683784285,0.04044357469015014,0.026558891454965483,0.03356481481481488,0.05235602094240832,0.11042471042471047,0.030000000000000027,0.0022509848058525073,0.030229746070133068,-0.02857142857142847,0.02389873417721522
2011-06-30,0.037065929657201346,0.22469382654336423,0.009863738051657522,0.13318170331058887,0.05829827764108253,0.10522292993630566,0.11022927689594364,0.11210762331838575,0.10996563573883145,0.10839160839160833,0.3870641738251641,-0.0691823899371069,44.75,2.3828828828828827,2.109550561797753,0.025782537067545297,0.018808777429467183,0.011248593925759165,0.05999040153575441,-0.00995024875621886,-0.06050069541029213,0.029126213592232997,0.023395096387797132,0.007824726134585402,0.0,0.08080308574819495
2011-09-30,0.02048185002901426,-0.06612244897959185,-0.014248313362199228,-0.10258697591436217,0.04634942063224212,-0.002305209774089434,-0.20413026211278795,-0.20725806451612905,-0.2074303405572755,-0.21135646687697163,-0.10856102003642987,0.3814496314496314,0.96448087431694,-1.6937416777629828,-0.47064137308039744,-0.1595599453946841,-0.006153846153846176,-0.0033370411568408587,0.04829459704195571,-0.20603015075376885,-0.21983715766099188,0.028301886792452935,0.027432333577176227,-0.029114906832298115,0.02941176470588225,0.04062957540263534
2011-12-31,0.09622593825028436,0.04960664335664333,0.17769038255273517,0.23334990059642147,0.039063899939074664,-0.007162661737523113,0.18662674650698596,0.1902339776195321,0.19140625,0.17599999999999993,0.1369023293829179,0.3423743886171633,-0.9248956884561892,-0.4414587332053743,-0.4965870307167235,-0.1463787502388687,0.07492260061919498,0.0714285714285714,0.04016700259141959,-0.18354430379746833,-0.17741935483870963,0.02752293577981635,-0.05055179779280883,0.06717313074770104,0.0,-0.14896236370031657
2012-03-31,0.02278534514226438,0.03143868415573592,0.020123167664151342,-0.05339512391698564,0.024902562687545204,0.0556202001396322,-0.32968881412952056,-0.3350427350427351,-0.3377049180327868,-0.3197278911564626,-0.27857656362329264,-0.12487578668433252,-11.833333333333334,-0.8281786941580755,-0.1694915254237288,0.1392433400492501,-0.11290322580645162,-0.11250000000000004,0.008858131487889276,0.09302325581395343,0.023068050749711633,0.03035714285714275,0.003187101612298626,-0.10678156612963663,0.0,0.08958462492250474
2012-06-30,0.07476003531378561,-0.06358498183286232,0.1284754697729784,0.0900383141762453,0.03223960962476857,-0.1243386243386243,-0.5533249686323714,-0.5668380462724936,-0.5693069306930694,-0.5700000000000001,0.39113104135525667,0.8713096139288419,2.876923076923077,-3.32,0.47346938775510194,-0.11544507761839262,-0.2448051948051948,-0.2523474178403755,0.032651941281382824,-0.12056737588652477,-0.04284103720405852,0.029462738301559988,-0.03831059615025245,-0.20008389261744963,-0.05714285714285705,-0.14091986723565664
2012-09-30,0.02784137581488011,0.08730329812459581,0.0584689572031345,0.05252880296817031,0.0013366804681642641,0.05211480362537757,-0.4943820224719101,-0.5222551928783383,-0.5287356321839081,-0.5232558139534884,-0.4186962750716332,-0.39846278317152106,-0.42328042328042326,-1.3706896551724137,-0.11911357340720219,-0.020215483727646477,-0.2699914015477214,-0.28414442700156994,0.0011956954962135669,-0.05645161290322587,0.25206124852767964,0.028619528619528545,-0.025650991061018202,-0.24488725747246998,-0.06060606060606066,0.03300585053537919
2012-12-31,0.0327665363033498,-0.016256938937351362,0.04662585421412291,0.027087198515769906,0.020088558963339276,0.05072983967456324,2.7111111111111112,3.0310559006211184,3.048780487804878,3.024390243902439,0.2828096118299446,-0.03698722259583054,-0.5229357798165137,2.6744186046511627,-0.4968553459119497,-0.07278086384763616,-0.22850412249705532,-0.23684210526315796,0.01963906581740993,-0.06837606837606824,0.23894637817497633,0.0245499181669393,-0.011567610690067731,-0.21736111111111112,-0.032258064516129115,-0.04220987390468045
2013-03-31,0.01736997217511571,-0.022974607013301118,0.013568659457253718,0.004696531791907432,0.02093772940538119,-0.07173764518332959,0.07335329341317376,0.07550077041602465,0.07228915662650603,0.06666666666666665,0.25888568683957724,-0.0949720670391061,-0.905448717948718,-1.5569620253164556,0.55,-0.0306883482088276,-0.05954198473282446,-0.07471264367816088,0.021603331598125886,-0.05504587155963303,0.22323462414578588,0.03194888178913735,0.004439063761097817,-0.015084294587400127,-0.06666666666666654,-0.027557737364721557
2013-06-30,0.025213619886069294,-0.01856435643564358,0.027646368059050408,-0.07263574253865512,0.022946822146497015,0.07531894013738949,0.44351464435146437,0.45558739255014324,0.4550561797752808,0.4431818181818181,0.0526516596718809,0.06944444444444442,-1.8644067796610169,-1.7272727272727273,-0.25806451612903225,-0.01942482341069629,0.34577922077922074,0.31987577639751574,0.030191082802547786,-0.03883495145631066,0.031036623215394243,0.03095975232198156,-0.0014061872237847162,0.33513513513513504,0.0,0.058398347865993516
2013-09-30,-0.04910812943962117,0.264396805380412,-0.11005909432237426,-0.12310973245443968,0.00794596742153364,-0.08304814054300702,-0.7043478260869565,-0.704724409448819,-0.7104247104247103,-0.704724409448819,-0.2830735773831098,-1.3715728715728717,37.05882352941177,-17.671875,5.798913043478261,0.056341651659377545,0.02533172496984326,0.04235294117647048,0.02151601335476694,0.030303030303030276,-0.22275737507525584,0.03003003003003002,0.10138805069402546,0.06545209176788136,-0.0357142857142857,0.4418428184281844
2013-12-31,0.0232075565663441,0.058178191489361764,-0.03720008804754571,0.039133318593853605,0.012583002334677573,-0.11022642448370246,-0.24836601307189543,-0.42000000000000004,-0.42666666666666664,-0.41333333333333333,0.25227502527805856,-3.700970873786408,-1.4945904173106646,-0.38612933458294285,0.5235811350919264,0.08986848514369217,-0.19999999999999996,-0.16478555304740405,0.02421014405035704,0.05882352941176472,0.03485670023237786,0.02478134110787167,-0.010410958904109702,-0.13679544015199496,-0.03703703703703709,0.018344485377039366
2014-03-31,-0.008371594983532571,-0.14184731385485394,-0.011431184270690453,-0.07319148936170217,-0.009402323631572673,0.027684563758389347,0.026086956521739202,0.35632183908045967,0.39534883720930236,0.36363636363636354,-0.07428340734759786,-0.2994248741912293,-1.6322916666666667,-1.4015267175572519,-0.1379853095487933,-0.0769832402234637,-0.2250000000000001,-0.2081081081081081,0.0137099633613047,-0.09259259259259267,0.12649700598802416,0.03556187766714092,-0.0009228497600589636,-0.19075568598679393,-0.03846153846153855,-0.07412329272794393
2014-06-30,0.0008180494429084195,-0.06168771737140766,0.012912426765340657,0.04912764003673087,-0.009884529351308902,-0.05197278911564629,1.597457627118644,1.1398305084745761,1.1833333333333336,1.1833333333333336,0.02006105538595726,0.30425859415084666,0.5090609555189456,3.254752851711027,-0.6810712111990262,0.11499818423919628,-0.30170777988614794,-0.22525597269624564,-0.0015156814737087299,0.09183673469387754,0.4132890365448505,0.03434065934065944,-0.010714945501570372,-0.25294650951949227,-0.040000000000000036,-0.10557371820428996
2014-09-30,-0.0029589184417452286,-0.1365587202497074,0.06564176719053227,-0.05754923413566737,-0.05913600976950084,0.07347876004592413,-3.0244698205546494,-3.633663366336634,-3.6717557251908395,-3.6717557251908395,-0.18939717828131675,-0.03619197482297398,-1.589519650655022,-0.9874888293118856,-0.026717557251908386,0.0715448919769841,-1.3478260869565217,-1.1145374449339207,-0.04413825315273234,0.0747663551401867,0.4969440526563236,0.033200531208499307,-0.05639589169000936,0.0,0.0,-0.08389052331282865
2014-12-31,-0.08260370552549601,0.44938996836873013,-0.006749035852021135,-0.14929185047596938,-0.15838146537737685,-0.2106951871657754,2.7614826752618855,2.619548872180451,2.6514285714285712,2.6514285714285712,0.019514767932489407,-0.23959183673469386,-0.65,-19.5,0.5078431372549019,-0.24913880445795344,12.7734375,31.53846153846154,-0.1591741998534083,-0.20869565217391295,0.0,0.02570694087403602,-0.08252523253512756,0.0,-0.04166666666666663,0.7037757882444529
2015-03-31,-0.1305047183299971,-0.07934528448947775,-0.09239618910659719,0.4991812227074235,-0.18221074141188265,-0.38414634146341464,-0.006855184233076295,-0.03385957623597835,-0.034428794992175216,-0.034428794992175216,-0.6637351267459907,0.13687600644122377,3.91005291005291,-3.0849420849420848,-0.7022106631989598,-0.14424504115503978,1.1083380601247872,1.0709219858156027,-0.1827691413627779,0.01098901098901095,0.0,0.03132832080200498,-0.059534081104400394,0.0,-0.08695652173913049,-0.3858807402330363
2015-06-30,-0.2741623843782117,-0.06992888587876733,-0.3045355515943752,-0.5661751319861642,-0.2671726934137947,0.08745874587458746,0.2001725625539259,0.2040421414749516,0.2017828200972447,0.2017828200972447,0.9738461538461538,-2.9593956562795087,-3.9224137931034484,-6.038888888888889,11.882096069868995,0.008672343109429104,0.886736615550175,0.8304794520547945,-0.26897777777777787,0.23913043478260843,0.0,0.03037667071688932,0.009633027522935711,0.0,0.0,1.1438802083333335
2015-09-30,-0.21239238785681924,-0.2574185326779538,-0.09779575098251414,-0.09064204783885854,-0.3689526505404015,-0.24329792615073342,0.014737598849748457,0.009821428571428648,0.008091706001348564,0.008091706001348564,-0.38503507404520654,-1.2421686746987952,-0.6021386430678466,-1.475927967658949,-0.4389830508474576,-0.27325308738471155,0.0,0.5254131587153104,-0.36892023346303504,-0.00877192982456143,0.0,0.02948113207547176,-0.19877328487051338,0.0,-0.04761904761904756,-0.1834193744306103
2015-12-31,-0.3225226520926219,-0.08016670752635446,-0.07739898989898986,-0.15043839409321647,-0.7384035069833825,-0.2814171122994652,0.36060928090683664,0.2755083996463308,0.27491638795986617,0.27491638795986617,-0.6679340937896071,-0.6507462686567165,-0.9082483781278962,-0.8548262548262548,-0.11359516616314203,0.007313400731340014,0.0,0.472812755519215,-0.738728323699422,0.5929203539823011,0.0,0.028636884306987298,-0.6138361213495889,0.0,-0.050000000000000044,0.08271795144238436
2016-03-31,-0.061723808512896716,-0.1412579957356077,-0.033461064732448365,-0.13199348180336778,-0.2135619641465316,-0.021395348837209283,-0.9269721426711793,-0.9322057396367669,-0.9323189926547744,-0.9323189926547744,0.05343511450381677,0.6866096866096867,0.48484848484848486,1.4627659574468086,-0.31561008861622364,-0.1029254751227846,0.0,0.08383067314365023,-0.21386430678466084,2.4444444444444446,0.0,0.027839643652561197,-0.16226138032305426,0.0,0.1578947368421053,-0.010647693817468107
2016-06-30,0.37711409016347086,0.021725636250775837,0.1079646017699114,-0.017521902377972465,2.539147670961348,0.3136882129277567,-0.64349376114082,-0.5010224948875255,-0.49612403100775193,-0.49612403100775193,1.5615942028985508,-0.3682432432432432,-0.07482993197278909,-1.42548596112311,0.19621513944223112,0.25850987860033325,0.0,-0.1861954155461648,2.530956848030019,0.5999999999999999,0.0,0.027085590465872222,1.5714285714285716,0.0,0.045454545454545414,0.03992461439269945
2016-09-30,-0.04916618746405976,-0.0060753341433779084,-0.028753993610223683,0.03694267515923566,-0.09423130775693078,0.04052098408104188,1.795,1.487704918032787,1.4615384615384617,1.4615384615384617,-0.07920792079207917,0.05882352941176472,0.661764705882353,-0.8527918781725888,0.024146544546211457,0.07849442027614906,0.0,-0.3255704169944925,-0.09404888416578105,-0.6945564516129032,0.0,0.026371308016877704,-0.04737559645535094,0.0,0.04347826086956519,-0.041491797024036714
2016-12-31,-0.02721499848805564,-0.009474327628361867,-0.023684210526315752,0.13206388206388198,-0.035708764878652044,0.030598052851182223,-1.0840787119856887,-0.8929159802306426,-0.89375,-0.89375,0.22273425499231947,-0.24747474747474751,0.5530973451327434,4.068965517241379,0.11951219512195133,0.07751666082076447,-0.6335377156708969,-0.8644423705086328,-0.036363636363636376,0.18811881188118829,0.0,0.025693730729702047,-0.008944543828264928,0.0,0.0,-0.12503731714598465
2017-03-31,0.004041032017407575,0.05708114779389084,-0.0035714285714285587,0.029842647856755278,0.023565245270920077,0.2672064777327936,4.680851063829787,-4.276923076923077,-4.294117647058824,-4.294117647058824,-0.428391959798995,-0.6879194630872483,-0.37891737891737887,-0.020408163265306145,0.10457516339869288,-0.07259114583333337,-0.5828793774319065,-0.6695352839931153,0.021302495435179702,-0.036111111111111094,0.0,0.025050100200400882,0.01949458483754518,0.0,0.12500000000000022,0.026499857833380602
2017-06-30,-0.0003538257408226553,0.35639229422066543,-0.03043213633597075,0.5136986301369864,0.08050117462803441,-0.2630457933972311,1.2958801498127341,1.6854460093896715,1.6785714285714284,1.6785714285714284,0.6505494505494505,3.688172043010753,-0.22477064220183485,0.01388888888888884,0.09598948060486512,-0.12442962442962435,-1.162313432835821,-1.84375,0.07926102502979737,-0.14409221902017288,0.0,0.024437927663734094,0.08073654390934859,-0.7779126213592233,0.0,-0.10392776023489003
2017-09-30,-0.03393504999557562,-0.188939100494943,-0.06130989746808957,-0.14201183431952658,0.016234236845919625,0.13800578034682087,-0.8287112561174551,-0.8898601398601399,-0.8933333333333333,-0.8933333333333333,-0.26231691078561914,-0.7844036697247706,0.09467455621301779,0.8835616438356164,0.16496700659868035,-0.10463018641010224,5.781609195402299,1.8456790123456792,0.016013252346769757,-0.16835016835016836,3.837625628140704,0.02385496183206115,0.052096985583224065,5.770491803278688,0.03703703703703698,-0.0547140649149922
2017-12-31,0.003984428669567164,-0.011674184133722454,-0.02429781542576903,0.040162271805273875,0.05776636713735561,0.0069841269841270925,3.9333333333333336,6.238095238095238,6.5,6.437499999999999,0.2057761732851986,7.436170212765957,-0.1945945945945946,-1.9963636363636363,-0.141091658084449,-0.04432505036937551,0.5949152542372882,0.4663774403470713,0.0565217391304349,-0.060728744939271384,-0.8648315263260404,0.02329916123019582,0.05356586733104951,0.6384180790960454,0.03571428571428559,-0.04983649444081106
2018-03-31,-0.005975732141228041,-0.12671140939597314,-0.015916533394257915,-0.0865834633385335,0.011596548004314977,0.09836065573770503,-0.6023166023166023,-0.6820175438596492,-0.6833333333333333,-0.680672268907563,-0.0793413173652695,0.1223203026481714,1.1208053691275168,1.156934306569343,-0.35431654676258995,-0.03302881236823607,-0.08873538788522839,-0.032544378698224796,0.009773662551440188,-0.08620689655172398,-0.41834774255523544,0.022768670309653904,0.017735737511084926,-0.03152709359605921,0.0,-0.04391519823788548
2018-06-30,0.005460970125281017,-0.03504457423916385,-0.0005417118093173912,-0.012809564474807855,0.018395094641428855,0.1073478760045925,0.3058252427184467,0.3448275862068966,0.3421052631578947,0.3421052631578947,0.8097560975609757,0.1505617977528091,-0.38607594936708856,-0.8223350253807107,-0.09749303621169914,0.02083333333333326,-0.3224489795918368,-0.23241590214067276,0.017320427916454495,0.014150943396226356,0.07762180016515297,0.022261798753339335,0.012779552715654896,-0.3606307222787385,0.06896551724137945,-0.022534197264218903
2018-09-30,-0.0018256503879506836,-0.11277476903472439,0.0006968641114981633,-0.04541522491349481,-0.00366492146596864,0.027993779160186527,-0.4014869888475836,-0.5846153846153845,-0.5882352941176471,-0.5882352941176471,-0.09613656783468105,-0.095703125,1.365979381443299,2.6095238095238096,-0.38991769547325106,0.08281917418130047,0.000860585197934638,0.05179282868525892,0.004506760140210231,0.0604651162790697,0.560919540229885,0.021777003484320545,-0.001720676799541132,-0.0365950676213207,0.06451612903225823,-0.07056050673933856
2018-12-31,-0.013168724279835398,-0.03518850987432676,0.11822965026307641,-0.002718622564567341,-0.0633210719915922,-0.10741301059001518,-3.1739130434782608,-5.703703703703703,-5.714285714285714,-5.714285714285714,0.036779324055665974,0.1922246220302375,-1.3965141612200436,-1.3192612137203166,0.20404721753794264,-0.18255533640149035,-0.9535683576956148,-0.7518939393939394,-0.053339980059820546,-0.18421052631578938,-0.2002945508100148,0.021312872975277175,-0.05084745762711862,-0.9554087530966143,0.030303030303030276,-0.03256993422616683
2019-03-31,0.0078305995737189,-0.06810569408262002,-0.09064489344035431,0.07860063607451151,-0.019775596072931223,-0.07627118644067798,-0.8657142857142857,-0.8766404199475065,-0.8787878787878788,-0.8787878787878788,-0.42665388302972196,-0.1503623188405797,-1.2582417582417582,-4.198347107438016,-0.5420168067226891,-0.17211796246648792,-4.833333333333333,-0.8854961832061069,-0.021063717746182098,-0.12365591397849474,16.23327194597913,0.02086811352253748,-0.02754237288135608,0.0,0.0,-0.13597640891218887
2019-06-30,0.002528619373821872,0.11461661341853024,-0.0008370111094201382,-0.047177759056444835,-0.06266990985834886,-0.01957186544342504,5.723404255319149,6.659574468085107,7.0,7.0,0.43143812709030094,-0.046908315565031944,-6.531914893617022,-1.5736434108527133,0.6788990825688073,0.0307642487046631,3.8309178743961354,-17.933333333333334,-0.0629370629370628,0.04907975460122693,0.0,0.02044153720359776,-0.06504824151882971,0.0,-0.05882352941176472,0.16979522184300344
