Quarter end,Assets,Current Assets,Liabilities,Current Liabilities,Shareholders equity,Revenue,Earnings,Earnings available for common stockholders,EPS basic,EPS diluted,Cash from operating activities,Cash from investing activities,Cash from financing activities,Cash change during period,Cash at end of period,Price,ROE,ROA,Book value of equity per share,P/B ratio,P/E ratio,Cumulative dividends per share,Equity to assets ratio,Net margin,Asset turnover,Current ratio
1995-03-31,-0.05480307187549904,-0.08277738195478979,0.28580676484868106,0.3124007761509966,-0.08836756825720848,4.678818921361856,-1.5001808972503619,-1.5001808972503619,-1.4615384615384615,-1.4615384615384615,-0.295861844248941,0.15360501567398122,inf,-0.2452982267598065,-0.09963860259670732,-0.06896551724137923,0.4957173447537473,0.24356223175965663,-0.08108108108108103,1.2191780821917808,-0.43848902501276166,inf,-0.03548280786553881,0.4372918978912319,0.03488372093023262,-0.3011064600621771
1995-06-30,-0.05480307187549904,-0.08277738195478979,0.28580676484868106,0.3124007761509966,-0.08836756825720848,4.678818921361856,-1.5001808972503619,-1.5001808972503619,-1.4615384615384615,-1.4615384615384615,-0.295861844248941,0.15360501567398122,inf,-0.2452982267598065,-0.09963860259670732,-0.06896551724137923,0.4957173447537473,0.24356223175965663,-0.08108108108108103,1.2191780821917808,-0.43848902501276166,inf,-0.03548280786553881,0.4372918978912319,0.03488372093023262,-0.3011064600621771
1995-09-30,0.10120108128033412,0.15128404302897636,0.47048458149779737,0.5030913978494624,0.049874919091020375,4.678818921361856,-1.5001808972503619,-1.5001808972503619,-1.4615384615384615,-1.4615384615384615,-0.295861844248941,0.15360501567398122,inf,-0.2452982267598065,-0.08351916272708348,1.0370370370370372,0.4957173447537473,0.24356223175965663,0.02941176470588225,1.2191780821917808,-0.43848902501276166,inf,-0.04658314350797277,0.4372918978912319,0.03488372093023262,-0.23405894817954154
1995-12-31,-0.028411230595422388,-0.04792475976282973,0.10981768381408874,0.11517481892157733,-0.05532042523411207,-0.06738115449915105,-0.2954792043399639,-0.2954792043399639,-0.2777777777777777,-0.2777777777777777,-2.5687181860249884,0.18206521739130443,-42.19047619047619,-0.02207191171235312,-0.08911886841422267,0.009090909090909038,0.4957173447537473,0.24356223175965663,-0.02857142857142847,-0.021604938271605034,-0.43848902501276166,inf,-0.02771472942300801,0.4372918978912319,0.03488372093023262,-0.14626394732028525
1996-03-31,0.1141688199827735,0.17053214791908267,0.12710165047046118,0.14505653115227335,0.11121106289907212,0.23153942428035035,2.2571868583162216,2.2571868583162216,2.2307692307692304,2.2307692307692304,-1.5740412979351033,-0.07931034482758625,-1.0044315992292872,0.015289406625409452,-0.09933397442746728,-0.10810810810810823,0.4957173447537473,0.24356223175965663,0.11764705882352944,-0.08201892744479489,-0.43848902501276166,inf,-0.0027030347708563163,0.4372918978912319,0.03488372093023262,0.022255550496799392
1996-06-30,-0.043433445427956685,-0.08382409598767127,-0.13185986040782816,-0.13459383753501397,-0.022920998746011834,-0.6756744271988174,-1.4146572104018913,-1.4146572104018913,-1.4523809523809523,-1.4523809523809523,-0.1007194244604317,0.3595505617977528,13.434782608695652,-0.1129437074220151,-0.09783296425181909,0.12121212121212133,0.4957173447537473,0.24356223175965663,-0.02631578947368418,0.0034364261168384758,-0.43848902501276166,inf,0.021436491314525075,0.4372918978912319,0.03488372093023262,0.0586586324338485
1996-09-30,0.06049136607311234,0.09221434578877807,0.2193583983605265,0.22560284835733935,0.02774754284785974,1.73109243697479,-1.5077917141771189,-1.5077917141771189,-1.4736842105263157,-1.4736842105263157,1.9285714285714284,-0.34527089072543615,0.12951807228915668,1.2093775262732418,-0.23958972560708336,-0.10810810810810823,-0.18038654259126696,0.24356223175965663,0.027027027027026973,-0.08219178082191769,-0.43848902501276166,inf,-0.030876854420455846,-0.17374517374517384,-0.022471910112359605,-0.1088371402410353
1996-12-31,0.09027980643440481,0.1509634600223677,0.1630252100840337,0.16684273075399436,0.07249102951172093,0.6355149934810951,2.0838323353293413,2.0838323353293413,2.1111111111111116,2.1111111111111116,-1.025170731707317,-0.2328190743338009,-0.19199999999999995,-0.9978046103183315,-0.0006917223887479285,0.030303030303030276,0.2532751091703056,0.24356223175965663,0.05263157894736836,0.0,0.23636363636363633,inf,-0.016303671437461142,0.0822429906542057,0.14942528735632177,-0.01360695343089624
1997-03-31,0.11450239396092776,0.08001338069675201,-0.17396620720320144,-0.15905618740451533,0.19099765656089263,-0.07764420777398684,0.03932038834951457,0.03932038834951457,0.0,0.0,2.248062015503876,1.7111517367458866,3.547854785478548,-26.25,0.01747808029533915,0.06862745098039214,-0.2752613240418118,-0.266609145815358,0.17499999999999982,0.018656716417910335,-0.19852941176470584,inf,0.06869939271255054,-0.2901554404145078,0.030000000000000027,0.28431068945131055
1997-06-30,-0.08091355701891922,-0.1415486725663717,-0.28677163235096215,-0.28677163235096215,-0.04305266805266805,-0.7215999446864413,-2.1882297991592714,-2.1882297991592714,-2.2857142857142856,-2.2857142857142856,-5.940334128878281,0.7545515846257587,0.007256894049346929,-11.603960396039604,-0.18215318328703445,-0.06422018348623859,-0.3817307692307692,-0.371764705882353,-0.04255319148936165,-0.20512820512820518,0.22064220183486238,inf,0.04107967325677753,-0.35401459854014594,-0.01941747572815533,0.20359491451117928
1997-09-30,0.16084568231186536,0.20040204113190052,0.9731132075471698,0.864811320754717,0.0495027738623286,2.963119334409537,-1.4139150943396226,-1.4139150943396226,-1.3611111111111112,-1.3611111111111112,0.8009661835748791,0.18985395849346665,1.1217579250720462,0.28851540616246507,-0.2869818383474283,0.06862745098039214,0.09797822706065329,0.09363295880149813,-0.04444444444444451,0.11520737327188946,0.6948515595640739,inf,-0.09586081419149417,0.01883239171374762,0.06930693069306937,-0.35628687987178553
1997-12-31,1.5702739242887374,2.156110896417479,6.887401386564666,4.244751353265544,0.1999950712815901,2.827071909760301,3.4055080721747393,3.4055080721747393,2.846153846153846,2.615384615384615,-6.5504291845493565,0.10755813953488369,19.380984719864177,-19.746859903381644,7.906960917752285,0.201834862385321,0.7804532577903684,0.32191780821917826,0.0,0.2603305785123966,0.056319290465632,inf,-0.5331404854735253,0.024029574861367697,0.28703703703703676,-0.3982175696703919
1998-03-31,-0.17131879566843145,-0.2003555426560487,-0.2900675900948686,-0.46185602808831616,0.02982913706000745,-0.19914688761349586,-1.0505496874326363,-1.0505496874326363,-1.04,-1.0425531914893618,-1.786874154262517,-0.9687955672207641,-1.0327046749525175,-1.2350023192289852,-0.19907877359005421,-0.12977099236641232,-0.47971360381861583,-0.5492227979274612,0.023255813953488413,-0.13114754098360648,-0.4477329974811084,inf,0.2427262931034484,-0.5956678700361011,0.11510791366906492,0.48589562764456984
1998-06-30,-0.07217338908130833,-0.08576062792069328,-0.08215072493467901,-0.17013496800559225,-0.06052266858105748,-0.4696218448735905,7.110874200426439,7.110874200426439,8.5,8.5,-0.2776685910821767,0.7289719626168225,-0.8644931227712684,-0.29086024453095016,-0.17626536564092776,-0.22807017543859642,0.1651376146788992,0.0431034482758621,-0.11363636363636365,-0.24528301886792447,0.8244013683010263,inf,0.012573162800780358,0.044642857142857206,0.0,0.10166112956810625
1998-09-30,0.13096135160324418,0.09596417006811153,0.2219772450299089,0.5069223957320892,0.0271271345637476,0.27567463377023893,-0.4127234490010515,-0.4127234490010515,-0.4736842105263158,-0.4736842105263158,1.037581838279058,2.4054054054054053,-19.804511278195488,0.4594093087985156,-0.31228906094897757,0.09090909090909083,-0.6259842519685039,-0.6639118457300275,-0.07692307692307698,0.22999999999999998,-0.3845833333333334,inf,-0.09184328837508027,-0.6495726495726495,-0.03870967741935483,-0.2727037739100464
1998-12-31,0.4989940078813675,0.6545088184020467,0.6907669351523364,1.3101090742306756,0.23870881079573048,1.924314768366021,-8.171888988361683,-8.171888988361683,-8.2,-7.3999999999999995,-1.2554248038724753,1.0936507936507938,0.01119552179128358,-1.5256410256410255,0.23869322555812156,0.02083333333333326,2.2491228070175437,2.1557377049180326,0.22222222222222232,0.10569105691056913,1.4881516587677726,inf,-0.17350306459217346,1.8292682926829262,0.11409395973154357,-0.2838131343047823
1999-03-31,-0.17065239640904173,-0.19161375516571333,-0.29696202873622735,-0.410655564793329,0.06334615160033708,-0.35471770255816715,-0.6710772687554613,-0.6710772687554613,-0.6944444444444444,-0.703125,6.789903610521157,46.15466262319939,-1.508896797153025,-2.965934287442048,-0.3620703049135755,0.0,0.5032397408207343,0.5012987012987014,0.045454545454545414,-0.18014705882352944,-0.5151020408163265,inf,0.2820878494010268,0.5043103448275863,-0.0060240963855421326,0.3716916629907365
1999-06-30,0.07358292314852677,-0.0672701342778913,0.07747683124435589,-0.08017939296956422,0.06881349284173366,-0.32624953958009706,-1.8269449715370019,-1.8269449715370019,-1.8636363636363638,-2.0,-1.2383918459796148,-0.4738170651317588,-12.64024864024864,-0.22695580846918895,-0.4590677991901848,0.05102040816326525,-0.12068965517241381,-0.12110726643598613,0.04347826086956519,0.004484304932735439,-0.3577441077441077,inf,-0.004449388209121219,-0.10028653295128953,-0.018181818181818077,0.014029022792137358
1999-09-30,0.16645373602950597,0.21688709421292618,0.2218517065515888,0.44514770347140353,0.09804986531813542,0.3710513180100308,-1.2439192290041303,-1.2439192290041303,-1.2105263157894737,-1.2105263157894737,-1.8791237793613091,-0.33538057261588294,-0.4030772311594687,-1.5198620598182904,0.4518797838811346,0.23300970873786397,0.10294117647058831,0.10236220472440949,0.04166666666666674,0.1830357142857142,0.23285277413717775,inf,-0.05877094972067032,0.10509554140127397,-0.006172839506172867,-0.15793229207960047
1999-12-31,0.2810118171093272,0.3908794666825748,0.3591996380565974,0.6083998606095167,0.17358261032311528,1.3305739275157547,19.979303857008468,19.979303857008468,21.25,17.75,2.6216351446012207,0.08022619649671281,-0.15141179759575063,2.3087128460262787,1.005426987634221,0.03149606299212593,0.2214814814814814,0.23928571428571432,0.1399999999999999,-0.011320754716981019,-0.18072289156626498,inf,-0.08380816714150041,0.1786743515850142,0.05590062111801242,-0.1352509179926561
2000-03-31,-0.3192114610258304,-0.2920505569033226,-0.36387812149910703,-0.4881501652033897,-0.2481332763776164,-0.6137869985345642,-3.380790099098695,-3.380790099098695,-3.2584269662921344,-3.6799999999999997,0.1763145533419912,-0.08184371807967317,-2.3834091058839033,-1.0674326252072328,-0.033807554026365594,-0.05343511450381688,-2.393571861734385,-2.378962536023055,-0.1929824561403508,-0.16793893129770987,-0.18512110726643605,inf,0.10443119979269233,0.0,-0.05294117647058816,0.38314551690347876
2000-06-30,-0.14654368060644996,-0.19786669291964698,-0.13076723982715155,-0.19003732635548543,-0.1677840147262687,-0.185673838093954,-0.9024560213960147,-0.9024560213960147,-0.8955223880597015,-0.8955223880597015,-1.0373954712017288,-0.08580169656515091,-0.29491331682225186,20.953116066323613,-0.76815044513354,-0.41129032258064513,0.07136640557006091,0.05433646812957171,-0.15217391304347827,-0.27064220183486243,0.0,inf,-0.02487095260441108,0.0,0.024844720496894235,-0.009682371000118262
2000-09-30,0.24656984947814808,0.30836334798268505,0.35678730249147184,0.6856545597073425,0.09158019297287456,0.7072660185907897,-1.831434639891871,-1.831434639891871,-1.8571428571428572,-1.8095238095238098,-8.615577889447236,-0.006338099584220713,-2.558159956768441,-1.3545942285654755,1.1748209509017173,0.2602739726027399,-0.04264825345247769,-0.07631318136769072,0.0512820512820511,0.4842767295597483,0.0,inf,-0.1243984600577479,0.0,0.07272727272727275,-0.22383848018759178
2000-12-31,0.14532344845794132,0.18483213970017864,0.10494451494709112,0.16880399092459242,0.21590046780797367,0.8319998891682772,3.761960055736182,3.761960055736182,3.666666666666667,3.117647058823529,4.906713955790169,-0.026279532581517606,-2.1915290241470498,0.9936834373852368,1.0769719092207586,0.15217391304347827,0.11879507848960547,0.12124463519313289,0.12195121951219523,0.09745762711864403,0.0,inf,0.061555372355042604,0.0,0.05084745762711873,0.01372318091044078
2001-03-31,-0.046256773048236055,-0.09185307892348826,-0.2286326170213685,-0.3052164529566732,0.24342303788439912,-0.5205975657250457,-0.9573274811021703,-0.9573274811021703,-0.9642857142857143,-1.0,-1.0080990881543854,-3.608217168011739,-1.7920320174640714,1.6968022399056881,1.3983724306563765,0.5283018867924529,-1.558589306029579,-1.5894736842105264,0.021739130434782483,0.35907335907335924,0.0,inf,0.3039088791095006,-0.19070904645476772,0.0,0.3071172399858564
2001-06-30,0.04574435279769529,-0.03435268081681919,-0.5031038169391719,-0.25841214750542296,0.5865553263543402,-0.12786598206469013,-0.9668571428571429,-0.9668571428571429,-1.0,inf,50.148275862068964,-1.0486437613019892,-0.40796545546419216,-1.267260457364553,-0.155826363998407,0.5925925925925926,-0.04955872369314307,0.15746753246753253,0.5319148936170213,0.559659090909091,1.4899150743099785,inf,0.5171729203891204,0.20241691842900322,-0.037634408602150615,0.3021215751439503
2001-09-30,0.07541515794730924,0.06992725315554638,0.23678904146624458,0.24451256610661298,0.025614283926411074,0.26250486086618374,75.37931034482759,75.37931034482759,inf,inf,-1.463898065125059,-0.2399834779016935,-0.7752948479205463,-1.8263136372929871,0.1525295793784085,0.019379844961240345,-0.2578571428571429,-0.12762973352033669,-0.01388888888888895,-0.3351548269581057,-0.2266041355787678,inf,-0.04632295210677828,-0.07537688442211066,-0.05586592178770955,-0.140287876539546
2001-12-31,0.467850428965616,0.6071796003544039,0.8999098286744815,0.9309177744768065,0.30706053826859203,1.6599596000114611,16.6568848758465,16.6568848758465,9.714285714285714,10.000000000000002,3.383592501089958,-0.00706521739130439,3.88017955801105,3.4871334900408266,0.593842098369245,0.06844106463878341,0.41385948026948993,0.5643086816720257,0.2535211267605635,0.08493150684931505,0.22298787210584337,inf,-0.10949506037321621,0.5326086956521738,0.01775147928994092,-0.16766777133388566
2002-03-31,-0.06279850959774624,-0.07741377882873701,-0.3921368406418241,-0.3978401433412535,0.11535519139854111,-0.5559014490724159,-0.721708003068269,-0.721708003068269,-0.7466666666666666,-0.7575757575757576,0.11673048552057952,0.43021346469622324,0.449444562371754,0.16235404403148657,0.43307600248599054,0.23487544483985778,0.017018379850238352,0.11099691675231238,-0.0898876404494382,-0.015151515151515138,-0.10615280594996623,inf,0.18998459167950688,0.17730496453900724,-0.05232558139534893,0.5321637426900585
2002-06-30,0.5348769139879366,0.5592516957666573,-0.10826839963405788,-0.1127965457573944,0.7244838882934077,0.1597579315028621,0.9022418228592428,0.9022418228592428,0.7894736842105263,0.9375,-0.73210230224584,4.756984309223115,11.904320234317794,2.2179301674652496,0.9724594723429878,0.10662824207492783,0.0535475234270415,0.11933395004625336,0.7160493827160492,0.2153846153846155,-0.09934442763489659,inf,0.12352712676421085,0.26656626506024095,-0.1165644171779141,0.7574847057549672
2002-09-30,0.03318034566711092,0.025962267329234345,0.09465985070930771,0.0986566293609421,0.023807950814698886,-0.11547752250886234,-0.5611476043276662,-0.5611476043276662,-0.588235294117647,-0.5806451612903225,-0.7765957446808511,13.447251213188858,-0.9945336586657587,-1.777519782694427,-0.38333181909036396,-0.12239583333333326,-0.12452350698856418,-0.08677685950413216,0.014388489208633004,-0.48945147679324896,-0.35498320268757,inf,-0.009104529215166579,0.058263971462544584,-0.13888888888888884,-0.06616865614170198
2002-12-31,0.09965078121284465,0.11879870018813077,0.6425010705254057,0.6642029382242904,0.01116754878888715,1.2384614475208662,3.8808056350429228,3.8808056350429228,3.7142857142857144,3.846153846153846,5.688988095238095,-1.1561588367919753,-31.105190311418685,-1.092970672026318,0.057792209705602504,-0.33234421364985167,-0.08563134978229325,-0.05791855203619911,0.028368794326241176,-0.33884297520661155,-0.3797743055555556,inf,-0.08036752733193775,0.056179775280899014,-0.10483870967741926,-0.3277309538339739
2003-03-31,-0.27422133481341593,-0.35562711109915346,-0.4732948340826586,-0.479583088257285,-0.22151329147472787,-0.6699077069332031,-1.179425891266602,-1.179425891266602,-1.121212121212121,-1.126984126984127,0.5545050055617353,0.2768577995167658,2.6365684336352353,-4.743945342374955,-0.20454950638468572,-0.19999999999999996,-0.2674603174603175,-0.25552353506243997,-0.12413793103448267,-0.2250000000000001,-0.18054583624912512,inf,0.07259390413557609,-0.1851063829787234,-0.09009009009009017,0.2381805245467261
2003-06-30,0.036805350616331056,0.04194494263671822,-0.07166872128208002,-0.04791916095972415,0.05623682537558139,0.2697898416812665,-1.5231871308282017,-1.5231871308282017,-1.625,-1.5,-1.565247465712582,-0.6132597960031384,-1.0586227385934082,-1.0718915974397385,0.018486871134706595,0.17222222222222205,-0.2199349945828819,-0.22064516129032252,0.0551181102362206,0.33870967741935476,0.5175064047822373,inf,0.018747789175804996,-0.22062663185378584,0.0,0.09439831969405743
2003-09-30,0.04419937133684648,0.08910102986124002,-0.004426470292348217,-0.004426470292348217,0.05185513696731636,-0.25958103638368246,-3.4244535190968053,-3.4244535190968053,-3.1999999999999997,-3.75,0.1980335893324332,-1.0951130735724088,4.615052835885271,3.2835764349308585,0.07775252464472748,0.11848341232227488,-0.3638888888888888,-0.3642384105960266,0.04477611940298498,0.06024096385542177,0.5177265053460889,inf,0.007291666666666474,-0.34505862646566166,-0.02970297029702973,0.09393275515561905
2003-12-31,0.44326366610052204,0.5881342580900886,2.08203148683333,2.0276570804955436,0.19905766352353726,3.3269062226117443,-8.627167343703558,-8.627167343703558,-8.90909090909091,-8.181818181818183,-4.466697192772358,19.716436637390213,-0.21022007143680144,3.9519303055764388,0.35724813843532854,0.22033898305084754,1.0480349344978164,0.9921875000000002,0.18571428571428572,0.17045454545454541,1.1093807934742306,inf,-0.16925198207514647,0.7749360613810741,0.12244897959183687,-0.4754464655158146
2004-03-31,-0.12028973268645615,-0.14501854500190614,-0.5538451954728463,-0.545832596296012,0.045776208829228615,-0.6796588471045857,-0.9134331848118367,-0.9134331848118367,-0.9540229885057472,-0.9367088607594937,-0.7859341820509433,-1.081400278602144,-0.632990492863569,-0.6327135687367161,0.0966753168603558,0.3472222222222223,0.13326226012793185,0.13986928104575158,0.024096385542168752,0.13592233009708732,-0.43171031815784855,inf,0.1887966804979253,0.18155619596541794,-0.036363636363636376,0.882497712428612
2004-06-30,0.0175719459918644,0.031396458814472616,-0.029299157107268603,-0.029299157107268603,0.02523122518727372,0.296991350362499,0.7942677070828332,0.7942677070828332,1.25,0.5999999999999999,-3.474536048222507,-31.28720238095238,-0.4677355240492911,-4.08347111456915,-0.27181750372948776,0.115979381443299,0.022577610536218318,0.02752293577981657,0.0235294117647058,0.08974358974358965,-0.10145375811939372,inf,0.0075625363583478045,0.04268292682926833,-0.009433962264150941,0.06253561731085111
2004-09-30,0.12002746893261684,0.1403306801693407,0.637813039396784,0.637813039396784,0.0399157129320209,0.47023798254416027,1.136238186836163,1.136238186836163,1.0,1.125,-2.205424274973147,-0.7859160811673955,-0.4314164799601693,-1.3947104883414685,0.1473383666681385,-0.07159353348729802,0.32290708371665144,0.3002232142857144,0.028735632183908066,-0.09411764705882342,-0.15662650602409645,inf,-0.07147806004618928,0.1871345029239766,0.09523809523809512,-0.30375593519789246
2004-12-31,0.21777463413662224,0.2695939669463898,0.4982989895628218,0.4395401725046455,0.14941762302790962,1.1894303760792724,2.8077751243002,2.8077751243002,2.888888888888889,2.705882352941176,0.3631416478375713,4.706007229330426,2.8380035026269703,-0.745505034361515,0.03268161655861723,0.15174129353233834,0.09457579972183594,0.10300429184549342,0.12849162011173187,0.1212121212121211,-0.18734693877551023,inf,-0.05621191394105218,0.020689655172413612,0.07826086956521738,-0.11804155243899683
2005-03-31,-0.028012187748442163,-0.07410453344507673,-0.3612395687115334,-0.33516679349972545,0.07783365540273057,-0.7002458483680197,-0.9632641730583372,-0.9632641730583372,-0.9714285714285714,-0.9841269841269842,0.38827800345519914,-1.5469582704876823,1.4252794889345197,15.681843158803673,-0.2209077584279433,0.306695464362851,-0.08958068614993642,-0.09182879377431907,0.00990099009900991,0.15830115830115843,0.1617277749874435,inf,0.10897351429700874,-0.050193050193050204,-0.040322580645161366,0.3926580522516505
2005-06-30,-0.030234979873186907,-0.04691375402685516,-0.25574858368228115,-0.25619774838083376,0.012216431860003318,0.1826342458832244,-2.0033585222502097,-2.0033585222502097,-2.0,-3.0,-1.4580386947053334,-1.4875448111039618,-0.6902869238005644,-1.3353583360783021,-0.22724866712583858,0.013223140495867813,-0.16817864619679002,-0.16195372750642678,0.004901960784313708,0.0,0.054907047124945985,inf,0.04372623574144474,-0.13109756097560965,-0.04201680672268915,0.2813768169408988
2005-09-30,0.023712234121032294,0.011644178144615047,0.15026152188866826,0.1466965358267589,0.006196619388888935,-0.07695370666091506,2.6937238493723847,2.6937238493723847,1.5,1.5,-0.26951812758145943,-0.5119909502262443,0.07791024375427136,-0.44917002259110106,-0.16198662215638293,0.1990212071778139,-0.3523489932885906,-0.3415132924335378,0.0,0.19666666666666655,0.3614754098360655,inf,-0.017076502732240484,-0.2713450292397661,-0.0964912280701753,-0.11778423977197483
2005-12-31,0.2300214026809999,0.2256255878890694,1.1803523776748488,1.181565938266222,0.07965379094629044,2.667843983104161,-6.131022504153451,-6.131022504153451,-6.0,-5.6,-1.2597441761113763,-4.403569772832638,-0.26128918633321596,-2.6299164458936213,0.3150601964694586,0.05306122448979589,-0.3756476683937824,-0.3788819875776397,0.06829268292682933,0.052924791086351064,0.5695364238410596,inf,-0.12230715774843637,-0.4077046548956661,0.058252427184465994,-0.4381894132236799
2006-03-31,-0.11134343471052421,-0.1586138318275575,-0.4938029466406537,-0.4968151212953398,0.01086665343784099,-0.7695230091075931,-1.1599381852969313,-1.1599381852969313,-1.16,-1.1739130434782608,15.441466718266255,-3.0518740493541285,-0.3097463284379173,0.3638097024256064,0.32673953173150005,-0.10335917312661491,-0.2842323651452282,-0.2775000000000001,-0.013698630136986245,-0.1613756613756614,0.5431530494821633,inf,0.13763525996305082,-0.2574525745257453,-0.03669724770642202,0.6721173395294802
2006-06-30,0.012635950516656003,-0.04664196656974795,0.029719064365747894,-0.1721380818752063,0.009902480159460492,-0.00029767441860462096,0.6848256188460478,0.6848256188460478,0.7500000000000002,0.7500000000000002,-1.6100600803817842,-0.8271909540510937,-0.054711246200607855,-2.2526414705140843,-0.30849121301833593,-0.0691642651296831,-0.3826086956521739,-0.38408304498269896,0.0092592592592593,-0.05678233438485791,0.2846134725329357,inf,-0.0027838997796079124,-0.34306569343065696,-0.06666666666666676,0.1516041062340414
2006-09-30,0.06743811343456518,0.014694548872180357,0.45787456688144723,0.5740500729035554,0.0037384691390021096,0.0005476713333936178,0.32732535911300453,0.32732535911300453,0.2857142857142856,0.2857142857142856,-0.36726052106141427,-0.9199052436135476,0.3862905583162819,-0.49407179712372384,-0.22570126069797525,0.024767801857585203,-0.4460093896713615,-0.4550561797752809,0.004587155963302614,0.01672240802675584,0.8299148606811144,inf,-0.059671978597185094,-0.41666666666666663,-0.061224489795918324,-0.35535980934855727
2006-12-31,0.23381227621917122,0.37488873554488333,0.6432139415628415,0.7475585183660383,0.13679795634148983,3.380348829794018,-6.876882561106082,-6.876882561106082,-6.666666666666667,-6.111111111111112,-1.6685264794658372,-95.99360511590727,0.22730627306273066,-4.222107699540704,0.9392160066624149,0.2250755287009063,4.9322033898305095,4.865979381443299,0.13698630136986312,0.2171052631578947,1.8585703711536428,inf,-0.07855022266204847,5.123809523809523,-0.0434782608695653,-0.21324785324878925
2007-03-31,-0.05155936916789583,-0.05601336047826089,-0.20756800888549976,-0.2271732630205502,0.0018780795607309386,-0.6208570364412157,-1.1009802548662653,-1.1009802548662653,-1.0784313725490196,-1.0869565217391304,2.479249327313358,-2.1545983153394985,-1.0,-0.9074073034811352,0.04484520670816239,0.08631319358816292,-0.0742857142857144,-0.09314586994727592,0.0,-0.043243243243243246,-0.8746555200029593,inf,0.056249160961202804,-0.11819595645412129,0.03409090909090917,0.2214721189591078
2007-06-30,0.025150687283403528,0.02986441227119263,-0.012661637226573208,0.0540289416682056,0.03539487592204771,0.5853951208273602,-2.9294133962002498,-2.9294133962002498,-3.5,-3.25,-0.95735979394281,-0.5550510535023212,inf,-3.4503303230498816,-0.10516923381086296,0.12258796821793427,0.47530864197530875,0.4496124031007753,0.028112449799196693,0.12146892655367236,0.12262062859672418,inf,0.010040671072699459,0.2786596119929452,0.13186813186813184,-0.022935333073626718
2007-09-30,0.06641088465558065,0.016495273997283677,0.14322263509308142,0.14939572082468944,0.04656676426093043,-0.3586783865335903,-0.9749155466110832,-0.9749155466110832,-1.0,-1.0,5.131724561942822,-0.6584986322910353,1.3243594182825484,-2.2008508954190162,0.14113570226262495,-0.018200202224469164,0.12970711297071125,0.12165775401069512,0.02734375,-0.04534005037783384,-0.3922187171398528,inf,-0.018623379891782976,0.1103448275862069,0.009708737864077666,-0.11562422128083727
2007-12-31,0.3324056699979605,0.48434436533495484,0.7299061739835515,0.7557733018810864,0.22022817168448228,3.6656260031597565,388.96561604584525,388.96561604584525,inf,inf,3.6501391221517556,-2.071993860616816,0.9034300398495401,4.275809508115679,0.6525122984543816,0.2533470648815652,0.6916666666666667,0.6626936829559,0.20912547528517123,0.2216358839050132,0.032223183391003385,inf,-0.08424156943197858,0.36397515527950297,0.22115384615384603,-0.15460693153000837
2008-03-31,-0.03154894887861759,-0.09092015517867735,-0.2195392077823638,-0.23375062869898922,0.043662666095156455,-0.5936205719589553,-0.8377529427324428,-0.8377529427324428,-0.8387096774193549,-0.8372093023255813,0.8413922849688422,16.26357941834452,-0.6937721340664071,1.918795143091399,1.1525177327378482,0.12736236647493837,0.1094690749863163,0.10537634408602137,0.03144654088050314,-0.06911447084233269,-0.3683218101822753,inf,0.0777093251190144,0.08378870673952643,0.023622047244094446,0.18641469186414694
2008-06-30,0.08609686040037579,0.08254946587214773,0.10774373220815359,0.11776733546615459,0.07962043070149671,0.08590242193970954,0.3362996173267214,0.3362996173267214,0.3333333333333335,0.2857142857142856,-1.6500923613774288,-1.0554969534082692,1.4916618746405979,-1.2727373657521293,-0.14603115487914053,0.16982507288629733,-0.00345337937839163,-0.009727626459143934,-0.5121951219512195,0.13457076566125292,-0.023217247097844118,inf,-0.005976354423801511,0.03361344537815136,-0.04615384615384621,-0.03149230250589963
2008-09-30,3.999352387217143,0.9605253517255283,2.04536132298179,0.7713552073981833,4.599186679499226,0.08681861746277542,-2.830043209353554,-2.830043209353554,-1.4,-1.4444444444444444,-1.0246502181773969,-34.32424228272545,38.80695950970588,-11.967870875348217,1.383520330371685,0.03800623052959495,-0.700990099009901,-0.676489849377865,4.55625,1.128834355828221,-0.041086587436332755,inf,0.11998431577571567,-0.36991869918699183,-0.4838709677419355,0.10677302393038435
2008-12-31,0.06986391092351352,0.30802189954772663,0.6144455747711088,1.1071752951861944,-0.02106157112526541,0.48853164556962025,-0.053907407407407404,-0.053907407407407404,0.0,0.0,45.4011691633175,-0.9677677935793445,-1.0766578714106079,-0.9481287212611875,0.04081632653061229,-0.2893157262905163,-1.2582781456953642,-1.257085020242915,-0.007874015748031482,-0.8722382324687801,-0.17776203966005666,inf,-0.08495740459796941,0.0,-0.4375,-0.3792588321627005
2009-03-31,-0.07142371267260728,-0.17925386715195635,-0.3059231253938248,-0.4336206896551724,-0.006853474451288255,-0.07308195996394373,-2.8497132455127328,-2.8497132455127328,-2.75,-2.75,0.28740157480314954,-1.3043478260869565,1.4285714285714284,-0.7413793103448276,0.010141987829614507,-0.19172297297297292,-1.2628205128205128,-1.2677165354330708,0.009070294784580435,-0.18045112781954886,0.0,inf,0.06950644050503763,-0.8567741935483871,-0.16666666666666663,0.44914502849905014
2009-06-30,-0.00966962127316684,0.0,-0.09759418974126188,-0.16971080669710803,0.00725017470300493,0.05810397553516822,0.031746031746031855,0.031746031746031855,0.0714285714285714,0.0714285714285714,-1.3608562691131498,1.4285714285714284,-0.47404844290657444,-9.666666666666666,-0.08701472556894241,0.20167189132706365,2.6585365853658534,2.6764705882352944,0.019101123595505642,0.1834862385321101,6.075366063738157,inf,0.017052229906987737,3.135135135135135,-0.09999999999999987,0.20438190134894962
2009-09-30,-0.00495598786892526,-0.00044345898004438666,0.08651911468812878,0.1778185151237397,-0.020726736623016162,-0.32273603082851643,-0.9230769230769231,-0.9230769230769231,-0.9333333333333333,-0.9333333333333333,-2.364406779661017,15.117647058823529,0.7236842105263157,0.41538461538461546,-0.1348973607038123,0.03391304347826085,0.7266666666666668,0.7199999999999998,-0.018743109151047377,0.015503875968992276,-0.4433014790918498,inf,-0.015828350334153973,0.710239651416122,0.0,-0.15133775218926893
2009-12-31,0.021558132619684756,0.1821206743566992,0.3824074074074073,0.9509727626459143,-0.04746723343960324,1.2147937411095304,-20.066666666666666,-20.066666666666666,-23.0,-23.0,4.049689440993789,-0.47080291970802923,-0.06106870229007633,-2.108695652173913,0.17288135593220333,-0.02354920100925162,-0.6138996138996139,-0.613953488372093,-0.032584269662921495,-0.007633587786259555,-0.4230264596544937,inf,-0.06754824874910659,-0.6636942675159236,0.14814814814814814,-0.3941052391539821
2010-03-31,-0.06374617959540096,-0.15819103021204728,-0.3308774279973208,-0.3849222177901874,0.010412792859799236,-0.1599229287090559,-2.332167832167832,-2.332167832167832,-2.3636363636363633,-2.3636363636363633,-0.7207872078720787,0.2689655172413794,-0.6463414634146342,-1.178921568627451,-0.026372832369942145,-0.0482342807924202,1.7400000000000002,1.7469879518072289,0.015098722415795685,-0.015384615384615441,1.6173962478681068,inf,0.07921298070780636,1.5075757575757573,0.09677419354838723,0.36864885208882203
2010-06-30,-0.0367635628789057,-0.11547035220686586,-0.23173173173173178,-0.2931258106355382,-0.000920132499079851,-0.2607033639143731,-0.4251968503937008,-0.43044619422572183,-0.4,-0.43333333333333324,-1.1145374449339207,-0.7663043478260869,3.747126436781609,5.589041095890411,-0.1784786641929499,0.021719457013574583,0.09124087591240881,0.10087719298245612,0.014874141876429992,0.0078125,-0.6594265855777585,0.0,0.0371729608144904,0.0891238670694865,0.02941176470588225,0.25134057472844784
2010-09-30,0.014282256112321479,0.045362903225806495,0.1882736156351792,0.27798165137614683,-0.01031497513354207,-0.22957600827300928,-0.7671232876712328,-0.7649769585253456,-0.7777777777777778,-0.7647058823529411,-8.0,1.2325581395348837,-0.4309927360774818,-0.8108108108108107,-0.04110207768744356,-0.007085916740478204,0.12374581939799323,0.12749003984063734,0.004509582863585271,-0.023255813953488413,-0.08333333333333337,0.0,-0.0241981508960164,0.09986130374479885,0.028571428571428692,-0.18204043511702017
2010-12-31,0.06650755767700867,0.29821600771456125,0.7560307017543859,1.0868628858578608,-0.050530429927414855,0.9154362416107382,-5.568627450980392,-5.568627450980392,-5.75,-5.75,4.456043956043956,-1.1145833333333333,0.3531914893617021,-8.571428571428571,0.32454074422986334,0.04460303300624435,0.1607142857142858,0.15194346289752647,-0.03142536475869806,0.039682539682539764,-0.06354359925788489,0.0,-0.10972043513861274,0.1790668348045399,-0.02777777777777779,-0.3779091244920576
2011-03-31,-0.07675667611517234,-0.19238625812441967,-0.33187636590696223,-0.3495012039903681,0.003332353229442253,0.015416958654519863,-3.1587982832618025,-3.128755364806867,-3.2105263157894735,-3.2105263157894735,-0.8650553877139979,-2.2727272727272725,0.05974842767295607,-1.223512336719884,-0.05476529160739685,-0.016225448334756698,0.29487179487179493,0.3067484662576687,0.03707995365005767,0.01526717557251911,-0.10846953937592874,1.1333333333333333,0.08671659440283785,0.2374331550802138,0.028571428571428692,0.2415245087454112
2011-06-30,-0.03272198432576556,-0.09082547712117728,-0.2957943925233645,-0.34108937070333156,0.022272150043958217,-0.2091097308488613,-0.3339960238568589,-0.33467741935483875,-0.30952380952380953,-0.30952380952380953,-1.582089552238806,-6.5,-0.03264094955489616,1.103896103896104,-0.12189616252821667,-0.005208333333333259,0.22376237623762374,0.22300469483568075,0.02346368715083802,-0.03759398496240607,-0.2763888888888889,0.0,0.05682505138435512,0.16767502160760595,0.05555555555555558,0.37985911818418994
2011-09-30,0.01177748078850649,0.03237228123419311,0.023224950232249464,0.026484751203852408,0.010129001433349272,-0.3420593368237347,-0.5582089552238806,-0.5575757575757576,-0.5517241379310345,-0.5517241379310345,-1.5897435897435899,0.9090909090909092,-1.0153374233128833,-1.4166666666666667,0.05784061696658105,-0.009598603839441666,0.15372168284789645,0.15930902111324374,0.008733624454148492,-0.03125,-0.22188099808061423,0.0,-0.0016016474087632293,0.14507772020725396,0.0,0.005735173630806223
2011-12-31,0.09609510443325342,0.31798138167564916,0.8060959792477302,0.998436278342455,-0.007473275943619351,0.8647214854111407,-0.33108108108108103,-0.3356164383561644,-0.3846153846153846,-0.46153846153846145,17.47826086956522,-0.6190476190476191,-31.0,4.155555555555556,0.2818955042527338,0.14537444933920707,0.43618513323983166,0.445364238410596,0.010822510822510845,0.13709677419354827,-0.013320177602368033,0.0,-0.09453420419388103,0.45313510019392367,0.0,-0.3404875297656348
2012-03-31,-0.05987798448444681,-0.1513011152416357,-0.2833034111310593,-0.3059467918622848,-0.0005718642775447424,-0.16642958748221903,2.878787878787879,2.88659793814433,3.25,3.7142857142857144,-0.8200000000000001,-2.375,0.6399999999999999,-1.1666666666666667,-0.036650868878357,-0.058461538461538454,-0.11718750000000011,-0.11225658648339065,0.009635974304068595,-0.07092198581560272,-0.3275,0.53125,0.06314856998228291,-0.056494661921708156,-0.052631578947368474,0.2227659271224285
2012-06-30,-0.01706457298509856,-0.05124835742444156,-0.14579158316633267,-0.16347237880496057,0.007438489414457461,-0.08276450511945388,-0.5182291666666667,-0.5198938992042441,-0.5294117647058824,-0.5151515151515151,-0.39869281045751637,-1.0389610389610389,0.016260162601626105,1.2672413793103448,-0.0862577894391604,-0.006535947712418277,-0.1581858407079645,-0.15999999999999992,0.008483563096500557,-0.01526717557251911,0.10260223048327144,0.0,0.024877990715391096,-0.1428571428571429,-0.02777777777777779,0.13415960836117802
2012-09-30,0.031950444208981965,0.0854108956602031,0.04281524926686209,0.04784366576819399,0.03019689511548651,-0.2176744186046512,0.22162162162162158,0.22099447513812165,0.25,0.25,0.34782608695652173,-24.666666666666668,-1.024,-1.467680608365019,0.04414931801866473,-0.030427631578947456,0.08541392904073586,0.08294930875576023,0.028391167192429068,-0.03875968992248069,0.1523937963587323,0.0,-0.001626016260162566,0.07205720572057217,0.0,0.03586721934842929
2012-12-31,0.12155437959086957,0.3343258188005105,0.6214848143982001,0.7054662379421222,0.039878709914545674,1.1022592152199762,0.5663716814159292,0.5656108597285068,0.5499999999999998,0.5999999999999999,6.870967741935484,-1.295774647887324,-2.166666666666667,7.536585365853659,0.360948779649364,-0.0593723494486853,0.2590799031476996,0.26241134751773054,0.03885480572597144,-0.08870967741935487,-0.14628437682855466,0.0,-0.0728245695672406,0.1888147768086199,0.08571428571428585,-0.2176069845889278
2013-03-31,-0.033450704225352124,-0.0750717245776219,-0.24037460978147762,-0.2839366515837104,0.019263055580100774,-0.251131221719457,0.2881355932203389,0.2890173410404624,0.2903225806451615,0.25,-0.6670081967213115,2.8095238095238093,-4.285714285714286,-0.6761904761904762,0.08588027279616073,0.16411181244364292,0.03653846153846163,0.038202247191011285,0.015748031496062964,0.1238938053097347,-0.12405757368060322,0.40816326530612246,0.05445420326223327,0.02891670263271484,0.0,0.2916560994166877
2013-06-30,-0.022877959927140257,-0.0299844907806307,-0.32602739726027397,-0.3717746182201158,0.03467706978760288,-0.20694864048338368,-0.2894736842105263,-0.2869955156950673,-0.29999999999999993,-0.29999999999999993,-0.6646153846153846,0.19999999999999996,-9.652173913043478,-0.8764705882352941,0.00976971388695036,0.13787761425251732,0.08163265306122436,0.08982683982683981,0.032945736434108586,0.11811023622047245,0.06416275430359941,0.0,0.05890052356020936,0.12038590604026855,-0.02631578947368418,0.54408010995484
2013-09-30,0.19752442025203187,0.4658020962870848,1.6565040650406506,0.20117351215423307,0.017092584834520252,-0.34190476190476193,-0.8271604938271605,-0.8270440251572327,-0.8214285714285714,-0.8214285714285714,-1.4587155963302751,-0.84375,-1.236180904522613,1.4523809523809526,0.023727251785302883,0.10891763104152474,-0.14837049742710118,-0.17676266137040708,0.013133208255159623,0.07746478873239449,-0.0022058823529411686,0.0,-0.15057871670974265,-0.09734181954324217,-0.08108108108108103,0.22030773143438465
2013-12-31,-0.12752179327521795,-0.24360683553508666,0.8847232848763071,0.6782972784368457,-0.45448554246643047,1.1968162083936322,2.107142857142857,2.0545454545454547,3.5999999999999996,3.1999999999999993,-18.6,6.8,-24.27659574468085,-1.3300970873786409,-0.007650765076507637,0.05770411295273181,-0.05840886203423967,-0.14837153196622443,-0.13888888888888884,0.045751633986928164,0.20928518791451722,0.0,-0.37478502447413675,-0.10659477395271666,-0.05882352941176472,-0.5493148543739905
2014-03-31,-0.034541821296032005,-0.08764621054318222,-0.10635994587280106,-0.2128898128898129,0.045605557233464156,-0.2681159420289855,0.6839080459770115,0.6964285714285714,0.7391304347826086,0.9047619047619049,-0.8454545454545455,-1.1025641025641026,-0.7696526508226691,2.8529411764705883,-0.029705215419501108,0.10388856645385958,-0.06096256684491974,-0.1586402266288951,0.04086021505376336,0.2812499999999998,0.2327848872638636,0.2898550724637683,0.08294540837917896,-0.12256267409470756,-0.03125,0.1591136801541424
2014-06-30,-0.012418687167356612,-0.03863716192483313,-0.06284070260448216,-0.2377179080824089,0.035673021374927893,-0.12691269126912696,-0.30375426621160406,-0.29824561403508776,-0.29999999999999993,-0.29999999999999993,-0.22058823529411764,0.8333333333333333,-0.4285714285714286,-0.3893129770992366,-0.018695956999298935,0.08359621451104093,-0.01822323462414588,-0.1397306397306397,0.032024793388429895,0.039024390243902474,0.08403361344537807,0.0,0.04884720593982039,-0.12698412698412698,-0.032258064516129115,0.26117889557498586
2014-09-30,0.037050898203592864,0.08823529411764697,0.10890289222814675,0.4636174636174637,-0.024961651094686954,-0.22371134020618555,-1.1127450980392157,-1.115,-1.1071428571428572,-1.1071428571428572,-2.367924528301887,1.0909090909090908,-1.1527777777777777,3.925,-0.09383186472969751,0.0873362445414847,0.054524361948955935,-0.07436399217221135,-0.027027027027026973,0.05164319248826299,0.08709530323757408,0.0,-0.059798807749627425,-0.12242424242424244,0.06666666666666665,-0.2564913668116515
2014-12-31,0.06430891374954895,0.1598119858989424,0.09471076788576416,0.2850378787878789,0.03446796338672775,1.0903054448871181,-16.695652173913043,-16.434782608695652,-17.333333333333332,-16.666666666666664,-9.241379310344827,-0.9130434782608696,-1.0,-3.6472081218274113,0.2741130091984232,-0.11378848728246327,0.2695269526952697,0.2727272727272727,0.029835390946501894,-0.0892857142857143,-0.031459731543624136,0.0,-0.028135526055082294,0.2796961325966849,0.0,-0.09742953377060803
2015-03-31,-0.06571273565712732,-0.15139672890432765,-0.1296419539464927,-0.3002947678703022,0.0006912760956725439,-0.18805590851334175,0.09141274238227148,0.09014084507042264,0.10204081632653073,0.1276595744680853,-0.8251046025104602,3.0,-inf,-1.3672099712368169,-0.07900165016501648,0.06042296072507547,0.11265164644714032,0.11627906976744184,-0.003996003996003861,0.02941176470588247,-0.1857947163274144,0.24719101123595522,0.07115188583078491,0.08418780356179179,0.03125,0.21279019523117415
2015-06-30,0.017275168759526727,0.0320654954801296,-0.04970178926441349,-0.18641390205371244,0.07778391820945019,-0.18309859154929575,-0.46192893401015234,-0.45736434108527135,-0.462962962962963,-0.4528301886792453,-0.354066985645933,7.0,-0.30188679245283023,-0.8720626631853786,-0.010974244120940613,0.1486229819563154,-0.010903426791277093,-0.0029761904761903546,0.07321965897693072,0.15714285714285725,0.0292553191489362,0.0,0.05938332698896076,-0.005475360876057711,0.0,0.26854311070803916
2015-09-30,0.020478059222261757,0.04263758056519573,0.015931766977792083,0.04207119741100329,0.024099474426355627,-0.051724137931034475,-0.40094339622641506,-0.40476190476190477,-0.4137931034482758,-0.4137931034482758,-2.340740740740741,-0.2578125,-2.493243243243243,0.04081632653061229,-0.01154891304347827,0.16866473749483246,0.12125984251968491,0.14925373134328357,0.021495327102803774,0.08641975308641969,0.15968992248062008,0.0,0.0035932446999640266,0.10310310310310311,0.030303030303030276,0.0005361930294907058
2015-12-31,0.0663543560341211,-0.4631478839752734,0.13781086646602247,0.6217391304347826,0.00988859682062837,0.36565656565656557,0.25196850393700787,0.272,0.23529411764705865,0.17647058823529416,-6.685082872928176,35.6,-0.9819004524886877,48.84313725490196,-0.5823596792668957,0.24124513618677046,-0.2043539325842697,-0.19220779220779227,0.0045745654162854255,0.21590909090909083,0.07085561497326198,0.0,-0.0529896168993913,-0.14292196007259528,-0.02941176470588236,-0.6689634052978104
2016-03-31,0.13448298472231324,0.1833480956598761,0.24655436447166923,-0.11068556108770589,0.034705007436787394,0.07618343195266264,1.1132075471698113,1.0943396226415096,1.1428571428571428,1.25,-0.6997084548104957,-0.6928386540120794,450.75,-1.4126671911880408,0.5754251234229293,-0.07979481333713323,-0.09355692850838482,-0.11897106109324751,0.030054644808743092,-0.08411214953271029,0.1290054099042861,0.24324324324324298,-0.08790170132325148,-0.09581789306511379,-0.030303030303030276,0.3306352143077398
2016-06-30,-0.04016876661657609,-0.1467065868263473,-0.10062541880723697,-0.056416881998277324,0.024676569238140766,0.07903780068728516,-0.6220238095238095,-0.6216216216216216,-0.6222222222222222,-0.6222222222222222,0.5501618122977345,-0.9578651685393258,-1.5583840619811844,-1.572926596758818,-0.20926183844011137,0.13069061628987289,-0.12171372930866597,-0.13868613138686137,0.020335985853227045,0.09863945578231292,0.21231109472908227,0.0,0.06756476683937818,-0.18969555035128816,0.0625,-0.09570708533688665
2016-09-30,0.10676220870717157,0.5596491228070175,0.1873835837576059,0.6891830214513921,0.030862754267009684,-0.001273885350318471,0.5669291338582678,0.5714285714285714,0.588235294117647,0.5294117647058822,0.06054279749478075,-0.1777777777777778,-2.273538156590684,-3.925124792013311,0.774108322324967,0.15584771295535482,0.07095343680709543,0.029661016949152463,0.02772963604852685,0.1331269349845201,0.2961386439647309,0.0,-0.06853038245000975,-0.007947976878612595,0.02941176470588225,-0.07668652700365164
2016-12-31,-0.050489662676822644,-0.09448818897637801,-0.12852959631876182,-0.28235611996757637,0.034134724427307805,0.2850765306122449,0.5276381909547738,0.5404040404040404,0.5185185185185184,0.5384615384615385,0.6909448818897639,-0.2702702702702703,-2.2319066147859923,-1.4459613196814562,-0.19458922809630186,-0.0443127962085309,0.1438923395445133,0.13991769547325106,0.022765598650927643,-0.0710382513661203,-0.1240910157166315,0.0,0.08899541475614825,0.06045156591405676,0.08571428571428585,0.26179572578406884
2017-03-31,-0.030426312170524827,-0.09813664596273297,-0.10176407056282255,-0.15700301204819278,0.03476258361662454,-0.143424317617866,0.4013157894736843,0.3967213114754098,0.3902439024390243,0.40000000000000013,-0.5215366705471478,-0.14814814814814814,-0.7447883765003158,-1.003826530612245,0.0009244992295840415,0.07339449541284404,0.06334841628959276,0.09927797833935026,0.03215169002473206,0.050000000000000044,-0.09426888055704341,0.21739130434782616,0.06736842105263152,0.0535714285714286,0.05263157894736836,0.06983777838878202
2017-06-30,-0.006678092311329098,-0.0009182736455464191,-0.0523714094856379,-0.21170165252344797,0.02956761339550651,-0.0550405561993047,-0.4295774647887324,-0.4295774647887324,-0.4385964912280701,-0.4285714285714286,-0.35523114355231145,-0.21739130434782605,-0.38613861386138615,9.0,0.009236453201970418,0.2702702702702704,0.075744680851064,0.10673234811165844,0.027955271565495154,0.22969187675070035,0.1697220579538734,0.0,0.03639949793795938,0.10104302477183813,0.0,0.2673862760215884
2017-09-30,0.054140885292717655,0.23759191176470584,0.09276751727054844,0.3535410764872522,0.02593926917138445,-0.00797057020232983,-0.22633744855967075,-0.22633744855967075,-0.21875,-0.21875,0.4301886792452829,5.388888888888889,-1.0483870967741935,8.933333333333334,0.09090909090909083,0.11329332605928344,-0.03797468354430389,0.0,0.024087024087024123,0.08428246013667429,0.004802831142568298,0.0,-0.026816608996539704,-0.01598579040852577,0.02499999999999991,-0.08565518919576587
2017-12-31,0.05361778981826393,0.21054585963609362,0.187717713843375,0.533277521975722,-0.050667201765827174,0.26205191594561184,-4.1063829787234045,-4.1063829787234045,-4.08,-4.08,2.055408970976253,-0.6434782608695653,0.33333333333333326,2.815436241610738,0.3179530201342282,0.018294674942829214,-0.7672697368421053,-0.7685459940652819,-0.0538694992412746,-0.006302521008403228,0.02515723270440251,0.0,-0.0988444444444444,-0.7659446450060168,-0.024390243902438935,-0.2104679529829231
2018-03-31,-0.014516820227126637,-0.016871165644171793,-0.06821638062133395,-0.20092820092820096,0.03772986683576418,-0.03770812928501466,-1.856164383561644,-1.856164383561644,-1.8571428571428572,-1.844155844155844,-0.5431778929188256,0.24390243902439024,-0.5,-0.5567282321899736,0.10842350944196899,0.14645492460699372,0.25795053003533575,0.2435897435897436,0.034482758620689724,0.21141649048625788,3.871901840490797,0.20238095238095233,0.052870388636811816,0.22879177377892046,0.02499999999999991,0.2303370786516854
2018-06-30,-0.02386258629124316,-0.04305772230889238,-0.11261366285847518,-0.2962077212162624,0.05367145330481726,-0.16488549618320614,-0.19599999999999995,-0.19599999999999995,-0.19696969696969702,-0.19999999999999996,-0.9829867674858223,0.43137254901960786,-33.25,-1.7123015873015874,-0.06872128637059727,-0.0011193507765495658,0.4353932584269662,0.4329896907216493,0.05193798449612408,-0.034904013961605584,-0.2009268120687051,0.0,0.07944538130035594,0.45606694560669436,-0.024390243902438935,0.3596803652968037
2018-09-30,-0.06932843301035752,-0.18943593087707855,-0.2046768260641093,0.15631067961165046,0.03025323796636381,-0.07861060329067637,-0.3532338308457711,-0.3532338308457711,-0.3584905660377359,-0.34615384615384615,27.11111111111111,-0.5068493150684932,5.8604651162790695,3.3147632311977713,-0.3183967112024666,0.06429471914834006,0.12328767123287676,0.15827338129496415,0.029476787030213725,0.012658227848101111,-0.26317448310640434,0.0,0.10709946189897601,0.15948275862068972,0.0,-0.29902273566846893
2018-12-31,0.06713336923353075,0.22807723250201128,0.07003633961017508,0.10915197313182201,0.06548456703255456,0.5753968253968254,1.5038461538461538,1.5038461538461538,1.4999999999999996,1.4705882352941173,2.9486166007905137,0.9444444444444444,-1.0,-1.5894125242091672,0.27533172496984326,-0.15504080021058175,1.994773519163763,2.177018633540373,0.06442376521116677,-0.1785714285714286,-0.25776370947044225,0.0,-0.0015678896205707504,1.9950433705080548,0.04999999999999982,0.1072198533991282
2019-03-31,0.0063358564620128455,-0.01130036030134296,-0.0194504476690337,-0.13133989401968205,0.021044289865281396,-0.23383711167086485,-0.31336405529953915,-0.31336405529953915,-0.3176470588235294,-0.30952380952380953,-0.5495495495495495,-0.9285714285714286,inf,-0.48411829134720696,0.11137384724521171,-0.28862928348909656,-0.0680628272251308,-0.02346041055718473,0.0181573638197714,-0.3326086956521739,-0.7760488704472107,0.1831683168316831,0.014604271356783771,-0.010757136946628054,0.0,0.13820258751243997
