Quarter end,Assets,Current Assets,Liabilities,Current Liabilities,Shareholders equity,Revenue,Earnings,Earnings available for common stockholders,EPS basic,EPS diluted,Cash from operating activities,Cash from investing activities,Cash from financing activities,Cash change during period,Cash at end of period,Price,ROE,ROA,Book value of equity per share,P/B ratio,P/E ratio,Cumulative dividends per share,Equity to assets ratio,Net margin,Asset turnover,Current ratio
1993-12-31,0.009397344228804894,-0.028840820854131977,0.06818734793187353,0.05525644658543505,-0.2984076433121019,0.10245183887915932,-4.19108280254777,-4.19108280254777,-4.227272727272727,-4.5,-1.2904699738903394,0.6761904761904762,-2.102827763496144,-0.8408736349453978,-0.5530629853321829,0.047244094488189115,-0.07473197393315123,-0.0035868005738880493,-0.2909090909090909,0.5483870967741935,-0.10728155339805834,inf,-0.304862842892768,0.23747276688453156,0.01382488479262678,-0.07966333920532398
1994-03-31,0.009397344228804894,-0.028840820854131977,0.06818734793187353,0.05525644658543505,-0.2984076433121019,0.10245183887915932,-4.19108280254777,-4.19108280254777,-4.227272727272727,-4.5,-1.2904699738903394,0.6761904761904762,-2.102827763496144,-0.8408736349453978,-0.5530629853321829,0.047244094488189115,-0.07473197393315123,-0.0035868005738880493,-0.2909090909090909,0.5483870967741935,-0.10728155339805834,inf,-0.304862842892768,0.23747276688453156,0.01382488479262678,-0.07966333920532398
1994-06-30,-0.005515077919449496,0.10536836093660762,0.009111098456807687,0.001969208736126049,-0.12210621879255557,0.10245183887915932,-4.19108280254777,-4.19108280254777,-4.227272727272727,-4.5,-1.2904699738903394,0.6761904761904762,-2.102827763496144,-0.8408736349453978,-0.2731660231660231,0.09774436090225547,-0.07473197393315123,-0.0035868005738880493,-0.1282051282051282,0.5483870967741935,-0.10728155339805834,0.8333333333333335,-0.11748878923766815,0.23747276688453156,0.01382488479262678,0.1031475967673332
1994-09-30,-0.005342152124141464,-0.033496943081029906,0.0031036623215394687,0.0016080042880113332,-0.0827300930713547,0.002581413820492484,0.0239520958083832,0.0239520958083832,0.028169014084507005,-4.5,-0.7662921348314606,-7.9147727272727275,1.902097902097902,-1.4607843137254901,0.12483399734395739,0.017808219178082174,-0.07473197393315123,-0.0035868005738880493,-0.05882352941176472,0.16720085470085477,-0.10728155339805834,0.5454545454545456,-0.0782520325203252,0.23747276688453156,0.01382488479262678,-0.03499132446500863
1994-12-31,0.011918158567775006,0.024857448325017906,0.008494599459945906,0.017659650374598712,0.04622322435174753,0.32293523469994057,1.1461988304093569,1.1461988304093569,1.1643835616438358,-4.5,36.55769230769231,-1.3204601479046836,0.7421686746987952,12.840425531914894,1.5360094451003543,0.02826379542395685,-0.07473197393315123,-0.0035868005738880493,0.0625,0.0929061784897025,-0.10728155339805834,0.4117647058823528,0.03417861080485096,0.23747276688453156,0.01382488479262678,0.007092198581560183
1995-03-31,-0.011120659151797052,-0.02460227766669565,0.0045183243152786545,-0.005696757230499561,-0.16217672413793105,-0.2692566808892881,-0.6875567665758402,-0.6875567665758402,-0.6835443037974684,-4.5,-1.4042498719918075,-0.7564102564102564,-1.1825726141078838,-1.8939277478862413,-0.5414338919925512,-0.05628272251308897,-0.07473197393315123,-0.0035868005738880493,-0.17647058823529405,-0.11180904522613055,-0.10728155339805834,0.25,-0.15245202558635385,0.23747276688453156,0.01382488479262678,-0.019043840507835585
1995-06-30,0.04135357562745989,0.058556149732620355,0.02426699244780095,0.033054208902600246,0.23922829581993565,0.08994058594550292,1.3372093023255816,1.3372093023255816,1.3399999999999999,-4.5,-1.402786573780874,0.7157894736842105,-1.9368686868686869,-1.113499570077386,0.13401015228426405,0.12205270457697637,-0.07473197393315123,-0.0035868005738880493,0.24999999999999978,0.36209335219236216,-0.10728155339805834,0.19999999999999996,0.18993710691823895,0.10915492957746475,0.004545454545454408,0.024671385237613697
1995-09-30,0.027145101119183224,0.052622716174117956,0.041962591488208245,0.0703071672354949,-0.11468604047742603,0.0035714285714285587,-0.31343283582089554,-0.31343283582089554,-0.3076923076923076,-4.5,-0.3191823899371069,0.024539877300613577,-0.13207547169811318,-2.0227272727272725,-0.12085944494180845,0.08899876390605699,-0.07473197393315123,-0.0035868005738880493,-0.11428571428571421,-0.12876427829698855,-0.03697661772702554,0.19444444444444442,-0.13847780126849896,0.0,-0.004524886877827927,-0.016479179001381516
1995-12-31,-0.01897252090800483,-0.028155495120780638,-0.03215567927571672,-0.007254464285714302,0.12954279015240333,0.2962165199475557,0.5670289855072463,0.5670289855072463,0.5802469135802468,-4.5,6.621247113163972,0.8443113772455091,6.524844720496894,-4.940740740740741,0.5417515274949083,0.041997729852440324,-0.07473197393315123,-0.09215262778977684,0.16129032258064502,0.17640047675804515,0.021456804065499657,0.16279069767441867,0.1521472392638037,-0.09365079365079365,0.004545454545454408,-0.02106952944717566
1996-03-31,0.009694076383476302,0.011358024691358048,0.035912047739368846,0.05436441018228533,-0.24338349766476386,-0.26587674300989816,-0.5641618497109826,-0.5641618497109826,-0.5625,-4.5,-1.5287878787878788,-0.5,-1.5142385472554685,-2.302631578947368,-0.4577278731836195,0.09912854030501084,-0.07473197393315123,-0.0015860428231559975,-0.2499999999999999,-0.05336035123269156,0.18684355997788837,0.1399999999999999,-0.25133120340788073,0.003502626970227629,-0.004524886877827927,-0.04079122681152003
1996-06-30,0.017030925845515466,0.01521809895833326,0.011002127769993209,0.022010662604722064,0.09670781893004121,0.11081586458025794,1.273209549071618,1.273209549071618,0.1428571428571428,-4.5,-1.239541547277937,0.33766233766233755,-1.196629213483146,-0.8672438672438673,-0.11205846528623631,0.11694747274529238,-0.07473197393315123,0.011914217633042012,0.11111111111111094,0.48911880128433816,0.09920819748486265,0.14035087719298267,0.07965860597439534,0.006980802792321272,0.004545454545454408,-0.006624639384549602
1996-09-30,0.05071157495256173,0.08008016032064136,0.0634464349879369,0.09099038676503457,-0.10444027517198251,0.04305838575352183,-0.2707117852975496,-0.2707117852975496,-0.2656250000000001,-4.5,0.6459330143540669,0.441747572815534,0.8612244897959183,-0.40217391304347827,-0.07544581618655688,-0.00976042590949422,-0.07473197393315123,0.012558869701726705,-0.09999999999999987,-0.10876856732151408,-0.03728813559322042,0.10769230769230753,-0.14756258234519104,0.0034662045060658286,0.009049773755656076,-0.010003226847370095
1996-12-31,0.003386157388595379,0.0016327742318540395,-0.0439252787565767,-0.049658469945355166,0.6878491620111731,0.2673914890002549,1.112,1.112,1.127659574468085,-4.5,5.5523255813953485,0.37710437710437716,5.375,-22.29090909090909,1.7373887240356085,0.21057347670250892,-0.07473197393315123,0.14418604651162803,0.6666666666666665,0.34516129032258047,0.17165492957746498,0.09722222222222232,0.6816074188562598,0.13989637305699487,0.0,0.05388961321164709
1997-03-31,-0.0024298056155507286,-0.016004742145821038,0.012621800373605385,0.022425070078343934,-0.12577575506826644,-0.2710944306681857,-0.6871212121212121,-0.6871212121212121,-0.69,-4.5,-1.4139307897071873,-0.17114914425427874,-1.5128998968008256,-1.6703672075149445,-0.4254742547425474,0.07105847520355302,-0.07473197393315123,-0.005420054200541924,-0.11111111111111105,-0.35731414868105527,-0.09015777610818942,0.10126582278481,-0.12408088235294112,-0.003030303030303161,0.0,-0.037525773195876244
1997-06-30,0.05629228687415422,0.05753012048192763,0.043077229894799896,0.05799648506151134,0.18173213440605784,0.1263332107392423,1.305084745762712,1.305084745762712,1.32258064516129,-4.5,-1.3215434083601285,0.35398230088495586,-1.0067069081153588,-1.132484076433121,0.09811320754716979,0.07671043538355216,-0.07473197393315123,0.0027247956403269047,0.17499999999999982,0.2111318407960201,0.0631709331131296,0.09195402298850563,0.11857292759706195,0.00911854103343468,-0.004484304932735328,-0.0004284490145671782
1997-09-30,0.02745751131608154,0.043221304471660504,0.04158501027675543,0.03375415282392025,-0.09090909090909094,0.019918367346938748,-0.27941176470588236,-0.27941176470588236,-0.2777777777777777,-4.5,-0.395,-0.1938997821350763,23.6,-3.951923076923077,-0.2637457044673539,0.09563543003851094,-0.07473197393315123,-0.0027173913043476716,-0.08510638297872342,-0.06752246469833123,0.06058252427184452,0.08421052631578951,-0.11538461538461542,0.004518072289156461,-0.009009009009009028,0.009108444063437693
1997-12-31,-0.055359295124890906,-0.08265647396082176,-0.08774264604653292,-0.12848695205039207,0.2555066079295154,0.2145029614214824,0.9489795918367347,0.9489795918367347,0.9423076923076923,-4.5,10.179063360881543,0.5756756756756756,10.678861788617887,-2.8306188925081432,0.6557759626604434,-0.03104862331575875,-0.07473197393315123,-0.0006811989100818927,0.2558139534883721,0.05919603524229067,-0.04979860856828999,0.06796116504854366,0.3297985153764582,0.0,0.0,0.052564510990761315
1998-03-31,0.015266839720181169,0.020610119047619113,0.06474168720760609,0.020576738697544172,-0.3298245614035088,-0.2201133517859496,-1.231862378459237,-1.231862378459237,-1.2376237623762376,-4.5,-1.3324297683587973,-0.5608919382504288,-1.367908109989558,-2.0160142348754446,-0.4023960535588442,0.037484885126964906,-0.07473197393315123,-0.22085889570552142,-0.33333333333333337,-0.17390174161684424,0.03314065510597297,0.08181818181818179,-0.3397129186602872,-0.2278860569715142,0.009090909090909038,0.00010088781275219283
1998-06-30,0.009577049748656696,-0.006415396952686447,-0.006614381555324567,-0.013007660066483573,0.18900523560209415,0.0539124556363022,-4.593548387096774,-4.593548387096774,-4.541666666666666,-4.5,-1.5100074128984433,0.671875,-1.250709555345317,-1.0560420315236427,0.037735849056603765,0.18648018648018638,-0.07473197393315123,0.06211723534558167,0.19444444444444442,0.7797356828193833,0.5113763521074228,0.0672268907563025,0.1775362318840581,0.056310679611650594,0.0045045045045044585,0.006657923938262922
1998-09-30,0.057861527235266275,0.07960965588084234,0.07524017882621514,0.10850783423634502,-0.1030383091149274,-0.011225144323284142,-0.6274685816876122,-0.6274685816876122,-0.8117647058823529,-0.8095238095238095,-0.23691860465116277,-0.16121495327102808,-0.6377358490566039,1.875,0.1045454545454545,-0.1488212180746562,-0.07473197393315123,-0.10131795716639203,-0.11627906976744184,-0.2874823196605376,-0.19693978282329727,0.07086614173228356,-0.15179487179487183,-0.09375,-0.008968609865470878,-0.02605471490129274
1998-12-31,-0.012578616352201255,-0.08835123012097323,-0.049716914366595866,-0.12186261558784672,0.39960726558664694,0.2560006487187805,2.5686746987951805,2.5686746987951805,2.5000000000000004,2.5000000000000004,5.438095238095238,1.1727019498607243,25.322916666666668,-0.08695652173913049,0.08641975308641969,0.038661281015579974,-0.07473197393315123,0.03849679193400535,0.42105263157894735,0.17543424317617862,0.14658881376767074,0.0588235294117645,0.4171704957678357,0.05070993914807298,-0.009049773755656076,0.038172651507356825
1999-03-31,-0.018409697965892757,-0.0026092142537647023,0.06781791100353751,0.11342610003760822,-0.668186601192564,-0.21040738588675834,-1.424713031735314,-1.424713031735314,-1.4285714285714284,-1.4285714285714284,-1.2257396449704143,-0.5807692307692307,-1.626830233478433,2.9642857142857144,0.31534090909090917,0.17388888888888876,-0.07473197393315123,-0.12621359223300965,-0.6666666666666667,-0.17394975723031447,0.11042615920664689,0.0625,-0.6621160409556314,-0.12548262548262545,-0.004566210045662045,-0.10426164519326075
1999-06-30,-0.013187089211705083,-0.04133343299200243,-0.018918094241750616,-0.027764642302236076,0.12579281183932345,0.03614063777596077,-2.899841017488076,-2.899841017488076,-2.916666666666667,-2.875,-2.0982961992136304,0.4220183486238531,-1.6376262626262625,-2.954954954954955,-0.468682505399568,0.24846190250828215,-0.07473197393315123,0.03131313131313118,0.11111111111111116,2.745463838487094,0.4149167270094134,0.05882352941176472,0.14141414141414121,0.030905077262693093,0.004587155963302614,-0.0139411374197832
1999-09-30,0.06507721024944857,0.09020739123655086,0.0953925445416981,0.1469566425792106,-0.5755868544600939,-0.005918560606060552,-0.2627615062761506,-0.2627615062761506,-0.26086956521739124,-0.24444444444444446,-0.09665871121718372,0.09892473118279566,-1.0554455445544555,-1.4224270353302613,0.37262872628726296,-0.22896133434420007,-0.07473197393315123,0.1841332027424094,-0.55,-0.3060862445414847,-0.25383828045035817,0.05555555555555536,-0.6017699115044248,0.18415417558886515,0.0,-0.04948384201077205
1999-12-31,0.0008762845534930896,-0.043266824000572135,0.1903545063681349,0.03762040346519657,-10.334070796460177,0.2526792093355561,0.6106696935300795,0.6106696935300795,0.7058823529411762,0.6764705882352939,3.7859973579920743,0.461839530332681,-47.732142857142854,-0.41454545454545455,0.15893385982231,-0.25417895771878074,-0.07473197393315123,-0.02977667493796521,-10.88888888888889,0.6574237954768929,-0.3751714677640604,0.05263157894736836,0.0,-0.027124773960217063,-0.004566210045662045,-0.07791287923503709
2000-03-31,0.012695001591849664,0.02623710569591875,0.00994990970116194,0.017223260158804266,-0.006399620763213987,-0.1655893536121673,-0.5503875968992248,-0.5503875968992248,-0.5344827586206896,-0.5263157894736841,-1.4131934860612752,-0.6198125836680053,-1.604508979747803,-2.559006211180124,-0.21379897785349233,-0.01516150296638108,-0.07473197393315123,0.42028985507246364,-0.011235955056179803,0.0,-0.023783388218075352,0.05555555555555558,0.0,0.4163568773234201,0.0,0.008833696069645347
2000-06-30,0.012653750933312446,0.015296088571636668,-0.005195856810283783,-0.23600987200826495,-0.11354961832061072,0.06053011316169221,0.9655172413793103,0.9655172413793103,0.962962962962963,0.9259259259259258,-1.7595190380761523,0.5492957746478873,-1.5278128950695322,-0.3466135458167331,-0.1776814734561214,0.2195448460508702,-0.07473197393315123,-0.007803121248499356,-0.11363636363636365,0.0,-0.16191904047976013,0.047368421052631726,0.0,-0.009186351706036877,0.004587155963302614,0.3289340101522842
2000-09-30,0.05339749311187858,0.07970442642944264,0.03574698999491277,0.07783036586282033,-0.08665231431646936,-0.03645087367516475,-0.26315789473684215,-0.26315789473684215,-0.26415094339622647,-0.2692307692307693,-0.6912928759894459,0.1227272727272728,-1.4862275449101796,-2.1036585365853657,0.23847167325428198,0.08397365532381995,-0.07473197393315123,-0.009679370840895318,-0.08974358974358987,0.0,0.03935599284436497,0.045226130653266416,0.0,-0.005298013245033095,-0.004566210045662045,0.001718869365928466
2000-12-31,0.035660342604531214,0.027043189368770815,-0.00383116670486916,-0.052554541019028345,-0.31968179139658215,0.23671497584541057,1.1374458874458875,1.1374458874458875,1.1025641025641022,1.1578947368421053,8.253561253561253,0.334008097165992,-6.770935960591133,0.5856353591160222,0.3053191489361702,0.11291139240506332,-0.07473197393315123,0.09957238851557726,-0.3098591549295775,0.0,0.08691910499139421,0.04807692307692313,0.0,0.11451398135818902,-0.013761467889908396,0.0839847473784554
2001-03-31,-0.022978693131291528,-0.05279161544931099,-0.01857208599040172,-0.05164422864709772,0.03508012126461679,-0.1844951923076923,-0.5863291139240506,-0.5863291139240506,-0.5853658536585366,-0.5853658536585366,-0.7903325123152709,-0.5250379362670714,-0.7358087921468204,-2.052264808362369,-0.24612876935615324,-0.019108280254777177,-0.07473197393315123,0.017777777777777892,0.020408163265306145,0.0,-0.14212193190815514,0.041284403669724634,0.0,0.029868578255675127,-0.013953488372092981,-0.0011432591680591297
2001-06-30,0.027742381767211555,0.05662181544976441,-0.0022105368925210422,0.030951826855946107,-0.3464435146443514,0.08120854826823876,0.6878824969400246,0.6878824969400246,0.7058823529411762,0.6764705882352939,1.4361233480176212,0.14696485623003186,0.10662358642972536,-2.960264900662252,0.6399999999999999,-0.028293135435992545,-0.07473197393315123,0.0027292576419213344,-0.33999999999999997,0.0,-0.06137517305030005,0.04405286343612347,0.0,0.012761020881670637,-0.009433962264150941,0.024828314844162813
2001-09-30,0.047752311452761376,0.07634130575307041,0.03212379577724822,-0.01820917983446202,-0.25032010243277847,-0.031215921483097042,-0.1689630166787527,-0.1689630166787527,-0.15517241379310343,-0.1578947368421052,-0.3104279686558168,-0.0919220055710307,-0.2525547445255475,-0.43581081081081086,0.22017139090309823,0.09928400954653949,-0.07473197393315123,0.02123026673924877,-0.24242424242424243,0.0,0.07325467059980317,0.03797468354430378,0.0,0.030927835051546282,-0.00952380952380949,0.0963058419243985
2001-12-31,0.07941981945430565,0.13452645486757553,0.06273578769350863,0.11971183323114643,-0.35866780529461995,0.23448712536935412,-0.03664921465968585,-0.03664921465968585,-0.04081632653061229,-0.04166666666666663,2.5533216783216783,0.6042944785276074,-0.6015625,8.682634730538922,1.7471636952998377,0.009118541033434457,-0.07473197393315123,-0.19136460554370993,-0.36,0.0,-0.036646816307833174,0.04065040650406515,0.0,-0.17666666666666664,-0.014423076923077094,0.013243476216597605
2002-03-31,-0.043757439077867555,-0.050235561907786774,-0.04168069284206022,-0.08672142368240932,0.046604527296937315,-0.2114891434433236,-0.12771739130434778,-0.12771739130434778,-0.12765957446808507,-0.13043478260869568,-1.1414514145141452,-0.7074569789674952,2.803921568627451,-1.4817563388991961,-0.3063913470993117,0.07271944922547346,-0.07473197393315123,0.006591957811469928,0.0625,0.0,0.2815026153114597,0.0390625,0.0,0.028340080971660075,-0.024390243902438935,0.039984532095900915
2002-06-30,0.024566805332634445,0.023575967004793252,0.011528021714833248,-0.019560818406655134,-0.4949109414758269,0.10378722174038746,0.6095534787123573,0.6095534787123573,0.6097560975609757,0.5999999999999999,-4.565217391304348,1.1111111111111112,0.16752577319587636,-1.4922978177150192,0.2174652679330875,0.044524669073405576,-0.07473197393315123,0.011787819253438192,-0.5294117647058824,0.0,0.011873840445268957,0.037593984962405846,0.0,0.027559055118110187,-0.015000000000000013,0.043950323492228716
2002-09-30,0.019022347261741013,-0.005989654233596542,0.02598181588584425,0.028359578046170286,0.5743073047858942,-0.041775798847564216,-0.4174193548387096,-0.4174193548387096,-0.4242424242424243,-0.40625,-0.8243902439024391,-0.19814241486068107,-0.04304635761589404,-2.084745762711864,-0.1937587331159758,-0.07488479262672809,-0.07473197393315123,-0.06860841423948216,0.625,0.0,-0.10781078107810782,0.03623188405797095,0.0,-0.05874840357598965,-0.010152284263959421,-0.033409317566604924
2002-12-31,0.04395432013553369,0.12199397425362912,0.06317117449767684,0.46844569984390105,1.0432000000000001,0.2669810031433648,1.1373200442967883,1.1373200442967883,1.1315789473684212,1.3157894736842106,9.608333333333333,0.9111969111969112,-0.11303344867358711,-4.132211538461538,0.7527440785673021,0.043586550435865457,-0.07473197393315123,0.17025712300208484,1.076923076923077,0.0,0.09905466502260585,0.034965034965035,0.0,0.16417910447761197,0.00512820512820511,-0.23590537254034938
2003-03-31,-0.031404958677686,-0.04521042866907532,-0.034440842787682335,-0.04459630473297904,-0.11354737666405634,-0.20101396904158353,-0.4875647668393782,-0.4875647668393782,-0.4814814814814815,-0.5227272727272727,-1.1044776119402986,-0.5232323232323233,0.1664499349804942,-1.591327705295472,-0.253955174686882,0.0632458233890214,-0.07473197393315123,-0.008313539192398967,-0.11111111111111116,0.0,-0.13089005235602091,0.03378378378378377,0.0,-0.010489510489510412,0.005102040816326481,-0.0006751543209875255
2003-06-30,0.11625814458578954,0.16102474943751277,0.06639290210419047,-0.0737522517749285,-1.353356890459364,0.11786148238153094,0.7340748230535894,0.7340748230535894,0.7380952380952381,0.6904761904761905,-4.842105263157895,0.9364406779661016,-3.130434782608696,-2.99935107073329,0.6805831676607024,0.1212121212121211,-0.07473197393315123,-0.005389221556886259,-1.3333333333333335,0.0,0.11187607573149738,0.035947712418300526,-0.3833333333333333,0.010600706713780994,-0.015228426395939132,0.25354695492713053
2003-09-30,-0.06531950968674427,-0.10306099977978422,-0.10734463276836159,-0.21879647637570077,3.6725000000000003,-0.0160628019323672,-0.22390670553935865,-0.22390670553935865,-0.23287671232876705,-0.21126760563380276,-0.27201565557729945,0.09846827133479219,-3.271062271062271,-2.2210321324245372,-0.49447949526813884,0.06940273606940273,-0.07473197393315123,0.06321493076459972,4.0,1.3767204556241102,0.03792569659442724,0.03154574132492116,4.0090090090090085,0.05011655011655014,0.010309278350515427,0.148136741607638
2003-12-31,0.05935706426383569,0.09310090842131102,0.004786195604257193,0.1625540016108955,0.9866238630283575,0.29446421995826677,0.9631855747558227,0.9631855747558227,0.9821428571428572,0.9642857142857142,3.6621863799283156,0.1733067729083666,-0.6246543778801843,-1.8224348750664539,0.8044721788871554,0.022776911076443085,-0.07473197393315123,0.09569648924122309,0.9750000000000001,-0.7954420647995607,-0.048844146159582325,0.03363914373088672,0.8741007194244605,0.07325194228634846,0.020408163265306145,-0.059750536480686844
2004-03-31,-0.016646548578165832,-0.034859170747046364,-0.033688498903165165,-0.06027587075644014,0.1298141664422301,-0.15863834629243312,-0.43321852277076156,-0.43321852277076156,-0.43243243243243246,-0.4363636363636364,-1.0226792235248894,-0.6621392190152802,-0.4407612031921424,-1.4266321913380737,-0.19020172910662825,0.04881025015253204,-0.07473197393315123,0.052196382428940646,0.12658227848101267,-0.4689444783404515,-0.03371226969815766,0.041420118343195256,0.14971209213051817,0.02998965873836612,0.020000000000000018,0.027030882248056498
2004-06-30,0.03759634598915218,0.04282057249243665,-0.014172206907734686,0.021916890080428963,0.41811680572109644,0.05167361658965408,0.5685347738014854,0.5685347738014854,-0.2222222222222222,-0.20967741935483875,-21.322033898305083,4.256281407035176,-0.4149286498353457,-1.6053030303030305,0.14217081850533808,0.22018615474112857,-0.07473197393315123,0.0825147347740669,0.4157303370786516,0.08295036764705888,0.13833671399594327,0.03977272727272729,0.3664440734557597,0.054216867469879526,0.02941176470588247,0.020486111111111205
2004-09-30,0.05513522436514706,0.06284311537603204,0.028390025659582818,0.05319079163114049,0.19179694066229613,-0.03220275411241491,-0.2384847180370211,-0.2384847180370211,-0.24489795918367352,-0.24489795918367352,-0.4174311926605505,-0.24282982791586993,0.9624765478424016,-1.4317897371714643,-0.05374668951550088,0.05363528009535168,-0.07473197393315123,0.022232304900181354,0.19047619047619047,-0.2556757903670699,-0.03349964362081248,0.0382513661202184,0.129505192425168,0.03142857142857136,-0.00952380952380949,0.00911874787342648
2004-12-31,0.08161456024614733,0.052534329987821815,0.022967915293816477,-0.05000622742558225,0.3401974612129761,0.27377920496069086,0.6325607687959298,0.6325607687959298,0.6486486486486487,0.6216216216216215,2.6857551896921974,-0.04419191919191923,2.040152963671128,-5.701449275362319,0.2670398419492921,-0.0900452488687784,-0.07473197393315123,-0.0066577896138482195,0.3466666666666667,-0.23574686431014824,-0.1379056047197641,0.03684210526315801,0.2390481341265549,0.008310249307479367,-0.014423076923077094,0.10796412435093394
2005-03-31,0.015356428244256426,0.03850143632301317,0.006535538947434194,0.07361520812848243,0.045043148810776756,-0.18237927587256053,-0.40443213296398894,-0.40443213296398894,-0.4098360655737705,-0.4,-1.0170906972227618,-0.6050198150594452,-1.2657232704402515,-0.8618988902589396,0.029106029106028997,0.03132769766285426,-0.07473197393315123,-0.01787310098302053,0.03960396039603964,-0.23424095486758667,0.0025662959794696683,0.04060913705583746,0.02924487123526842,0.0146520146520146,-0.03414634146341455,-0.032684114424832655
2005-06-30,0.02713804074267534,0.03204118483230234,-0.0214676276873369,-0.025766271828062015,0.18469284994964763,0.054861517197384524,0.9104651162790698,0.9104651162790698,0.9444444444444444,0.9166666666666665,-28.545454545454547,1.020066889632107,-1.996449704142012,2.9330357142857144,0.11123737373737375,-0.027724204435872646,-0.07473197393315123,0.06460418562329395,0.19047619047619047,-0.0647832440331223,-0.05460750853242324,0.04146341463414638,0.15309584393553854,0.09386281588447654,-0.025252525252525304,0.05933429811866864
2005-09-30,0.07191234599292673,0.10843911700107944,0.19033558751627133,0.4223489596390073,-0.245154709282557,-0.0495388802096457,-0.5015216068167985,-0.5015216068167985,-0.5,-0.49275362318840576,-0.43853135313531355,-0.06622516556291391,-1.2909738717339667,0.19863791146424514,0.11998636518577444,-0.2025787255145054,-0.07473197393315123,-0.059401709401709524,-0.22399999999999998,-0.3302083333333333,-0.2815884476534296,0.0374707259953162,-0.2956969474071349,-0.02310231023102305,-0.03626943005181338,-0.22071751009741036
2005-12-31,0.027193133787630552,-0.019042181622783483,0.058652512536007784,0.10226922229565982,-0.1056306306306306,0.27158006362672316,0.11843711843711846,0.11843711843711846,0.17142857142857149,0.17142857142857149,2.8633357825128583,2.482269503546099,-11.26530612244898,-0.3087121212121212,0.07405904433397592,-0.15796019900497504,-0.07473197393315123,-0.141299409359382,-0.09278350515463918,0.0855365474339036,-0.14949748743718594,0.038374717832957206,-0.1295039164490862,-0.12162162162162171,-0.021505376344086002,-0.11006097560975603
2006-03-31,0.03373711502529764,0.054674928960251945,0.05248041117633728,-0.11204828909497921,-0.05993452530848653,-0.164706863480944,-0.6932314410480349,-0.6932314410480349,-0.7073170731707317,-0.7073170731707317,-0.8081019399011031,-0.8905295315682281,-1.108151093439364,0.36027397260273974,0.09379427599886658,0.09342688330871507,-0.0777007838236965,-0.1698412698412698,-0.05681818181818188,0.2048710601719197,0.20827178729689821,0.039130434782608914,-0.09058188362327524,-0.14903846153846156,-0.027472527472527486,0.1877355258650224
2006-06-30,0.04313566206336317,-0.010517431669155308,-0.011059510700435649,-0.00837347499212171,0.3463702116260381,0.0380890575079873,1.685053380782918,1.685053380782918,1.8333333333333335,1.7500000000000004,0.8681863230921705,1.1116279069767443,-7.845588235294118,-1.4380664652567976,-0.03756476683937826,0.06011482607227303,-0.20507451656607956,-0.27405991077119185,0.35542168674698793,0.12425683709869206,0.22188264058679708,0.03556485355648542,0.2908970976253298,-0.2519774011299435,-0.02824858757062154,-0.0021632535333141467
2006-09-30,0.039327155205980846,0.061872580539334754,0.0542941518202944,0.10759522404321964,-0.02218463987266217,-0.010050492906948816,-0.4274353876739563,-0.4274353876739563,-0.4411764705882353,-0.4242424242424243,-0.2090185676392573,0.5044052863436124,-0.3990332975295381,-0.7310344827586207,-0.010497981157469694,-0.05638738451736225,-0.1628447474434459,-0.1694468832309043,-0.01777777777777778,-0.30407191961924906,0.2246123061530767,0.036363636363636376,-0.05927439959121106,-0.1570996978851963,-0.01744186046511631,-0.04126318832201181
2006-12-31,-0.01876966881462605,0.030153237765694563,0.02119159683159233,0.04525146534409963,-0.1958490182114152,0.273972602739726,1.1307870370370372,1.1307870370370372,1.2105263157894735,1.2105263157894735,1.398390342052314,0.0644216691068813,0.9615728328865059,-9.213675213675213,0.08714182081973165,0.06752194463200545,0.002961317786414952,-0.02114164904862581,-0.19004524886877827,0.08738601823708203,0.2299836601307188,0.0350877192982455,-0.18033677349266708,-0.023297491039426577,0.00591715976331364,-0.01439662320042201
2007-03-31,0.005192623420258835,-2.999040307105627e-05,0.010184810468096606,0.003215560174110843,-0.022899797570850255,-0.1667429268664684,-0.18522542096686578,-0.18522542096686578,-0.19047619047619035,-0.19047619047619035,-1.4477069351230425,-0.4415405777166438,-1.5471526195899772,-1.7991675338189386,-0.06405872049378603,0.14927261227071487,0.18785753829119756,0.17710583153347725,-0.016759776536312887,0.4185883997204751,0.13849219528395884,0.033898305084745894,-0.027833001988071593,0.17247706422018338,0.00588235294117645,-0.0032884674212299014
2007-06-30,-0.02239146123751279,-0.04744624059022884,0.006654648238409999,0.0022671305163586286,-0.1913764081315551,0.06566604127579745,-0.2486666666666667,-0.2486666666666667,-0.23529411764705888,-0.23529411764705888,-1.9943785134291068,0.3275862068965518,-3.8701082431307245,1.84765625,-0.19490241511451745,0.07292239955971369,0.04520739474910651,-0.0678899082568808,-0.18181818181818188,0.09113300492610832,-0.11143523920653442,0.03460837887067392,-0.17314246762099517,-0.0923317683881063,0.023391812865497075,-0.049566485076344646
2007-09-30,0.06469159786304024,0.09014199804792034,0.07534822020782661,0.12881712881712892,-0.012489991993594907,0.00871693576090693,0.23425022182786148,0.23425022182786148,0.23076923076923084,0.23076923076923084,-0.5992462311557789,0.025974025974025983,-0.7449956483899043,-0.7123914037494284,-0.06962585787026787,-0.06899204924339586,0.2422711058263971,0.0915354330708662,0.0,0.13814898419864563,-0.015101772816808912,0.03169014084507049,-0.07254740313272878,0.06551724137931036,0.028571428571428692,-0.034310163881488664
2007-12-31,0.04300702490648667,0.015307301293900233,0.028948558740079733,0.05493366500829189,0.15388357386087237,0.3092248095015113,-0.07332854061826022,-0.07332854061826022,-0.0625,-0.09375000000000011,7.258620689655173,1.484629294755877,2.2377701934015928,-2.9538950715421306,0.14622248661511006,0.08044077134986227,-0.06795884182818857,-0.11451758340847618,0.15972222222222232,0.08052360174533901,-0.024333333333333318,0.03242320819112621,0.10666666666666669,-0.13592233009708732,0.022222222222222143,-0.037535529175723115
2008-03-31,0.026136244358140104,0.01749445297832386,-0.0019781800743315925,-0.17036745922578111,0.22386172006745353,-0.18657128922126487,0.43289371605896054,0.43289371605896054,0.43333333333333335,0.48275862068965525,-1.0778136268741696,-0.5735080058224162,-0.9286718200983837,-1.5760781122864116,-0.07348972389454012,-0.04436511983681801,0.028112965340179707,0.03665987780040747,0.221556886227545,-0.17621145374449332,0.058421592073795825,0.03305785123966953,0.19277108433734935,0.03183520599250933,0.005434782608695565,0.22643967688699718
2008-06-30,0.03575081833060567,0.04548631496547295,0.005926281858770199,0.014132322753829252,0.20679756573659436,0.09369628652516293,0.27558202490525185,0.27558202490525185,0.2790697674418605,0.2790697674418605,-6.204878048780488,0.2372013651877134,3.359605911330049,-1.9562146892655368,0.07584584360295765,0.020277481323372593,0.05768510425771001,0.1689587426326129,0.21078431372549034,-0.1644385026737969,-0.05035506778566812,0.03200000000000003,0.164983164983165,0.1724137931034484,-0.005405405405405461,0.03094900849858373
2008-09-30,0.008773229305548691,0.017836132206653144,0.008976374818382649,0.030712339431685498,0.007802093244529074,-0.033405211797814416,-0.055178268251273366,-0.055178268251273366,-0.054545454545454564,-0.054545454545454564,-0.3894095595126523,0.8275862068965518,-1.7129943502824858,-0.9010339734121122,0.006976986358429693,0.05020920502092041,-0.013103529689528992,0.09075630252100853,0.004048582995951344,-0.13279999999999992,-0.141400407885792,0.03100775193798455,-0.0011560693641616826,0.08978328173374606,0.0,-0.012502576080236305
2008-12-31,-0.008909049375061207,-0.06552294879541809,0.06503728251864116,0.09981494769439925,-0.36282099697885195,0.061594887888985594,0.04402515723270439,0.04402515723270439,0.05769230769230771,0.03846153846153855,2.4182655410590943,0.05509433962264154,-2.5182250396196513,19.55223880597015,0.1423991726990692,-0.2579681274900397,0.1455741626794258,0.11710323574730341,-0.3629032258064516,-0.2607626076260764,-0.3408551068883612,0.03007518796992481,-0.35706018518518523,0.1633522727272727,-0.03804347826086962,-0.15033043478260866
2009-03-31,0.0678959499506091,0.13849138294582364,0.08168028004667449,-0.11468992514250398,-0.09408801303896874,-0.223607351474569,-0.4952667814113597,-0.4952667814113597,-0.509090909090909,-0.5,-1.136281993713516,-0.9721030042918455,-7.140918580375783,2.6143790849673203,0.4505295555354394,-0.3238255033557048,-0.006473843583585603,-0.09999999999999987,-0.09493670886075956,0.06073211314475868,-0.4066066066066065,0.03065693430656924,-0.15121512151215133,-0.04884004884004889,-0.05649717514124297,0.2859832978549206
2009-06-30,-0.02606993093241239,-0.050796394616619334,-0.065974897690108,-0.13280583352726705,0.3478900883218843,0.13326910725754648,-0.2932651321398124,-0.2932651321398124,-0.2962962962962963,-0.2962962962962963,-3.242174629324547,7.128205128205128,-1.8966513683494814,-1.7663250954390195,-0.23801797304043937,0.16526054590570727,-0.13095112979506052,-0.19693486590038312,0.3496503496503496,0.2878431372549022,0.2641700404858298,0.02974504249291776,0.3838812301166492,-0.16688061617458283,-0.029940119760478945,0.09454383395938115
2009-09-30,0.06619916736580511,0.0918362037566991,0.034025078829654554,0.06619554521871374,0.27824293168304814,0.03278953973201637,0.8841978287092882,0.8841978287092882,0.894736842105263,0.894736842105263,0.2615723732549595,0.8675078864353312,-0.9143127962085308,-1.1898269533298373,0.059295659295659275,0.25809199318569,-0.09977022614584596,-0.12213740458015276,0.27979274611398974,-0.06760048721071865,0.5556445156124898,0.028885832187070193,0.19846743295019165,-0.09399075500770415,-0.03703703703703709,0.024080967892042837
2009-12-31,0.014430999925766352,-0.0017870758673275144,-0.02132827459045461,-0.0457253125262187,0.2080880956901463,0.24697213185434874,0.7247119078104993,0.7247119078104993,0.75,0.7777777777777779,2.1153174140943505,1.0962837837837838,7.349557522123893,-0.7486187845303867,0.014071439616514692,0.14353419092755604,-0.10599140247178929,0.03152173913043477,0.2064777327935221,-0.1064663618549968,0.2784354091610912,0.02807486631016043,0.19117647058823506,0.025510204081632626,0.0064102564102563875,0.04600704305350445
2010-03-31,-0.0020782413979831826,-0.07693409400138451,0.0023731454140323294,0.23316335502022145,-0.022395096652522373,-0.2171999748538379,-0.8422420193021529,-0.8422420193021529,-0.8412698412698413,-0.84375,-0.9680314077397645,0.5954875100725221,-1.0837307896131425,-11.368131868131869,-0.14387008234217746,-0.06216696269982247,-0.24628099173553708,-0.1306638566912539,-0.02684563758389269,-0.2229532163742689,-0.12640901771336555,0.02860858257477239,-0.020397208803005884,-0.14593698175787728,0.019108280254777066,-0.25146611642050387
2010-06-30,-0.013683361443132647,-0.03656581329195763,-0.021524615050965035,-0.054470269499500956,0.018567639257294433,0.07553003533568914,2.9435294117647057,2.9435294117647057,2.9,2.9,12.099415204678362,-0.6393939393939394,-8.952531645569621,-0.26444091149973503,-0.12360851366996173,-0.045454545454545525,0.048046251993620226,0.13696969696969674,0.017241379310344973,-0.018814675446848672,0.08018433179723505,0.027812895069532217,0.032328767123287694,0.1320388349514563,0.006250000000000089,0.01893362350380845
2010-09-30,0.1608874085529055,0.07180051535323173,0.15527973255019312,0.29313074950987783,0.19097222222222232,-0.007802874743326527,-0.005369928400954627,-0.005369928400954627,0.0,-0.02564102564102566,-0.5674107142857143,9.203081232492996,-2.824910465578989,0.027377521613832778,-0.14490397317345793,-0.019179894179894075,-0.0711432375879778,-0.02238805970149249,0.1932203389830507,-0.03643336529242558,-0.15059726962457343,0.027060270602705883,0.026008492569002062,0.006861063464837169,-0.03105590062111807,-0.17115192937491108
2010-12-31,0.008517778460907843,0.04788259748065404,-0.008585406407878748,-0.13807982740021574,0.09760137821362314,0.14249698976520175,0.3767246550689862,0.3767246550689862,0.33333333333333326,0.368421052631579,2.756449948400413,-0.9498970487302677,-1.0098124727431312,-3.373071528751753,0.40213903743315504,0.07956844234659477,-0.12512799508498873,-0.09487459105779716,0.09375,-0.09452736318407973,0.06529382219989954,0.026347305389221587,0.0884635281945163,-0.04940374787052815,-0.044871794871794934,0.21577048617076122
2011-03-31,0.0017018682449165823,-0.004612479984704709,-0.024769798906645546,-0.016101207590569322,0.10069423483247819,-0.13411059513223333,-0.3742919389978213,-0.3742919389978213,-0.3653846153846154,-0.3653846153846154,-1.0868131868131867,0.2904109589041095,21.955555555555556,-1.4864066193853427,-0.139503347741334,-0.12086196127420379,0.058754681647940066,0.12530120481927698,0.10129870129870122,-0.19670329670329667,-0.04526166902404527,0.02683780630105015,0.09885931558935357,0.1523297491039426,-0.02684563758389269,0.011657481983891493
2011-06-30,0.029123505470958877,0.02881152460984393,0.005126085159156579,0.0036442396947089506,0.11023967531399115,0.08645544102544589,0.43593314763231206,0.43593314763231206,0.45454545454545436,0.4242424242424241,-4.791139240506329,1.3842887473460723,-0.8102613746369797,-0.9738760631834751,-0.0042352014183000275,0.03232682060390757,-0.059252708379394226,0.008565310492505418,0.10849056603773577,-0.06292749658002739,-0.114074074074074,0.026136363636363402,0.07871972318339115,0.03732503888024885,-0.02758620689655178,0.02507158321111813
2011-09-30,-0.02924797949931013,-0.03355892648774794,-0.007041210825039057,-0.01620251430137365,-0.0963295954156993,-0.03290855622461841,-0.2036857419980601,-0.2036857419980601,-0.20833333333333326,-0.1914893617021276,0.21869782971619367,-0.7996438112199465,5.13265306122449,4.3023255813953485,-0.022551928783382746,-0.16551961459050235,-0.047003525264394774,-0.006369426751592355,-0.09574468085106391,-0.24671532846715327,-0.20512820512820518,0.025470653377630104,-0.06896551724137934,-0.01199400299850073,0.007092198581560183,-0.017645455784166764
2011-12-31,-0.018326268497601328,-0.010238578189896597,0.018904186755471564,0.006615598885793883,-0.14152954682118846,0.10183174051549382,-1.002436053593179,-1.002436053593179,-1.0263157894736843,-1.0,1.8876712328767122,2.8666666666666667,-0.6555740432612313,-12.267543859649123,0.2599676178911152,-0.17649484536082483,-0.30086313193588177,-0.3055555555555556,-0.1435294117647059,-0.08914728682170536,-0.1760168302945302,0.024838012958963374,-0.12575366063738147,-0.3095599393019727,0.007042253521126751,-0.016714057840349517
2012-03-31,0.006244343891402604,0.011003220454767204,-0.002926924452827717,0.09100657212037366,0.041836474783494726,-0.1538587902881362,-67.25,-67.25,-7.0,-inf,-1.0782732447817838,-0.5252873563218391,-1.3309178743961354,-1.1163876994939665,-0.024014135410810322,-0.07260891337005504,-0.2077601410934744,-0.22615384615384626,0.041208791208791284,0.08297872340425516,0.3353191489361702,0.02423603793466822,0.035467980295566415,-0.22417582417582416,0.0,-0.07335308224009018
2012-06-30,-0.010368352755258048,0.0022201307946621007,0.021494504060797892,-0.08978789512063667,-0.1302487623005929,0.006329113924050667,1.3245283018867924,1.3245283018867924,1.3333333333333335,1.3333333333333335,-3.2454545454545456,-0.0871670702179177,2.7737226277372264,-3.0468227424749164,0.050362080315997426,0.04265658747300205,-0.3054318788958148,-0.3558648111332008,-0.13192612137203164,0.0,0.3524537922243467,0.023662551440329027,-0.12131303520456704,-0.348441926345609,-0.013986013986013957,0.10108083422134273
2012-09-30,-0.0065692103964895,-0.0331077989935229,-0.012484833003384654,-0.032289525932634344,0.01988756148981019,-0.015742562796620008,-0.487012987012987,-0.487012987012987,-0.5,-0.5,1.408906882591093,0.12997347480106103,-7.328820116054159,-3.923202614379085,-0.14015982450642428,-0.1947177628171931,-0.4967948717948718,-0.5216049382716049,0.02127659574468077,-0.0707269155206286,0.2634307257304429,0.02311557788944718,0.027070925825663172,-0.517391304347826,-0.014184397163120588,-0.0008295313148072303
2012-12-31,-0.03521955044432823,-0.021590795896005543,-0.005852491350599842,-0.026491973220070575,-0.16137256253014542,0.1757026931671175,-6.132911392405063,-6.132911392405063,-6.285714285714286,-6.285714285714286,0.8851540616246498,1.1619718309859155,-0.5736552567237163,-1.626607043040805,0.10214123006833709,0.003215434083601254,-1.3783439490445861,-1.3612903225806452,-0.1607142857142857,-0.019027484143763318,1.1551659828422234,0.005893909626719207,-0.13073273589878764,0.0,0.007194244604316502,0.005050505050505194
2013-03-31,0.025899085675584077,0.07729898953905678,0.03732192805568202,0.07498336168010056,-0.03220770684413765,-0.17185155546664,-0.9155363748458692,-0.9155363748458692,-0.9189189189189189,-0.9189189189189189,-1.3533432392273403,-0.6102062975027145,-4.549820788530466,1.487065120428189,0.2304894179894179,0.15833333333333344,1.1144781144781142,0.9464285714285714,-0.03546099290780125,0.38146551724137945,0.0,0.005859375,-0.05700424499696777,0.0,0.0,0.002133957458525515
2013-06-30,-0.11730065885894614,-0.18185039928176538,-0.12955617915876272,-0.2500859874802229,-0.052296459801341344,0.010146152917019036,-3.3284671532846715,-3.3284671532846715,-3.3333333333333335,-3.3333333333333335,-2.582001682085786,0.1504178272980501,-2.489297253634895,-3.188307030129125,-0.40990325181402854,0.2302158273381294,0.4426751592356688,0.4036697247706422,-0.05514705882352955,0.27457098283931347,0.0,0.005825242718446422,0.07395498392282973,0.0,0.028571428571428692,0.09101524934743788
2013-09-30,-0.02348436121041686,-0.008923156891622597,-0.027304000144084406,-0.011695638214924586,-0.00447908268386632,-0.07413607557096735,-1.1724137931034484,-1.1724137931034484,-1.1428571428571428,-1.1428571428571428,-0.8771929824561404,-2.016949152542373,-0.8127457627118644,-0.8852647107031634,-0.079699419332802,-0.031039136302294268,0.42825607064017657,0.3856209150326797,-0.0038910505836574627,0.025703794369645205,0.0,0.005791505791505891,0.019161676646706427,0.0,0.01388888888888884,0.002770257508027507
2013-12-31,-0.005514452460824382,0.013723776223776296,-0.006647286462865942,0.03977167254501568,-0.0010798164312066927,0.13629514830599687,11.563636363636364,11.563636363636364,15.0,15.0,18.19047619047619,-2.2714285714285714,-0.36640115858073863,-5.28,0.37065445997773105,-0.08820798514391825,-0.6136012364760433,-0.6084905660377358,0.0,-0.08472553699284024,0.0,0.0057581573896352545,0.004700352526439522,0.0,0.0,-0.02505179883217179
2014-03-31,-0.06275125918395641,-0.120088528642465,-0.03940501043841338,-0.0646730640482035,-0.1752094405909378,-0.17272210645955677,1.4356005788712012,1.4356005788712012,1.375,1.375,-1.2540040604556735,-0.50187265917603,-0.49942857142857144,-2.0440587449933245,-0.2823359508980955,-0.20162932790224042,2.9679999999999995,2.9397590361445785,-0.1757812500000001,-0.2007822685788787,0.0,0.005725190839694472,-0.11988304093567259,0.0,0.027397260273972712,-0.05924781040700666
2014-06-30,0.004979539515850728,-0.006794499069022963,0.00032987930298444823,0.005678564611567127,0.0299257317605941,0.0022897966660559987,-1.112893642305407,-1.112893642305407,-1.1052631578947367,-1.1052631578947367,-1.9369449378330375,0.09774436090225569,1.2511415525114153,-0.9437340153452686,-0.022135580430134527,-0.08864795918367352,0.10635080645161299,0.08562691131498457,0.028436018957346043,0.10440456769983686,0.0,0.00569259962049351,0.024584717607973428,0.0,-0.013333333333333308,-0.012390470974808276
2014-09-30,-0.004055468341182644,0.016082881105081492,0.00199802137688887,0.02163701067615653,-0.03637327677624602,-0.02302841999451699,3.810526315789474,3.810526315789474,4.25,4.25,0.25971563981042656,0.023972602739726012,-0.7454361054766734,-3.7556818181818183,0.062379421221864906,-0.04408677396780958,-0.40318906605922544,-0.4225352112676055,-0.03686635944700467,-0.07090103397341208,0.0,0.005660377358490676,-0.03242542153047989,0.0,0.0,-0.005406529423996664
2014-12-31,-0.09746486273479571,-0.04042856218035862,0.005052851666860203,-0.04918489619618227,-0.6810828656322219,0.09484613226078009,-4.6181619256017505,-4.6181619256017505,-4.571428571428571,-4.571428571428571,0.7607223476297968,-0.3511705685618729,1.043824701195219,1.7731958762886597,0.1628329297820823,-0.22767203513909218,2.8816793893129766,2.1853658536585363,-0.6794258373205742,-0.1971383147853737,0.0,0.0056285178236397115,-0.6467828418230563,0.0,0.006756756756756799,0.009199247334308991
2015-03-31,-0.11361155581429194,-0.125417439703154,-0.06393142637002791,-0.019734271199687403,-1.0110420979986197,-0.23357539513028625,-0.5545811914121561,-0.5545811914121561,-0.56,-0.56,-1.8465811965811967,0.23711340206185572,-0.2729044834307992,-3.1680297397769515,-0.303591879229568,-0.2142180094786731,0.0,-0.003062787136293932,-1.0149253731343284,1.4495049504950495,0.0,0.005597014925373012,0.0,0.0,0.006711409395973256,-0.10779642289897118
2015-06-30,0.023869630359378613,0.10413854283179691,0.013745987324059517,0.04021327486545734,-15.625,0.016274662802363116,-1.195519348268839,-1.195519348268839,-1.2121212121212122,-1.2121212121212122,-1.4452296819787986,0.04583333333333339,-0.14745308310991956,-1.1169410150891632,0.05097921961429219,-0.0699638118214716,0.0,0.02457757296466956,-12.0,0.0,0.0,0.005565862708719838,-0.8216318785578748,0.0,0.006666666666666599,0.06145510835913326
2015-09-30,-0.2433348033516417,-0.16666084465714182,-0.07780529392659952,-0.1734131736526946,-17.69871794871795,-0.085828671712186,-25.20138888888889,-25.20138888888889,-23.57142857142857,-23.57142857142857,-0.8503401360544218,-8.382470119521912,8.081761006289309,-4.390029325513197,-0.16443812233285915,-0.3605706874189365,0.0,2.592203898050975,-17.272727272727273,2.6232821341956347,0.0,0.005535055350553542,0.0,0.0,0.052980132450331174,0.008166836809100353
2015-12-31,0.02776379579834165,-0.01865358819584173,0.08646078668750423,0.2721529991306868,0.3695457453614843,-0.474473573699682,-0.5216642754662841,-0.5216642754662841,-0.5189873417721519,-0.5189873417721519,14.818181818181818,-0.9886670264436049,-0.6966759002770083,-1.8416955017301038,0.1656452162070139,-0.2900608519269776,0.0,0.09515859766277135,0.3743016759776536,0.0,0.0,0.005504587155963359,0.0,0.0,-0.1132075471698114,-0.22862722407059166
2016-03-31,-0.06454440005155304,-0.0561274614497459,-0.17648250572337365,-0.2687804655824336,-0.17892179762683358,0.4914383561643836,-0.5023995200959808,-0.5023995200959808,-0.5,-0.5,-2.131226053639847,-59.095238095238095,-5.976027397260274,-0.2929085303186023,0.10048196290346145,0.02571428571428558,0.0,0.09374999999999978,-0.18292682926829273,0.0,0.0,0.0,0.0,0.0,-0.014184397163120588,0.2908579465541492
2016-06-30,0.0024799537075308464,-0.0070145268588496235,-0.007232828183428408,-0.07040059809357668,-0.038461538461538436,0.09781859931113668,-1.1989150090415914,-1.1989150090415914,-1.1578947368421053,-1.1578947368421053,-1.1697713801862828,-0.8491803278688524,-1.0534526267492543,-1.1744186046511629,-0.015925680159256772,0.18941504178272983,0.0,0.08641114982578424,-0.03980099502487555,0.0,0.0,0.0,0.0,0.0,0.021582733812949728,0.06813394348805102
2016-09-30,0.0734999037959374,0.11270622550360043,0.051172126678891816,0.06453991019368677,-0.06627218934911239,-0.0177787073833926,0.09090909090909083,0.09090909090909083,0.16666666666666674,0.16666666666666674,-0.3965087281795511,0.19565217391304346,-7.721030042918455,-14.35,0.2160485502360081,0.1311475409836067,0.0,-0.6334188582424631,-0.06735751295336778,0.0,0.0,0.0,0.0,0.0,-0.05633802816901401,0.04529071744304658
2016-12-31,-0.12459352195621565,-0.18398525496620932,-0.10172328437728373,-0.06465625786955431,0.07477820025348536,0.11307495741056228,-1.2972222222222223,-1.2972222222222223,-1.5714285714285714,-1.5714285714285714,8.599173553719009,-0.32272727272727275,-3.759897828863346,-2.5436953807740323,-0.27425973161805484,0.23395445134575565,0.0,-0.741907261592301,0.07777777777777772,0.0,0.0,0.0,0.0,0.0,0.17164179104477606,-0.1275779064472058
2017-03-31,0.002135189680891436,-0.02178386789138187,-0.006823430610959469,-0.02342330214713606,-0.032429245283018826,-0.1498628913972323,2.411214953271028,2.411214953271028,1.5,1.5,-1.360309944037882,0.49664429530201337,-0.9877371587228135,-0.6182773958754549,-0.1442542787286064,-0.1493288590604026,0.0,-1.2067796610169492,-0.036082474226803996,0.0,0.0,0.0,0.0,-0.6576576576576576,0.019108280254777066,0.0016405667412378033
2017-06-30,0.012054170801470976,0.034019190312484016,0.018074199344678243,0.025225721965676406,0.03973187081048146,0.047108243942689976,0.24657534246575352,0.24657534246575352,0.19999999999999996,0.19999999999999996,-2.057347670250896,-0.18834080717488788,0.4528301886792452,-1.7817796610169492,0.1317857142857144,-0.1913214990138068,0.0,-3.622950819672131,0.03743315508021383,0.0,0.0,0.0,0.0,0.0,0.006250000000000089,0.008636092912447824
2017-09-30,0.014160057678442639,0.03835847558554972,0.002932931893687707,-0.010756302521008454,-0.03821357402414727,0.01568880292284547,-1.2747252747252746,-1.2747252747252746,-1.0833333333333333,-1.0833333333333333,-0.7435028248587571,-0.9392265193370166,-1.4155844155844157,-0.5934959349593496,0.047333543704638714,-0.25853658536585356,0.0,0.44999999999999996,-0.04123711340206182,0.0,0.0,0.0,0.0,0.0,0.024844720496894235,0.049601417183348095
2017-12-31,0.05155547972473418,0.06728793309438474,0.020884552677208124,0.05987088005436636,-0.1163924436319318,0.10650303286782337,6.32,6.32,20.0,20.0,9.3568281938326,24.545454545454547,2.0625,6.256666666666667,0.32796022898463395,-0.29934210526315796,0.0,-1.2672413793103448,-0.11290322580645173,0.0,0.0,0.0,0.0,0.0,-0.018181818181818077,0.007032348804500765
2018-03-31,-0.015549365856296848,-0.03752294810370305,-0.008010545528290391,0.12259553731726092,0.04317241379310355,-0.11174145843957162,-1.2218579234972677,-1.2218579234972677,-1.2857142857142856,-1.2857142857142856,-1.409612930667801,-0.039145907473309594,-0.9591836734693877,-1.5006890215893431,-0.12365286443562107,0.1784037558685445,0.0,0.7258064516129032,0.036363636363636376,0.0,0.0,0.0,0.0,0.736842105263158,-0.006172839506172867,-0.14266759776536309
2018-06-30,-0.15218107900230748,-0.17031867876250295,-0.10122150669528773,-0.20973269362577107,0.21499404998016658,-0.029852888410477174,0.7783251231527093,0.7783251231527093,0.5,0.5,-0.8920041536863967,-0.1518518518518519,-632.75,2.014678899082569,-0.42537216828478963,-0.10756972111553764,0.0,0.28037383177570097,0.2163742690058481,0.0,-0.030806507442021513,0.0,0.0,0.25757575757575757,0.01863354037267073,0.04993076484483194
2018-09-30,-0.003823224468636588,-0.005663339688235958,-0.03568280685792269,0.025007227522405362,-0.11807596038741974,0.05348028700347651,-4.171745152354571,-4.171745152354571,-3.3333333333333335,-3.3333333333333335,-4.6923076923076925,-0.03493449781659386,-0.9889196675900277,-1.0264759586122947,0.019599008785762484,-0.1250000000000001,0.0,2.233576642335766,-0.12019230769230771,0.0,-0.5,0.0,0.0,2.144578313253012,0.03658536585365857,-0.02994569433669525
2018-12-31,-0.0210108632017173,-0.006372300231207384,0.006810944686873377,0.05521083063037646,0.11611549851924985,-0.015798342929363884,-1.6777292576419214,-1.6777292576419214,-1.7619047619047619,-1.7619047619047619,3.192708333333333,-0.03167420814479638,17.5,8.632183908045977,0.18515245249668588,-0.07653061224489788,0.0,-1.1376975169300225,0.11475409836065564,0.0,-0.7607142857142857,0.0,0.0,0.0,0.0235294117647058,-0.05838131797824697
2019-03-31,-0.004152823920265836,-0.11038592508513057,0.0076141388701789214,0.18623454727697952,0.04875621890547266,-0.15324249126061207,-0.5786082474226804,-0.5786082474226804,-0.4375,-0.4375,-1.886335403726708,-2.196261682242991,-1.3474903474903475,-2.2577565632458234,-0.19649515287099184,0.3480662983425413,0.0,0.721311475409836,0.0490196078431373,0.0,0.0,0.0,0.0,0.0,0.011494252873563315,-0.2500424664515033
2019-06-30,-0.00877397831526272,-0.015183413078149965,-0.00491179120527796,-0.010421360973411398,0.0167615433270083,-0.010194624652456019,-0.4036697247706422,-0.4036697247706422,-0.33333333333333337,-0.33333333333333337,-1.017519271198318,-0.25,-2.561111111111111,-0.9772296015180265,-0.005568445475638062,0.360655737704918,0.0,-0.5142857142857142,0.01869158878504673,0.0,0.0,0.0,0.0,0.0,-0.022727272727272707,-0.004869762174405379
