Quarter end,Assets,Current Assets,Liabilities,Current Liabilities,Shareholders equity,Revenue,Earnings,Earnings available for common stockholders,EPS basic,EPS diluted,Cash from operating activities,Cash from investing activities,Cash from financing activities,Cash change during period,Cash at end of period,Price,ROE,ROA,Book value of equity per share,P/B ratio,P/E ratio,Cumulative dividends per share,Equity to assets ratio,Net margin,Asset turnover,Current ratio
1993-12-31,-0.003982930298719767,-0.0006784260515604323,-0.016168478260869534,-0.008864643709512454,0.02417582417582409,0.05608755129958953,0.0992366412213741,0.0992366412213741,0.1063829787234043,-0.6206896551724137,0.9921259842519685,0.12857142857142856,4.5,24.142857142857142,-0.014613778705636737,0.0077989601386483365,-0.005934718100890191,0.022435897435897356,0.022608695652173827,0.01980198019801982,0.10158949550794749,inf,0.02847682119205297,0.010954616588419563,0.0219780219780219,0.008224447834449755
1994-03-31,-0.003982930298719767,-0.0006784260515604323,-0.016168478260869534,-0.008864643709512454,0.02417582417582409,0.05608755129958953,0.0992366412213741,0.0992366412213741,0.1063829787234043,-0.6206896551724137,0.9921259842519685,0.12857142857142856,4.5,24.142857142857142,-0.014613778705636737,0.0077989601386483365,-0.005934718100890191,0.022435897435897356,0.022608695652173827,0.01980198019801982,0.10158949550794749,inf,0.02847682119205297,0.010954616588419563,0.0219780219780219,0.008224447834449755
1994-06-30,-0.021136818051985196,-0.02873953383118355,-0.06394144455185746,-0.03990368077055384,0.07388105456774974,0.05608755129958953,0.0992366412213741,0.0992366412213741,0.1063829787234043,-0.6206896551724137,0.9921259842519685,0.12857142857142856,4.5,24.142857142857142,-0.3728813559322034,0.040412725709372266,-0.005934718100890191,0.022435897435897356,0.054421768707483054,0.01980198019801982,0.10158949550794749,0.9230769230769229,0.09690920798454616,0.010954616588419563,0.0219780219780219,0.011643970791395342
1994-09-30,0.0014590020426028527,0.0034948741845293174,-0.021097668928887536,-0.059476890003582916,0.04510419640308316,-0.00043177892918822014,0.03472222222222232,0.03472222222222232,0.019230769230769162,-0.6206896551724137,0.6679841897233201,0.4430379746835442,-0.26136363636363635,-1.3011363636363638,0.17905405405405395,0.11652892561983474,-0.005934718100890191,0.022435897435897356,0.04354838709677411,0.058252427184465994,0.10158949550794749,0.52,0.04373348987378933,0.010954616588419563,0.0219780219780219,0.06697880088438035
1994-12-31,-0.028554778554778504,0.007661945669839687,-0.05320271288620948,0.0537142857142856,0.016115815350997043,0.079913606911447,0.15436241610738266,0.15436241610738266,0.15094339622641506,-0.6206896551724137,0.2180094786729858,0.2456140350877194,-0.023076923076923106,1.3018867924528301,0.34957020057306587,-0.025906735751295318,-0.005934718100890191,0.022435897435897356,0.01700154559505407,-0.06880733944954143,0.10158949550794749,0.3421052631578947,0.04583802024746908,0.010954616588419563,0.0219780219780219,-0.04369819600195035
1995-03-31,-0.00759848030393917,-0.07165898617511524,-0.006844953836357859,-0.013738250180766465,-0.00887096774193552,-0.07279999999999998,-0.15697674418604646,-0.15697674418604646,-0.14754098360655732,-0.6206896551724137,-0.7392996108949417,-2.302816901408451,1.0944881889763778,-2.7049180327868854,-0.4416135881104034,0.17097264437689974,-0.005934718100890191,0.022435897435897356,0.003039513677811412,0.15270935960591148,0.10158949550794749,0.2549019607843137,-0.0013444474321053779,0.010954616588419563,0.0219780219780219,-0.05875979861066849
1995-06-30,0.02982067298005231,0.06403574087862984,0.04616124378906883,-0.0256598240469208,0.002169785733658891,0.06341673856773089,0.13793103448275867,0.13793103448275867,0.13461538461538458,-0.6206896551724137,0.5223880597014925,-1.8216216216216217,-1.1353383458646618,-1.5865384615384617,0.4638783269961977,0.12783906554185576,0.020895522388059806,0.022435897435897356,0.0121212121212122,0.12393162393162394,0.10158949550794749,0.21875,-0.026655896607431395,0.017027863777089536,0.021505376344086002,0.09208477215789812
1995-09-30,0.00528272353746817,0.003965477023559538,0.030182319595526197,0.052294958615500375,-0.03870094722598105,-0.0036511156186612714,-0.012121212121212088,-0.012121212121212088,0.0,-0.6206896551724137,0.32352941176470584,-2.769736842105263,-7.402777777777778,-0.319672131147541,0.21558441558441555,0.08112773302646725,0.029824561403508643,0.022435897435897356,-0.020958083832335328,0.06844106463878341,0.04767879548306153,0.17948717948717952,-0.04370677731673578,0.007610350076103556,0.010526315789473717,-0.045942091884183855
1995-12-31,-0.08164655507979757,-0.32365241635687736,-0.14738251041047,-0.22988916696460493,0.04279279279279269,-0.44869706840390877,0.07975460122699385,0.07975460122699385,0.10169491525423746,-0.6206896551724137,1.6962962962962962,-3.4312267657992566,-0.8373101952277657,-0.8674698795180723,0.017094017094017033,0.08461947844598194,0.006814310051107331,0.020376175548589393,0.03363914373088672,0.11032028469750887,0.05688622754491024,0.15217391304347827,0.13537749493780726,0.1404833836858006,-0.10416666666666663,-0.12178320769430728
1996-03-31,0.017272438274875457,0.039161800068704844,0.023547880690737877,-0.060352831940575724,0.0075593952483801186,-0.04062038404726731,-0.10227272727272729,-0.10227272727272729,-0.10769230769230775,-0.6206896551724137,-1.0425824175824177,-0.7477064220183487,-5.213333333333333,9.545454545454545,0.24369747899159666,0.06869479882237495,0.016920473773265554,0.029185867895545226,0.01479289940828421,0.03205128205128216,0.05042492917847019,0.141509433962264,-0.009681528662420447,0.1576158940397352,-0.10465116279069764,0.1059641852893296
1996-06-30,0.010729166666666679,0.030082644628099064,0.0076687116564417845,0.15217391304347827,0.015541264737406246,0.02771362586605086,0.11392405063291133,0.11392405063291133,0.12068965517241392,-0.6206896551724137,-9.96774193548387,-0.2545454545454545,-1.1930379746835442,-0.3275862068965517,0.1317567567567568,0.023415977961432466,0.010537992235163607,0.029850746268656803,0.013119533527696792,0.009316770186335255,-0.0021574973031283085,0.12396694214876036,0.004888088500128562,0.194508009153318,-0.1428571428571428,-0.1059815335206743
1996-09-30,-0.22230238070699782,0.11039794608472397,-0.15964823270759343,-0.06475128644939965,-0.32005277044854885,-0.01872659176029967,0.005681818181818121,0.005681818181818121,0.0,-0.6206896551724137,-0.3057553956834532,0.5609756097560976,-3.5081967213114753,1.0897435897435899,0.24328358208955225,0.0,0.09275521405049392,0.09710144927536235,-0.32086330935251806,-0.012307692307692353,-0.024324324324324298,0.11029411764705865,-0.12570404505888366,0.2423371647509578,-0.12121212121212133,0.18724741805118983
1996-12-31,0.0066260270341902405,0.0,0.024753471523445425,0.0,-0.028327512611563854,0.1404580152671755,-0.10734463276836159,-0.10734463276836159,-0.10769230769230775,-0.6206896551724137,0.0,0.0,0.0,0.0,0.0,-0.031404217137729895,0.06629834254143652,0.026420079260237816,-0.02754237288135586,0.42367601246105924,-0.054293628808864236,0.0927152317880795,-0.034846266471449505,-0.05165767154973022,0.0862068965517242,0.0
1997-03-31,0.09768299104792,0.10057803468208082,0.18067556952081687,0.3021549747822101,-0.07108626198083068,-0.034136546184738936,-2.2848101265822782,-2.2848101265822782,-2.2758620689655173,-0.6206896551724137,-0.8963730569948186,1.1822916666666665,0.6928104575163399,-2.061349693251534,-0.2941176470588235,0.037980546549328364,-0.4818652849740932,-0.5225225225225225,-0.08932461873638342,0.06783369803063444,0.0673696543643818,1.266666666666667,-0.15351941747572828,-0.551219512195122,0.06349206349206349,-0.15481593545133643
1997-06-30,0.03801870952266739,0.09480042016806722,0.03210246174318021,-0.08908450704225357,0.05331040412725718,0.08731808731808721,-1.7980295566502464,-1.7980295566502464,-1.7837837837837838,-0.6206896551724137,5.3,-0.7064439140811456,-0.084942084942085,-2.404624277456647,0.41326530612244894,0.08969210174029452,0.08454545454545448,-0.013477088948787075,0.04784688995215314,0.19672131147540983,1.3512623490669595,0.03743315508021383,0.01469534050179222,-0.08333333333333337,0.07462686567164178,0.2018943914081146
1997-09-30,-0.05777007510109766,-0.1122571360038378,-0.08364222401289279,-0.14302280633938924,0.0077551020408164195,-0.04780114722753348,-0.01851851851851849,-0.01851851851851849,-0.017241379310344862,-0.6206896551724137,-0.30952380952380953,1.5040650406504064,-1.7721518987341773,-2.7366255144032925,-0.5078219013237064,0.1445536445536444,-0.051131601005867666,-0.0792349726775956,0.006849315068493178,0.09246575342465757,0.21942110177404284,0.036082474226803996,0.06958671847403752,-0.09090909090909094,0.01388888888888884,0.03592925845485584
1997-12-31,0.0676885346413243,0.045663334233990716,0.07069996482588814,0.15336039693279213,0.06075334143377886,0.09236947791164662,0.14465408805031443,0.14465408805031443,0.14035087719298267,-0.6206896551724137,3.402298850574713,-0.05519480519480524,-0.7377049180327868,-1.132701421800948,0.13691931540342295,-0.09910554561717355,0.07508833922261493,0.05044510385756684,0.05895691609977316,-0.10501567398119116,-0.026225114854517728,0.03731343283582089,-0.006605019815059454,0.06304347826086953,0.0,-0.09338684557325982
1998-03-31,0.0228551739979328,0.0320413436692506,0.02036793692509864,-0.05279624560031282,0.028636884306987298,-0.10049019607843135,-0.09890109890109888,-0.09890109890109888,-0.09230769230769242,-0.6206896551724137,-1.1436031331592689,-0.20618556701030932,-6.375,-1.6071428571428572,-0.07311827956989247,0.10127084988085788,1.1429745275267047,1.189265536723164,0.025695931477516032,0.04028021015761829,0.02850402988008649,0.033573141486810565,0.005651595744680771,1.2126789366053172,-0.013698630136986356,0.08959365708622391
1998-06-30,0.041432741971704434,0.06084126189283934,0.030264005151320106,0.046242774566473965,0.0671863400148478,0.12125340599455048,-0.6158536585365854,-0.6158536585365854,-0.6271186440677966,-0.6206896551724137,-3.6545454545454548,-0.008658008658008698,-0.6666666666666667,-0.9117647058823529,-0.00696055684454755,0.0014424810674360522,-0.18251533742331283,-0.16387096774193555,0.05219206680584554,-0.023569023569023684,-0.5538990825688073,0.03480278422273786,0.024793388429751984,-0.1589648798521257,-0.01388888888888895,0.013947001394700065
1998-09-30,0.03191374663072777,-0.0025961765400047687,0.07374999999999998,0.08168902920284138,-0.06121739130434778,0.0018226002430132837,-2.9682539682539684,-2.9682539682539684,-2.9545454545454546,-2.9545454545454546,1.3972602739726026,-0.23144104803493448,-2.383720930232558,-17.666666666666668,0.11682242990654212,0.04321209938782866,-0.5089118198874296,-0.5169753086419753,-0.0634920634920636,-0.008620689655172376,0.22879177377892024,0.03139013452914785,-0.09032258064516141,-0.5098901098901099,-0.014084507042253502,-0.07792596136594698
1998-12-31,0.053703897189426364,0.10056791292001899,0.05442374854481957,0.09011309740970441,0.05187106335679892,0.11340206185567014,-2.709677419354839,-2.709677419354839,-2.697674418604651,-2.6279069767441863,0.5714285714285714,0.6363636363636365,-0.5630252100840336,3.62,0.4832635983263598,0.055919917155678345,0.08309455587392556,0.06389776357827492,0.04872881355932224,0.1269565217391304,1.0913528591352857,0.03260869565217406,-0.0017730496453900457,0.06950672645739897,0.0,0.009599169801530527
1999-03-31,-0.01854238968765498,-0.025585895506342715,-0.027463428098261078,-0.01907630522088355,0.004226840436773571,-0.08224400871459692,-0.28773584905660377,-0.28773584905660377,-0.273972602739726,-0.2571428571428571,-0.9654545454545455,-0.5833333333333333,-1.3461538461538463,-1.4372294372294372,-0.14245416078984485,0.1320693036940177,-0.05467372134038795,-0.06606606606606613,-0.0121212121212122,0.08024691358024683,0.07919306435478513,0.02947368421052632,0.023090586145648517,-0.07127882599580715,0.0,-0.006681228318129229
1999-06-30,0.00010103051121435058,-0.009929390997352128,-0.05207889882219385,-0.11395428181508016,0.12907751666082068,-0.0741839762611276,0.3708609271523178,0.3708609271523178,0.3396226415094339,0.34615384615384603,10.947368421052632,0.4916666666666667,4.166666666666667,-2.1386138613861387,0.1891447368421053,-0.06872653768408898,0.43376865671641784,0.45337620578778126,0.1308793456032722,-0.05714285714285716,-0.013440444925073458,0.030674846625766916,0.12916666666666643,0.49661399548532725,-0.02857142857142847,0.11744923037123267
1999-09-30,0.00030306091524390233,-0.0517049253398707,-0.00823353293413176,-0.01809780515979975,0.018018018018018056,0.018589743589743524,0.01449275362318847,0.01449275362318847,0.014084507042253502,0.014285714285714235,-0.052863436123347984,-0.1061452513966481,-0.8064516129032258,-0.11304347826086958,0.1410788381742738,0.003410852713178203,0.6655823031880286,0.7345132743362832,0.018083182640144635,-0.11363636363636365,-0.3197619793297839,0.029761904761904878,0.017527675276752808,0.7631975867269987,-0.014705882352941235,-0.034263224910290546
1999-12-31,-0.02605534235507978,-0.10246768507638071,-0.049660377358490604,0.05882352941176472,0.021666158071406816,-0.02706104468219006,0.09047619047619038,0.09047619047619038,0.09722222222222232,0.08450704225352124,1.8930232558139535,0.7250000000000001,-32.888888888888886,-3.1470588235294117,-0.2654545454545455,-0.010506798516687121,-0.019140625000000022,0.03316326530612246,0.023090586145648295,-0.027350427350427253,-0.4394567219152854,0.026974951830443183,0.049259595043819715,0.06843455945252352,-0.02985074626865669,-0.15234328179311996
2000-03-31,-0.09643301534632931,0.03875360041895792,-0.04558449809402798,-0.067037037037037,-0.19205495818399043,0.02393272962483839,-0.16593886462882101,-0.16593886462882101,-0.11392405063291144,-0.10389610389610393,-1.1205787781350482,-0.19565217391304346,-1.6689895470383276,-1.4018264840182648,0.1452145214521452,-0.06808244846970657,0.06252489048187959,0.08271604938271593,-0.1909722222222222,-0.0896309314586996,-0.0924024640657084,0.0,-0.10599078341013823,0.06725380304243389,0.01538461538461533,0.11340497737556543
2000-06-30,0.008377323846683549,-0.037307789261406654,-0.015476784822765821,-0.06351726875744346,0.061367837338262454,0.07012002526847749,-0.7486910994764397,-0.7486910994764397,-0.7714285714285714,-0.7681159420289855,-3.453333333333333,0.10360360360360366,-1.21875,-3.25,-0.28530259365994237,0.07607238605898115,-0.16679160419790096,-0.16533637400228052,0.05364806866952798,0.33011583011583023,0.012669683257918507,0.2551594746716699,0.05251288659793807,-0.20705176294073513,0.045454545454545414,0.02800355600711213
2000-09-30,0.0023898941618298863,0.0015710919088767206,-0.007775524002704537,0.036880033912674914,0.02333681644026475,-0.004132231404958664,3.8125,3.8125,3.875,3.8125,0.8369565217391304,0.1673469387755102,-1.2380952380952381,-1.3636363636363638,0.14516129032258074,0.20087200249143589,0.060278902384165445,0.06284153005464477,0.016293279022403295,0.1393323657474601,0.478999106344951,0.0,0.02112029384756653,0.016083254493850507,0.04347826086956519,-0.03403545617394521
2000-12-31,-0.008514986376021771,-0.04549019607843141,0.0347529812606473,0.3785772690106295,-0.09496255956432953,0.14522821576763478,0.16883116883116878,0.16883116883116878,0.14102564102564097,0.10389610389610393,1.2692307692307692,0.04895104895104896,-23.0,-0.8472222222222222,0.01936619718309851,0.06561203319502074,0.12388629613916002,0.0861182519280208,-0.09819639278557113,0.04840764331210212,0.03867069486404828,0.08669656203288478,-0.08723021582733814,-0.0009310986964616852,0.09722222222222232,-0.30764803683335473
2001-03-31,0.0628649948471316,0.09805532730758704,-0.008067171550872554,-0.17852906287069992,0.22489657766077475,-0.0905797101449275,-0.4,-0.4,-0.3820224719101123,-0.3647058823529411,-1.0430247718383312,-0.4633333333333334,-1.8068181818181817,12.090909090909092,0.24870466321243523,0.07495741056218064,-0.08418271045677617,-0.05443786982248533,0.22222222222222232,0.19319562575941673,0.04043048283885975,0.0,0.15238095238095228,-0.062441752096924596,0.0,0.3367507158030849
2001-06-30,0.0,-0.004489897730107217,-0.026058091286307095,-0.15198555956678705,0.04820386859072756,0.0643141718838931,0.5617283950617284,0.5617283950617284,-0.21818181818181825,-0.22222222222222232,-0.8787878787878788,0.329192546583851,-1.295774647887324,-3.0277777777777777,-0.40387275242047027,0.10889744170251281,0.23124484748557306,0.2703379224030038,0.05454545454545445,-0.0926680244399185,0.18031870282359508,0.0,0.048161869478484,0.25646123260437403,0.012658227848101333,0.17391003938367988
2001-09-30,0.04104718810601171,0.01829115509897261,0.03698023176550791,0.08343976160068123,0.04803749267721158,0.016042780748663166,0.07509881422924902,0.07509881422924902,0.06976744186046524,0.0714285714285714,-100.5,0.7523364485981308,-1.2285714285714286,-1.1335616438356164,0.09048723897911826,0.046753777051858014,-0.007030465349849524,0.020689655172413612,0.04482758620689653,-0.007856341189674598,-0.19043107531975367,0.0,0.006797172376291405,0.015031645569620222,0.012499999999999956,-0.06009417304296649
2001-12-31,0.07037152023181203,-0.021407480314960647,0.08233360723089556,0.2943025540275048,0.05002794857462267,0.12421052631578955,-1.2757352941176472,-1.2757352941176472,-1.2608695652173914,-1.2666666666666666,0.9798994974874371,1.2453333333333334,7.125,1.8717948717948718,0.23829787234042543,-0.010532475131656005,-0.41065407956844224,-0.387065637065637,0.03300330033003296,-0.05316742081447967,-0.05149210064365117,0.079779917469051,-0.019173642992168505,-0.37724084177708495,-0.024691358024691357,-0.2439726971006324
2002-03-31,0.02649134680460219,0.04626602967060589,0.013817187974491274,-0.03703703703703709,0.04870907639073718,-0.0870786516853933,-4.373333333333333,-4.373333333333333,-4.5,-4.416666666666666,-1.1269035532994924,-0.7767220902612827,0.15384615384615374,-1.5357142857142856,-0.1030927835051546,0.09442144687561616,0.0949656750572081,0.11023622047244075,0.0463258785942493,0.05973715651135003,0.6789019123997531,0.0,0.021751101321585864,0.12015018773466823,0.0,0.08655677959082242
2002-06-30,0.05378167090515218,0.053352559480894124,0.06499925116070093,-0.01261034047919296,0.034771573604061023,0.036923076923076836,-0.20948616600790515,-0.20948616600790515,-0.2142857142857142,-0.2195121951219512,-1.69,0.12234042553191493,-0.6222222222222222,-0.16666666666666663,-0.09578544061302685,-0.06736311239193082,-0.11494252873563215,-0.11773049645390066,0.032061068702289974,-0.10822998872604273,-0.17986404556310853,0.0,-0.018054432767448114,-0.09273743016759783,-0.025316455696202556,0.06677847232809864
2002-09-30,-0.0018770110833035147,-0.03924252794889349,-0.04246941358458722,0.01085568326947639,0.06892322786362515,0.03956478733926816,0.5800000000000001,0.5800000000000001,0.5757575757575757,0.59375,5.492753623188406,0.2654028436018958,-5.635294117647059,2.88,-0.4110169491525424,-0.2858246427191967,0.015938606847697878,0.030546623794212246,0.08727810650887569,-0.3084702907711758,-0.21841397849462363,0.0,0.07107574094401747,0.04064039408867015,-0.012987012987012991,-0.04952122338144915
2002-12-31,0.11739948061251892,0.22536214675848965,0.4009399324423557,0.21636133922931133,-0.32560807709958695,-0.03139866793529966,-0.9715189873417721,-0.9715189873417721,-0.9615384615384616,-0.9803921568627451,0.7321428571428572,1.3970037453183521,-2.9137055837563453,-5.592783505154639,3.2050359712230216,-0.23850730124391561,0.1807088901801277,0.06864274570982842,-0.33061224489795915,-0.29981718464351004,-0.2794496990541703,0.07388535031847132,-0.39661798616448884,0.13491124260355014,-0.06578947368421062,0.007367867077663348
2003-03-31,0.06795960891168451,0.10135658914728674,0.08533389244155565,-0.08231628148532844,0.011568560734943834,-0.01915520628683698,23.0,23.0,17.0,34.0,-1.0373711340206186,-0.6171875,-0.29045092838196285,-0.7317620650953984,0.20444824636441394,-0.11505681818181812,0.0167322834645669,-0.10218978102189791,0.012195121951219523,0.32375979112271547,-0.20684168655529034,0.0,-0.05265392781316347,-0.05318039624608961,-0.042253521126760396,0.20016419135756403
2003-06-30,-0.008329581269698294,-0.07249692064050672,-0.022119192504588048,-0.08262591963780419,0.03969054826774299,0.08312468703054576,-0.8240740740740741,-0.8240740740740741,-0.8333333333333334,-0.8285714285714285,-8.724137931034484,-0.19999999999999996,-2.527102803738318,-4.347280334728033,-0.5681818181818181,-0.09711075441412531,-0.16118102613746366,-0.2504065040650406,0.058232931726907466,-0.10848126232741628,-0.05165496489468413,0.0,0.048408785298072576,-0.2312775330396476,-0.02941176470588236,0.011006778185436161
2003-09-30,0.005826712069617823,0.002845759817871274,-0.024792572105887034,-0.007402837754472591,0.10611452604335159,0.024503005085529272,5.657894736842105,5.657894736842105,6.166666666666667,6.0,1.1428571428571428,0.16836734693877542,-0.8947368421052632,-1.2775,0.36513157894736836,0.2142222222222223,-0.040969417195614644,-0.14316702819956617,0.05502846299810238,0.14601769911504436,0.5536753040719196,0.0,0.09961522017956392,-0.12177650429799425,-0.030303030303030276,0.010333374338787227
2003-12-31,0.031221787541378276,0.0139992432841467,0.04578142408589092,0.1491609695463021,-0.010821877742029806,0.1407942238267148,0.4189723320158103,0.4189723320158103,0.37209302325581395,0.4285714285714286,0.5645833333333334,-0.04366812227074235,3.453488372093023,-0.572072072072072,0.1144578313253013,0.05307467057101012,0.6203369434416366,0.6379746835443036,-0.017985611510791255,-0.0019305019305019266,0.16575901974132057,0.06880189798339265,-0.040824261275272056,0.5872756933115824,0.046875,-0.1176184098380616
2004-03-31,-0.003866637484497004,-0.007462686567164201,-0.025472154963680382,-0.14737696051919957,0.06209343583678306,-0.12618670886075944,-0.50974930362117,-0.50974930362117,-0.5084745762711864,-0.5333333333333332,-1.0719041278295607,-0.6438356164383562,-0.608355091383812,-3.9368421052631577,-0.30162162162162165,0.05144247480013897,-0.09023393984404005,-0.052550231839258,0.06227106227106227,0.07156673114119916,-0.3824817518248176,0.0,0.06647750304012967,-0.06885919835560117,0.014925373134328401,0.16413688422795647
2004-06-30,0.0002929544455836375,0.07218045112781946,0.01848539057841392,0.11956866476371708,-0.05066815144766146,0.07695789950203702,-1.9659090909090908,-1.9659090909090908,-1.9655172413793105,-2.0,-6.944444444444445,0.7948717948717949,-0.4866666666666667,-1.4086021505376345,0.17647058823529416,0.07371900826446276,-0.2689795918367346,-0.2577487765089723,-0.051724137931034475,0.010830324909747224,0.12907801418439724,0.0,-0.0509312048650703,-0.26931567328918327,0.014705882352941124,-0.042316126355716355
2004-09-30,0.007980670669204937,0.00333099579242635,-0.026834504293520633,-0.001133144475920722,0.11260997067448675,-0.02480033627574607,-2.623529411764706,-2.623529411764706,-2.6071428571428568,-2.6071428571428568,-0.13084112149532712,-0.042857142857142816,-0.2597402597402597,-0.45614035087719296,0.08157894736842097,-0.022475369458128003,0.00949190396426558,0.028571428571428692,0.11272727272727279,0.03035714285714275,0.3036013400335009,0.0,0.10372446936323598,0.025679758308157163,0.0,0.004455721269880586
2004-12-31,0.027602237233965266,0.051721125283942015,0.04702697282663193,0.21554169030062398,-0.023458091723774332,0.12112068965517242,-0.6159420289855073,-0.6159420289855073,-0.6222222222222222,-0.6000000000000001,1.989247311827957,0.4925373134328359,4.12280701754386,3.629032258064516,0.34914841849148415,0.012283464566929192,-0.4081858407079646,-0.3995726495726496,-0.02287581699346397,-0.09012131715771221,-0.016704143912624425,0.0643729189789124,-0.04970972423802611,-0.39911634756995584,0.0,-0.1348037705625038
2005-03-31,-0.02396267759949111,-0.039541452068449945,-0.06167400881057272,0.09542697153523094,0.08232118758434548,-0.0838139177239523,1.1320754716981134,1.1320754716981134,1.176470588235294,1.0,-0.6738609112709832,-0.92,-0.047945205479452024,-1.0104529616724738,-0.0027051397655545317,0.08276291225886734,0.09719626168224305,0.12455516014234891,0.08026755852842804,0.10857142857142854,0.8046390068605032,0.0,0.10882016036655195,0.1078431372549018,0.01449275362318847,-0.12319304991810864
2005-06-30,-0.013180764774044063,0.010032866286109776,-0.03898754847928143,-0.07113951011714592,0.04987531172069826,0.08140998741082672,0.4247787610619469,0.4247787610619469,0.4054054054054055,0.41666666666666674,0.8602941176470589,5.125,-0.7086330935251799,-108.33333333333333,0.2911392405063291,0.030459770114942497,1.01618398637138,1.1265822784810124,0.046439628482972006,-0.046391752577319645,-0.08562635771180316,0.0,0.06404958677685957,1.0818584070796464,0.014285714285714235,0.0873873142207422
2005-09-30,0.011522090121825812,0.04110292858366149,-0.0009558198810535323,-0.02063746847053427,0.039429928741092635,-0.06946061311602636,-0.639751552795031,-0.639751552795031,-0.6346153846153846,-0.6470588235294118,0.059288537549407216,0.3265306122448979,0.345679012345679,-0.11801242236024845,0.19887955182072825,0.0881204684885668,-0.20194338825517522,-0.17261904761904767,0.038461538461538325,0.03963963963963968,-0.4850524648584438,0.0,0.027508090614886793,-0.17853347502656758,0.014084507042253502,0.0630368212711927
2005-12-31,-0.07661612130885875,-0.15841421286395785,-0.10407143616455827,-0.024818543666588644,-0.01759597806215718,0.0387823185988323,1.5172413793103448,1.5172413793103448,1.4210526315789473,1.6111111111111112,-0.5597014925373134,-0.05384615384615388,7.9816513761467895,-4.066901408450704,-0.5087616822429907,-0.01819579702716556,0.19798835362625722,0.275179856115108,-0.05555555555555547,-0.05372616984402079,0.19761630142252962,0.060479666319082304,0.0639370078740158,0.2561448900388099,0.01388888888888884,-0.13700555048127594
2006-03-31,0.004164374950891725,0.02247849882720865,-0.16551969625059326,-0.29771908763505406,0.336822516864387,-0.03291850662384588,-0.03424657534246578,-0.03424657534246578,-0.0434782608695653,-0.08510638297872342,0.2923728813559323,-0.4715447154471545,-0.8273748723186926,-1.0459242250287026,0.04756242568370994,-0.022709475332811424,-0.0397702165267344,0.0789844851904089,0.3242835595776772,0.0347985347985349,-0.20930979133226324,0.0,0.3312611012433393,0.05561277033985568,0.027397260273972712,0.4559960921598958
2006-06-30,0.017762128325508497,0.0374689351940356,0.01549836485141487,0.012307692307692353,0.020532451713937805,0.09962640099626396,0.0957446808510638,0.0957446808510638,0.06818181818181812,0.09302325581395343,0.7803278688524591,0.6615384615384616,0.3076923076923077,3.5,0.20431328036322371,0.004006410256410353,-0.09341923607915315,-0.0013071895424836555,0.023917995444191487,-0.24247787610619465,-0.04019488428745421,0.0,0.0026684456304204573,-0.020487804878048688,0.01333333333333342,0.02482666070230377
2006-09-30,0.0710386714845852,0.18278975492905847,0.06314757770932511,0.002701789935832588,0.0806479113384484,-0.034730086825217055,0.21035598705501624,0.21035598705501624,0.23404255319148937,0.21276595744680837,0.05524861878453047,-0.7592592592592593,-3.0995475113122173,4.588888888888889,0.948162111215834,0.09071561585528065,0.14720812182741105,0.2552356020942408,0.07675194660734141,0.06542056074766345,0.11886632825719112,0.0,0.009092925260590023,0.23904382470119523,0.013157894736842035,0.17961588825840247
2006-12-31,0.0541956787021749,0.08583891571895941,0.1081259054392203,0.2158976086224318,-0.010413379615020535,0.08056315995307006,0.15508021390374327,0.15508021390374327,0.13793103448275867,0.1578947368421053,0.32984293193717273,4.5,-1.4245689655172413,-0.584493041749503,0.20222544750846638,0.10707317073170741,0.020796460176990994,0.07090719499478615,-0.0030991735537189147,0.028508771929824706,-0.11531190926275992,0.05703048180924286,-0.061318681318681345,0.08199356913183276,-0.012987012987012991,-0.10698427382053644
2007-03-31,-0.013822688274547135,0.0005738880918220168,-0.06358450202044208,0.0038781163434902233,0.05293367346938771,-0.03184943901556281,-0.06712962962962965,-0.06712962962962965,-0.06060606060606066,-0.0757575757575758,-0.7178477690288714,-3.2587412587412588,2.197969543147208,-1.2416267942583732,-0.040643863179074424,0.09649702577660291,0.04941482444733425,0.05355404089581306,0.050777202072538774,0.10021321961620466,-0.0012820512820511665,0.015813953488372112,0.06766565207211439,0.059435364041604766,0.0,-0.0032630652095094748
2007-06-30,0.012152178416074078,0.030255233725265285,0.0115496890468334,0.04635761589403975,0.012870987280436008,0.05757009345794395,0.0694789081885856,0.0694789081885856,0.06451612903225823,0.06557377049180335,2.4,-1.4860681114551084,-0.30634920634920637,-2.00990099009901,0.04278523489932895,0.1127185051235684,0.046261875258157836,0.049907578558225474,0.02268244575936862,0.05813953488372081,0.025673940949935803,0.0146520146520146,0.0006578947368420796,0.06241234221598879,-0.013157894736842146,-0.015381417584701795
2007-09-30,-0.034927348386656676,-0.0758524704244955,-0.014429109159347586,-0.027162447257383926,-0.05935117356854536,-0.027925061859314204,-0.08352668213457082,-0.08352668213457082,-0.06060606060606066,-0.06153846153846154,-0.16826265389876882,0.16560509554140124,1.517162471395881,-7.549019607843137,-0.26870474658085275,-0.016431924882629123,0.014607185155941504,0.008802816901408272,-0.043394406943105035,-0.038461538461538436,-0.08719232373800578,0.01534296028880866,-0.02520271751040981,-0.004620462046204699,0.01333333333333342,-0.050084441629723475
2007-12-31,0.08107726019650818,0.13780120481927716,0.0665817950350096,0.03334236920574685,0.09917355371900816,0.09418181818181814,0.21012658227848102,0.21012658227848102,0.20967741935483875,0.21311475409836067,0.23519736842105265,0.5737704918032787,-1.1781818181818182,-2.0793413173652695,0.3965896589658966,0.06847806131815681,0.0027237354085603016,0.017452006980802848,0.09879032258064524,0.11809523809523803,0.051188299817184646,0.019555555555555548,0.016636690647481966,0.0053050397877985045,0.013157894736842035,0.10111672870715038
2008-03-31,-0.021054008107754707,-0.071740569159497,-0.04810217235617087,-0.15110178384050366,0.011711972238288126,-0.04386839481555338,-0.10251046025104604,-0.10251046025104604,-0.09333333333333327,-0.09459459459459452,-0.5179760319573902,-0.34375,-6.23469387755102,-2.11373092926491,-0.31626624655376134,0.03367697594501706,0.00038804811796655514,0.006003430531732468,0.022935779816513735,-0.05962521294718914,0.0021739130434783593,0.019180470793373816,0.033392304290137176,-0.0026385224274406704,0.012987012987013102,0.09349614006761175
2008-06-30,0.03326208923323537,0.07785541137886787,0.03460815047021937,0.04851668726823233,0.03172788337859078,0.10844629822732021,0.268065268065268,0.268065268065268,0.27941176470588225,0.26865671641791034,0.988950276243094,0.02645502645502651,-0.8996101364522417,-1.5118306351183064,0.23675115207373265,0.024434840425532123,0.044608223429014826,0.051150895140664954,0.03139013452914785,0.0018115942028986698,0.0013015184381777178,0.018819503849444086,-0.001497967044724935,0.03240740740740722,0.012820512820512775,0.02796234772978967
2008-09-30,-0.01687136393018751,-0.016139701018653252,-0.012240940492061592,-0.020335985853227267,-0.02216373458927834,-0.011915961116337415,-0.13235294117647056,-0.13235294117647056,-0.12643678160919536,-0.12941176470588234,0.12916666666666665,0.3402061855670102,3.7475728155339807,-0.8929440389294404,0.020493712156497423,0.0950835631997402,0.013367991088006015,0.023519870235198637,-0.01043478260869557,0.061482820976491936,0.01906412478336228,0.018471872376154552,-0.005357908272610401,0.0076873798846892605,0.012658227848101333,0.00430918394828983
2008-12-31,0.012887106318627106,-0.03885975527766572,0.12588957055214722,0.09356197352587237,-0.11758039382348773,-0.006347191367819693,0.2055084745762712,0.2055084745762712,0.19736842105263164,0.21621621621621623,-0.23739237392373924,0.34615384615384626,-0.3599182004089979,-2.3636363636363633,-0.027384755819260587,-0.1420951252037338,0.07328691828508616,0.04516640253565751,-0.10808435852372589,-0.13287904599659284,-0.17942176870748294,0.021434460016487966,-0.12885154061624648,0.03687221869040047,0.012499999999999956,-0.12112273174220078
2009-03-31,-0.029341123012009085,-0.06407386681589256,-0.04152136006974716,-0.1411279229711142,-0.02087012361534757,-0.09805174065793676,-0.08963093145869949,-0.08963093145869949,-0.07692307692307698,-0.07777777777777783,-0.6177419354838709,-0.43999999999999995,0.25559105431309903,6.133333333333334,-0.20084467386203664,-0.05820379965457678,0.0795493342437692,0.04473085670962873,-0.006896551724137945,0.05500982318271119,-0.10569948186528488,0.02098466505246166,0.008904279000742088,0.048436541998773786,0.0,0.08975793327908876
2009-06-30,0.05283220758376239,0.057100149476831064,0.019783968163729293,0.08744394618834073,0.07427447122479092,0.10587818696883855,0.13320463320463327,0.13320463320463327,0.15476190476190488,0.15662650602409633,2.4219409282700424,0.5357142857142858,0.040712468193384144,-1.2313084112149533,0.058132706987668925,-0.08875848156977817,0.04648956356736256,0.0159651669085632,0.07837301587301582,-0.08193668528864062,-0.13267670915411356,0.020553359683794348,0.020348124540328527,0.02631578947368407,-0.012345679012345734,-0.027906108544495822
2009-09-30,0.07692307692307687,0.14027149321266963,0.07514773107369832,0.021502209131075034,0.08150183150183143,0.0070445084854307005,-0.09710391822827935,-0.09710391822827935,-0.09278350515463918,-0.09375,0.07891491985203447,-0.1495016611295681,-1.2909535452322738,6.767676767676767,0.42674805771365154,0.115717448178708,0.025989724992444785,-0.0014285714285714457,0.08095676172953081,0.034482758620689724,0.07949231796927192,0.020139426800929394,0.004324843825084024,0.027350427350427253,-0.025000000000000022,0.11626902213047852
2009-12-31,0.02359325232983367,0.025669642857142794,0.03017733070621187,0.28719723183391,0.014817950889077114,0.10333863275039756,0.07547169811320753,0.07547169811320753,0.06818181818181812,0.06896551724137945,0.12685714285714278,0.53515625,-3.764705882352941,-0.7204161248374512,0.08362504861921427,0.022907647907647988,-0.03534609720176729,-0.029327610872675436,0.015319148936170146,-0.05294117647058816,-0.0142326732673268,0.022019741837509654,-0.008612440191387516,-0.0266222961730449,-0.012820512820512886,-0.20319958715004516
2010-03-31,-0.010833237293995657,-0.030951517349776303,0.057680692570968306,-0.040322580645161255,-0.10596579057154776,-0.15648414985590775,-1.1105263157894736,-1.1105263157894736,-1.1170212765957448,-1.118279569892473,-0.7170385395537525,0.1806615776081424,-1.3617021276595744,-1.525581395348837,-0.040559942569992846,0.03703050608358316,-0.27236641221374047,-0.2881355932203389,-0.09639564124056998,0.020703933747411973,0.02824858757062132,0.021545319465081647,-0.09628378378378377,-0.2695156695156694,-0.025974025974025983,0.009768998272884355
2010-06-30,-0.039554934172200906,-0.0798502807236432,-0.014656895403064585,-0.04645191409897287,-0.08259449370041994,0.09121967885206694,-9.492063492063492,-9.492063492063492,-9.181818181818182,-9.181818181818182,1.806451612903226,-0.4461206896551724,-7.630252100840337,2.3008849557522124,-0.13954358398802846,-0.1464036728447543,-0.007973143096936641,-0.04244306418219468,-0.06400742115027824,-0.05476673427991874,0.1562881562881564,0.02109090909090905,-0.04485981308411213,-0.03744149765990645,0.0,-0.03500988828905882
2010-09-30,0.06526354097167464,0.10372881355932195,0.043175891046073556,0.027906976744185963,0.10732451678535093,0.009392611145898622,-0.01869158878504673,-0.01869158878504673,0.0,-0.011111111111111072,0.2848020434227332,-0.01945525291828798,-0.6096324461343472,-2.3083109919571045,0.21217391304347832,-0.11195219123505984,0.017766497461928932,-0.011891891891891881,0.11100099108027761,-0.05150214592274682,-0.0913410770855333,0.02065527065527073,0.03969807100922562,-0.008914100486223542,0.0,0.07377866400797628
2010-12-31,-0.004213403177133701,-0.018550368550368512,-0.009907407407407365,-0.03762800666825439,0.005512172714745134,0.08498759305210912,-0.19428571428571428,-0.19428571428571428,-0.1777777777777778,-0.1910112359550562,-0.07057654075546715,0.15476190476190466,1.396103896103896,-1.2110655737704918,-0.036944045911047385,0.11664423508299704,-0.07148794679966763,-0.09518599562363239,0.01070472792149868,0.00452488687782826,0.1080766995932596,0.021632937892533288,0.009680021511158987,-0.09566639411283728,0.0,0.019808108944599168
2011-03-31,-0.004345588655726429,-0.028539241457003373,-0.023473300289909238,-0.03761445186834944,0.025430181209075586,-0.06117781589479698,0.34751773049645385,0.34751773049645385,0.33783783783783794,0.36111111111111116,-0.6032085561497327,-0.2714776632302406,-0.0677506775067751,4.019417475728155,-0.19255121042830536,0.027320208919244582,0.4288272157564905,0.4401451027811367,0.0423654015887025,0.015765765765765716,0.11746198217094905,0.021174863387978027,0.02982689747003997,0.4059674502712476,0.026666666666666616,0.009408194233687439
2011-06-30,0.018836501464423172,0.006184770003865525,0.005267190193449567,0.0365132424787864,0.03905553905553916,0.07673568818513998,0.07894736842105265,0.07894736842105265,0.09090909090909105,0.09183673469387754,0.7035040431266846,0.37735849056603765,-0.27616279069767447,-0.7098646034816247,-0.06918819188191883,0.11341415721548675,-0.003759398496240518,0.02015113350125941,0.0423370025402201,0.06873614190687372,-0.23416236508681365,0.020735785953177377,0.01991207654512528,0.012861736334405238,0.0,-0.029264381639607095
2011-09-30,0.005749394058959467,0.02471507235241388,0.014861388968276712,0.03324237161994548,-0.006431327711876489,-0.016119909502262497,-0.06341463414634141,-0.06341463414634141,-0.05555555555555558,-0.05607476635514019,0.4588607594936709,-0.10273972602739723,-0.3855421686746988,-3.1333333333333333,0.15857284440039643,-0.010186160871092365,0.008176100628930705,0.01975308641975304,0.0016246953696181787,-0.049792531120331995,-0.056372549019607865,0.020314547837483543,-0.012170385395537497,0.005079365079365017,0.012987012987013102,-0.008259343382201134
2011-12-31,0.0689345962001906,0.08097975506123478,0.14944147188585366,0.16614645858343335,-0.05279056386651326,0.03305547571141143,-0.19618055555555558,-0.19618055555555558,-0.1960784313725491,-0.18811881188118817,-0.03253796095444683,1.5229007633587788,-2.1601307189542487,0.7718750000000001,0.24251497005988032,-0.0711497515968772,0.017467248908296984,-0.004035512510088823,-0.047039740470397384,-0.07205240174672489,-0.10064935064935066,0.021194605009633882,-0.11370636550308011,0.01137081490840175,-0.012820512820512886,-0.07302727462002923
2012-03-31,-0.015152309547527887,-0.06161849710982659,-0.03470804409963246,0.0,0.021260440394836655,-0.057317751808569795,0.2699784017278617,0.2699784017278617,0.2804878048780488,0.2682926829268293,-0.5369955156950672,-0.24357034795764,-2.5436619718309856,-2.1164021164021163,-0.2179001721170396,0.04985673352435538,0.008583690987124637,-0.010534846029173428,0.03914893617021287,0.1011764705882352,0.0223826714801445,0.020754716981132182,0.03677961193165369,0.0006246096189881367,-0.012987012987012991,-0.061598068392385796
2012-06-30,-0.017994037478705316,-0.008500677590242756,0.0011844331641286399,0.0026765493102738347,-0.025873605947955403,0.05430932703659974,0.12414965986394555,0.12414965986394555,0.1428571428571428,0.14423076923076916,1.2832929782082325,-0.5,0.051094890510948954,-1.1279620853080567,0.03565140845070425,-0.005640465793304239,0.037386018237081986,0.01064701064701068,-0.019656019656019708,-0.04273504273504258,-0.020480225988700584,0.020948860135551417,-0.008100558659217771,0.017478152309613026,0.0,-0.011129727142173307
2012-09-30,0.07475875528569875,0.1313369781312128,0.06768632753084325,-0.08459958932238199,0.08823080445733478,-0.02659574468085102,-0.11800302571860821,-0.11800302571860821,-0.10833333333333328,-0.10924369747899154,-0.14634146341463417,0.6839999999999999,-1.7986111111111112,9.345679012345679,0.3561410964725882,0.04958828911253432,-0.00351596835628476,-0.02269043760129652,0.08437761069340022,0.06919642857142838,0.018745493871665575,0.02715751357875673,0.01267248662348619,0.0036809815950920033,-0.02631578947368418,0.23587074912259487
2012-12-31,0.028499369482976045,0.017023613399231197,0.061495844875346206,0.06751906684611941,-0.02679197643428255,0.07937877480586719,-0.15265866209262435,-0.15265866209262435,-0.15887850467289721,-0.1603773584905661,0.17391304347826098,-0.05463182897862229,-1.9804347826086957,-0.905727923627685,0.024757129426512092,0.12360529986053015,0.0005880623346075087,-0.004145936981757914,-0.02080123266563938,0.03757828810020869,0.10969568294409049,0.026439482961222005,-0.05367074527252502,0.001833740831295838,-0.013513513513513487,-0.04729729729729737
2013-03-31,-0.003531142717018154,-0.048164146868250546,-0.007083209066507612,0.003992435385585136,0.003315076390890681,-0.08126831867839057,0.1174089068825912,0.1174089068825912,0.12222222222222223,0.12359550561797761,-0.5915343915343916,-0.12311557788944727,0.33037694013303764,-8.354430379746836,-0.17767584097859324,0.07882079131109387,-0.02409638554216864,-0.03413821815154028,0.010228166797797034,0.10060362173038229,0.06058673469387754,0.025758443045220458,0.006758742286218089,-0.019524100061012684,-0.013698630136986356,-0.05195806352143073
2013-06-30,0.16896348065754507,0.38245972316768784,0.23421190958924676,-0.05483465885307659,0.04611406407125407,0.06409512761020886,0.06884057971014501,0.06884057971014501,0.07920792079207928,0.07000000000000006,0.9766839378238341,0.05157593123209159,-5.825,-6.679862306368331,1.2272220156191893,0.01495757227096206,-0.0560072267389341,-0.09224137931034482,0.04517133956386288,0.005484460694698434,0.02525556223692127,0.02734375,-0.1050788091068302,-0.03733665214685755,-0.05555555555555547,0.46267685802569525
2013-09-30,0.06311313207864933,-0.2123922855970456,0.06497931370163057,0.1062887511071744,0.06413073331502339,0.02861815208503682,-0.07796610169491525,-0.07796610169491525,-0.0825688073394496,-0.07476635514018692,0.2660550458715596,10.114441416893733,-1.1727115716753023,-2.0948484848484847,-0.6032726665553515,-0.007226866940626242,-0.038596491228070184,-0.07692307692307698,0.06408345752608047,-0.050909090909090904,0.02228739002932545,0.026615969581748944,0.0009784735812132794,-0.037491919844861,-0.044117647058823595,-0.28808094285078933
2013-12-31,0.024514851485148537,0.0424090861727624,-0.006912705667276087,0.1821457165732585,0.09214092140921415,0.1573926868044515,-0.4007352941176471,-0.4007352941176471,-0.4,-0.3939393939393939,0.12111801242236031,-0.8609953419955871,-0.7,-1.0988098533075008,0.1502525252525253,-0.04767342278047393,-0.12309223623092247,-0.13065843621399165,0.09103641456582645,-0.1053639846743295,-0.030981067125645412,0.02592592592592613,0.0658194851743239,-0.11417058428475502,-0.015384615384615441,-0.11817377271070861
2014-03-31,-0.023503034520081956,-0.061575369852059136,-0.04688488753379738,-0.0441923467660007,0.02457757296466978,-0.09546703296703296,0.705521472392638,0.705521472392638,0.7000000000000002,0.6833333333333333,-0.4838411819021238,-0.3227513227513228,4.68,-2.915966386554622,-0.2502744237102086,0.04961031175059949,-0.0514566780174045,-0.047337278106508895,0.025673940949935803,-0.03854389721627405,0.13262285375962102,0.025270758122743597,0.049526138795475294,-0.030326004548900554,-0.015625,-0.01818289155203967
2014-06-30,0.014567911009065293,0.010545377077119777,0.022573635924673985,0.02657218777679371,-0.0010379425671779297,0.07922045051885607,-0.06474820143884896,-0.06474820143884896,-0.05882352941176472,-0.05940594059405946,0.07155635062611809,0.41145833333333326,-0.7417840375586855,-0.7324561403508771,-0.08931185944363107,0.05269170355561892,-0.07459114479457507,-0.05217391304347818,0.0006257822277846437,0.026726057906458767,0.050182958703606895,0.026156941649899457,-0.015438392076900787,-0.06958561376075068,0.015873015873015817,-0.01563345559497331
2014-09-30,-0.0025752077724452427,0.015178665542321168,0.011509857159721415,0.03364969801553053,-0.029785268990995206,-0.015712945590994343,-0.09999999999999998,-0.09999999999999998,-0.10416666666666663,-0.09473684210526312,0.5258764607679465,0.1420664206642066,-0.75,-2.158469945355191,0.1136120042872455,0.005697232772653216,-0.0573275862068966,-0.041939711664482404,-0.03001876172607887,0.006507592190889255,0.03932304629168737,0.025490196078431504,-0.02721893491124261,-0.06386554621848739,0.03125,-0.017897501679799754
2014-12-31,0.013848139889684363,0.07475859204651636,0.03641244091731344,0.008681135225375725,-0.03379343169919091,0.014772456516559451,1.0363247863247862,1.0363247863247862,1.058139534883721,1.0232558139534884,0.25054704595185995,-1.0048465266558966,4.0,2.9952830188679247,0.40760346487006727,-0.042756946317777156,0.34887974394147214,0.33515731874145027,-0.03481624758220503,-0.012931034482758563,-0.00622605363984674,0.0248565965583174,-0.047141119221411065,0.34470377019748644,-0.015151515151515138,0.06555541734046533
2015-03-31,-0.04074545665007523,-0.05960776736547191,-0.010584989583919846,0.005296259516716306,-0.1061576354679803,-0.11622446583705093,-0.5487932843651626,-0.5487932843651626,-0.5536723163841808,-0.5517241379310345,-0.916010498687664,-257.6666666666667,-2.3963636363636365,-1.4663518299881937,-0.135042735042735,0.006199802733549253,-0.009152542372881323,-0.04713114754098369,-0.10888443553774219,0.04148471615720517,-0.24530120481927709,0.02425373134328357,-0.06830513884455802,-0.04005340453938566,0.0,-0.06455755311697409
2015-06-30,0.2073126583805962,0.4893158002876514,0.2515791270699368,0.03918340467566672,0.10057867181041602,0.03427205100956421,-0.22790697674418603,-0.22790697674418603,-0.2278481012658229,-0.23076923076923084,6.25,-0.23376623376623373,9.604166666666666,-11.50632911392405,1.6403162055335967,-0.00826214815852122,-0.05952788231269257,-0.11720430107526869,0.09745127436281864,0.1132075471698113,0.04469987228607919,0.023679417122040025,-0.08838643371017474,-0.05771905424200274,-0.06153846153846154,0.43310869836515664
2015-09-30,-0.327936031984008,-0.2317031109884804,-0.43952896244430295,-0.052439797211660366,-0.020530796194291434,-0.36116105830978684,-0.9969879518072289,-0.9969879518072289,-1.0,-1.0,-0.8117816091954023,-0.6355932203389831,-2.12598231827112,-2.1349397590361443,-0.7050898203592815,-0.4586275063541372,-0.1993452164423426,-0.17174177831912307,-0.023224043715846965,-0.5065913370998116,-0.4113691931540342,1.5173487544483986,0.45772266065388956,-0.12103321033210335,-0.06557377049180335,-0.18918448208298855
2015-12-31,0.03980765417410281,0.05907703357873939,-0.017603634298693938,-0.038622303962548066,0.1306237218813906,0.046642541214314326,429.0,429.0,inf,inf,4.526717557251908,0.07906976744186056,-0.9502726281352235,-1.0515923566878982,0.12335025380710651,-0.07459572248304658,-0.32076328941390275,-0.2691176470588236,0.12937062937062915,-0.05343511450381688,0.1806853582554515,0.0021205159922246253,0.08713585975766946,-0.21410579345088154,-0.07017543859649111,0.10165395768445906
2016-03-31,-0.17282479141835516,-0.3203628348592743,-0.3121387283236994,-0.33513043478260873,0.019556861858467167,-0.08759124087591241,6.8604651162790695,6.8604651162790695,6.7974683544303796,6.746835443037974,-1.4599447513812156,-0.13362068965517238,-3.236842105263158,-1.008230452674897,-0.0009037505648441524,0.07158962795941393,2.2916387959866222,2.766599597585513,0.011145510835913308,-0.05241935483870963,0.5408970976253298,0.0021160289190618187,0.23262983163386308,2.8974358974358974,-0.037735849056603765,0.02217889349256641
2016-06-30,-0.07884726224783867,-0.1489335162779094,-0.10300120048019212,-0.02615746795710172,-0.05654728905643647,0.08842105263157896,-0.6414201183431953,-0.6414201183431953,-0.6412337662337663,-0.642156862745098,-3.3273273273273274,-0.15920398009950254,-1.3568627450980393,-210.5,0.1895070104025327,0.15334034718569178,0.19386303596829912,0.441239316239316,-0.042253521126760396,0.14468085106382977,-0.6666666666666667,0.002287524194967583,0.024240092343208897,0.3700657894736843,0.05882352941176472,-0.12603719599427754
2016-09-30,-0.011700663246151932,-0.03429576432654258,-0.045637044967880125,-0.3000268600590922,0.019743800681631285,-0.010444874274661564,-0.8927392739273927,-0.8927392739273927,-0.8914027149321266,-0.8904109589041096,-0.35612903225806447,-0.017751479289940808,1.0439560439560438,-1.0787589498806682,-0.012547528517110274,0.07320410490307871,0.0006808510638296461,0.08969607116382505,0.019820971867007486,0.11895910780669139,-0.11472602739726023,0.002282303370786609,0.03193087903831704,0.018407362945177974,0.07407407407407396,0.37960386315272543
2016-12-31,-0.01576448243114914,-0.0022765214751858664,0.018931426167438037,0.05295471987720646,-0.044600668433790513,0.03401094605160271,0.8692307692307693,0.8692307692307693,0.8333333333333335,0.8333333333333335,0.4288577154308617,0.07831325301204828,-0.24731182795698925,-7.181818181818182,0.07855217558721606,-0.0142371440713982,-0.02075182854226909,0.044557823129251606,-0.037617554858934144,-0.03322259136212613,-0.03868471953578345,0.0022771063233490985,-0.029304696032035005,-0.04027504911591362,0.0862068965517242,-0.0524442335073565
2017-03-31,0.007268750804065416,0.008974749011256389,-0.03881090008257637,-0.11151603498542273,0.04776839565741864,-0.06427221172022679,0.11934156378600824,0.11934156378600824,0.13636363636363646,0.11363636363636354,-0.7349228611500701,-0.34636871508379885,-0.8678571428571429,-0.7205882352941176,0.02034987504462693,0.039017029532226744,-0.6223727635921487,-0.6160859654835558,0.041042345276873116,0.07903780068728516,0.07847082494969837,0.0022719328905977942,0.04012750796924802,-0.6296827021494371,0.031746031746031855,0.13561232156273473
2017-06-30,0.0832747940481513,0.16146540027137046,0.11655211912943875,0.04922067268252661,0.05629749021413777,0.05252525252525242,-0.02573529411764708,-0.02573529411764708,-0.020000000000000018,-0.020408163265306145,1.798941798941799,0.6752136752136753,-17.2972972972973,15.82456140350877,0.3355493351994401,0.1732365145228214,-0.5193192272309108,-0.5173876166242579,0.053817271589486904,0.1273885350318471,2.1399253731343277,0.002789886660854446,-0.02487831260140605,-0.5107794361525706,-0.015384615384615441,0.10695776822141356
2017-09-30,0.03407416141012787,-0.03322949117341645,0.03641959476788914,0.040656763096168946,0.03171662125340591,0.03915547024952026,-0.05283018867924527,-0.05283018867924527,-0.061224489795918324,-0.06249999999999989,0.14366729678638945,2.954081632653061,-1.2902155887230515,-1.3128258602711158,-0.07859575582918521,0.0924845269672856,0.10813397129186608,0.1036906854130053,0.03147268408551085,0.03672316384180796,1.2245989304812834,0.002782124847852563,-0.0024034017378444794,0.11638418079096047,0.0,-0.07098980642162234
2017-12-31,-0.024513995781312303,-0.024838882921589645,-0.010764662212323639,0.059729526671675526,-0.03612930488062538,0.02475064647210945,-1.2828685258964143,-1.2828685258964143,-1.2826086956521738,-1.288888888888889,-0.15041322314049588,-0.7135483870967743,0.8857142857142857,-0.5900000000000001,-0.0349729883423372,0.02751699579151823,-0.32037996545768566,-0.32165605095541394,-0.02763385146804842,-0.00544959128065392,-0.08840811965811957,0.0027744061036933942,-0.011860637509266025,-0.31275303643724695,-0.015625,-0.07980985739304469
2018-03-31,-0.012915668283560278,-0.04226903483409061,-0.024765478424014997,-0.06345267635590213,-0.0027400263042525186,-0.03496755587599132,-6.47887323943662,-6.47887323943662,-6.538461538461538,-6.461538461538461,-0.13035019455252916,0.6846846846846846,0.6515151515151516,2.6341463414634148,-0.13170300530347667,0.06411468178953994,0.14993646759847512,0.14319248826291076,0.005920663114268754,0.09589041095890405,0.5341341927922647,0.0027667300708975606,0.010315078769692398,0.14138438880706916,0.0,0.022644294259302145
2018-06-30,-0.01847246891651866,-0.009488211615871212,-0.011286392202129014,-0.0049205147615443146,-0.02395867677766783,0.061636159880463115,-0.1182519280205655,-0.1182519280205655,-0.11111111111111105,-0.11267605633802813,-0.09395973154362414,-0.5588235294117647,-0.5174311926605504,-0.7986577181208054,-0.030539531727180158,0.023686158401184487,0.10276243093922655,0.10061601642710483,-0.021777516185991663,0.01750000000000007,-0.1254774637127578,0.003276426970167279,-0.005568962316688353,0.06967741935483884,0.031746031746031855,-0.0045956929621329135
2018-09-30,0.016226324043913554,0.0200290275761974,0.0032429627707872832,0.028527957398250203,0.028037383177569986,-0.0263898662913441,0.5860058309037901,0.5860058309037901,0.59375,0.5873015873015872,0.20740740740740748,0.06666666666666665,0.09125475285171092,-1.0333333333333334,0.0010500525026251317,0.0741865509761388,0.33266533066132276,0.33395522388059695,0.032490974729241895,0.0982800982800982,-0.022712382616291715,0.0032657270539704353,0.011573641963785963,0.3148371531966223,0.01538461538461533,-0.0082799145299145
2018-12-31,-0.07158544547990742,-0.1577973819009676,0.011766227049392342,0.04881656804733736,-0.14633077765607883,0.026743765811348075,-0.3602941176470589,-0.3602941176470589,-0.3529411764705882,-0.37,0.5439672801635991,0.2670454545454546,4.2543554006968645,-343.6666666666667,-0.3594405594405594,-0.06246634356488956,0.39924812030075163,0.3776223776223777,-0.11363636363636365,-0.09172259507829983,-0.29586592178770943,0.00325509679629965,-0.080457649012733,0.33944954128440363,0.015151515151515138,-0.19699126620753338
2019-03-31,0.0453295825075124,0.02838317283324887,0.10939297124600644,0.1731311706629055,-0.018988965871182928,-0.07356564589933123,-0.002873563218390829,-0.002873563218390829,0.030303030303030276,0.04761904761904767,-0.8119205298013246,0.3721973094170403,-1.1578249336870026,-1.0739299610894941,0.04148471615720517,0.04508902929350955,0.016657710908114076,-0.018274111675127047,-0.014464168310322156,0.1798029556650247,-0.22215169787369093,0.0032445355191257352,-0.06160947220549873,-0.021917808219177992,0.014925373134328401,-0.12337693450241971
2019-06-30,0.07302752293577974,0.18580581567274512,0.11830434281764779,-0.2194168920949805,0.021710698404394435,0.07902735562310026,-0.011527377521613813,-0.011527377521613813,-0.014705882352941235,0.0,2.3028169014084505,-0.4901960784313726,2.0672268907563027,12.381578947368421,0.5330188679245282,0.06636438582028026,0.032769556025369795,-0.014477766287487093,0.020680453635757212,0.08141962421711901,0.0844553243574051,0.0037446808510637197,-0.04769033361847741,0.0,-0.014705882352941235,0.5191298644512461
