Quarter end,Assets,Current Assets,Liabilities,Current Liabilities,Shareholders equity,Revenue,Earnings,Earnings available for common stockholders,EPS basic,EPS diluted,Cash from operating activities,Cash from investing activities,Cash from financing activities,Cash change during period,Cash at end of period,Price,ROE,ROA,Book value of equity per share,P/B ratio,P/E ratio,Cumulative dividends per share,Equity to assets ratio,Net margin,Asset turnover,Current ratio
1996-02-25,0.14374708451719598,0.19080359371100575,0.2540894220283534,0.3556434606425647,0.08228015266167477,0.2746182465018978,0.958128078817734,0.958128078817734,0.909090909090909,1.0,1.7473799126637553,0.7291952222439788,-3.0553359683794468,-6.476923076923077,-0.0759715593649557,0.36752136752136777,-0.03829059829059822,-0.007237635705669487,0.09090909090909083,-0.11941580756013748,0.17326585293242025,inf,-0.053721582061663,-0.02395209580838331,-0.02985074626865669,-0.12158797700420987
1996-05-26,0.14374708451719598,0.19080359371100575,0.2540894220283534,0.3556434606425647,0.08228015266167477,0.2746182465018978,0.958128078817734,0.958128078817734,0.909090909090909,1.0,1.7473799126637553,0.7291952222439788,-3.0553359683794468,-6.476923076923077,-0.0759715593649557,0.36752136752136777,-0.03829059829059822,-0.007237635705669487,0.09090909090909083,-0.11941580756013748,0.17326585293242025,inf,-0.053721582061663,-0.02395209580838331,-0.02985074626865669,-0.12158797700420987
1996-08-25,0.08085440867311555,0.08000544896312523,0.0584310018903591,0.05617349221196477,0.09532844844942567,0.2746182465018978,0.958128078817734,0.958128078817734,0.909090909090909,1.0,1.7473799126637553,0.7291952222439788,-3.0553359683794468,-6.476923076923077,0.45030041108885843,-0.0390625,-0.03829059829059822,-0.007237635705669487,0.10000000000000009,-0.11941580756013748,0.17326585293242025,inf,0.013493500082277343,-0.02395209580838331,-0.02985074626865669,0.022571502190157133
1996-11-24,0.1629801656181178,0.16962916965827723,0.2908681752424498,0.30671633888776584,0.08321079250495744,0.05547829761723411,-0.08109897384971865,-0.08109897384971865,-0.04761904761904756,1.0,0.12214893109751257,0.7316272222851319,1.0365384615384614,-1.0264513108614233,-0.008212806163238606,0.019512195121951015,-0.03829059829059822,-0.007237635705669487,0.07575757575757569,-0.07317073170731703,0.17326585293242025,inf,-0.06867998051631763,-0.02395209580838331,-0.02985074626865669,-0.10492365065766263
1997-03-01,-0.02684167834230511,-0.056172178947979656,-0.20054789213719437,-0.22002607869282398,0.10227746039255203,0.1416759391600284,0.31959654178674346,0.31959654178674346,0.30000000000000004,1.0,1.0857648725212465,-0.6137849856133926,0.4863078375826251,-223.2920353982301,1.8407591968342372,0.11483253588516762,-0.03829059829059822,-0.007237635705669487,0.09859154929577474,0.03684210526315779,0.17326585293242025,inf,0.13267085076708507,-0.02395209580838331,-0.02985074626865669,0.21012330386802547
1997-05-31,0.18377510040160638,0.23810946804069344,0.4306964106469142,0.46226718047527293,0.050657535652474106,-0.12870681499363845,-0.4591067918759555,-0.4591067918759555,-0.46153846153846145,1.0,-0.5100675698618043,0.7018286488316965,-0.39517153748411693,-0.7878100242844062,0.13749516316264665,-0.06294706723891275,-0.03829059829059822,-0.007237635705669487,0.0512820512820511,-0.14720812182741105,0.17326585293242025,inf,-0.1123595505617978,-0.02395209580838331,-0.02985074626865669,-0.15330572744614535
1997-08-30,0.08824320137649555,0.09793851024710909,0.07071012538028398,0.07001078678973505,0.1011144658556078,0.24914584717918964,0.9629554860199858,0.9629554860199858,0.9285714285714286,1.0,-0.20583547023355742,-0.033131031738135475,2.4936974789915967,-0.04934333958724202,0.11491098764032204,0.21832061068702302,-0.007820831852115129,-0.007237635705669487,0.09756097560975618,0.15833333333333344,0.17326585293242025,inf,0.011791225940697148,0.0030674846625766694,-0.02692307692307705,0.026101769425211474
1997-11-29,0.1131261749419441,0.12046965871509796,0.15558555708701438,0.16055970734887537,0.0828168537015157,0.05276606905337311,-0.025916593819098055,-0.025916593819098055,0.0,1.0,-0.6441225237804347,0.4855937435686355,-0.5204449789536981,-2.729623051115058,-0.17826776778812903,0.018796992481203034,-0.0014331780723755294,-0.007237635705669487,0.07777777777777772,-0.07194244604316558,-0.0515097690941384,inf,-0.027249357326478152,0.012232415902140525,-0.015810276679841695,-0.034541851871686347
1998-02-28,-0.03122371074313779,-0.059539059885284296,-0.203538135903916,-0.2180062000665779,0.10004803914631832,0.08576828079066678,0.31156627778071044,0.31156627778071044,0.4814814814814814,1.0,3.399705738106915,-0.5095241393641339,0.26708463949843253,-2.469876768598813,0.31887717213723454,0.18204182041820394,0.012199497667743087,0.01761846901579589,0.10309278350515472,0.09745293466223703,0.093900481540931,inf,0.13548273431994362,0.03625377643504524,-0.0200803212851407,0.20262924339915678
1998-05-30,0.1302533109331705,0.16313044545342992,0.25141622630160865,0.2660050684102353,0.06342312210347423,-0.11638373263143398,-0.4771181324210103,-0.4771181324210103,-0.775,1.0,-0.5650429160628693,0.35800028244598225,1.8421573478476003,-0.6947678931842882,0.07379879879879869,0.2424557752341312,-0.04005671747607242,-0.028656716417910455,0.05607476635513997,0.12613521695257313,0.08143800440205418,inf,-0.059115593483320295,-0.010204081632652962,-0.016393442622950838,-0.08126931414602645
1998-08-29,0.07701692376295544,0.07407934925382587,0.05433135357557983,0.05390495704941278,0.09174168820750506,0.2796109373782789,0.963205295974136,0.963205295974136,1.0,1.0,0.8191952844695027,0.6447587354409319,-0.4228760445682451,-0.5686673448626653,0.029644130601971685,-0.011725293132328174,-0.004431314623338234,0.007990165949600447,0.09734513274336298,-0.06451612903225812,-0.047037539574853016,inf,0.013687335092348318,0.008836524300441795,-0.004166666666666541,0.019177669561724953
1998-11-28,0.1594154063442106,0.1880948872845145,0.27334806372834053,0.28802313118472544,0.08799799388250795,0.0535880978471992,-0.033445734002509386,-0.033445734002509386,0.0,-0.05555555555555547,0.9154751003733184,0.0799190692969145,0.6675716440422323,8.222877358490566,0.2655326950499084,0.04406779661016946,-0.015207715133531141,-0.01585365853658549,0.08064516129032273,-0.04789272030651337,-0.033459895586141486,inf,-0.061656092402798235,0.0014598540145984717,-0.01673640167364021,-0.07758238510418203
1999-02-27,-0.021209891353413668,-0.058983167154455396,-0.1887827046299746,-0.203838666104168,0.10172594002090429,0.15358623782781322,0.3873676524278933,0.3873676524278933,0.38888888888888884,0.4117647058823528,0.1712510112524821,0.1570257611241217,-0.32036903039073805,0.013041810510164842,0.21255533199195176,0.2719155844155843,0.017702448210922705,0.024163568773234223,0.09701492537313428,0.176056338028169,0.20230788116867182,inf,0.12569348127600555,0.016034985422740622,0.008510638297872353,0.18193954928975753
1999-05-29,0.14451597414822448,0.1975645702964557,0.31022106538293537,0.330341994603923,0.0550053881538457,-0.14281966086979336,-0.4771052631578947,-0.4771052631578947,-0.48,-0.5,0.11980785532636329,-0.6440643659548628,0.25871706148522766,1.1053893727123563,0.36906500287623345,0.09317166560306323,-0.030347890451517312,-0.034482758620689724,0.054421768707483054,-0.0034217279726260763,0.028793138656320272,inf,-0.07823810257200059,-0.012912482065997155,-0.021097046413502185,-0.09980571996566212
1999-08-28,0.0627021671211403,0.059973295477471655,0.0340300190067675,0.03294257796227407,0.08193701161404565,0.27329341184065536,0.8591399653302019,0.8591399653302019,0.846153846153846,0.9166666666666667,-0.383716040037009,1.442849019050327,-0.5159653203637132,-0.7875726874887596,0.057264984889865644,-0.05954465849387036,-0.004961832061068816,-0.006892230576441061,0.08387096774193536,-0.10815450643776825,-0.09924573243350532,inf,0.018045112781954753,0.0,-0.004310344827586077,0.026149367596868256
1999-11-27,0.1367121811228631,0.10709348098801752,0.21672594316104377,0.22751377032825926,0.08541136104510527,0.0630941506077547,-0.04631996871898214,-0.04631996871898214,-0.04166666666666663,-0.0434782608695653,-0.15868249852145033,1.914159343537217,2.657055482743556,-4.275010582757162,-0.1773854560739807,-0.0012414649286157653,-0.014959723820483384,-0.016403785488958933,0.07738095238095255,-0.0779595765158807,-0.06698986337593649,inf,-0.045133760052519234,-0.013081395348837233,-0.008658008658008698,-0.09811689899730991
2000-02-26,-0.010926870505446273,0.011801812080641794,-0.1619906461377072,-0.17350029540181855,0.09764525939844448,0.1810930873643508,0.5262244930141609,0.5262244930141609,0.4782608695652175,0.5454545454545456,2.233385605364192,-0.6843271957502896,-1.9069406283598136,-2.568117190866006,0.3381427974171971,-0.09198259788688634,0.036993769470405,0.04041051956382291,0.09392265193370153,-0.1576200417536534,-0.1480869154463864,inf,0.10983155723616367,0.02945508100147287,0.013100436681222627,0.2241987092575517
2000-05-27,0.10258604758604761,0.12218861605763642,0.1528581441215302,0.16065805853206072,0.07500111797798037,-0.19461457729601028,-0.5171929244503224,-0.5171929244503224,-0.5,-0.5294117647058824,-0.9281378041642278,0.20427658632251533,-1.934536354056902,-1.2100230794592812,-0.05307190813088847,0.13552361396303914,-0.039804731505820534,-0.02712700369913701,0.07575757575757569,0.03841387856257761,0.010812309398392062,inf,-0.025089050642713495,-0.012875536480686622,-0.012931034482758563,-0.03313693350462932
2000-08-26,0.08684930846756655,0.07497635824790883,0.0997299551810431,0.10347085985873816,0.07926965226449068,0.29015743352026546,0.8651771956856702,0.8651771956856702,-0.11764705882352955,-0.0625,10.059809169187805,1.0188064719478884,-0.6872445384073291,-2.479984301412873,0.08294778827894156,0.10247136829415315,-0.007821666014861228,-0.0019011406844106071,0.07511737089201875,0.025059665871121517,0.056226001097092526,inf,-0.006830818109610726,0.004347826086956497,-0.008733624454148492,-0.025796105383734336
2000-11-25,0.12428881368870393,0.11006393601532527,0.13496042826948895,0.14063240202778116,0.11789002070572119,0.02096813908184414,-0.06684565606498694,-0.06684565606498694,-0.06666666666666654,-0.06666666666666654,-0.3568512751451898,0.41995836586000523,6.735466426318161,-1.6045257668169364,-0.04630331753554506,0.19956260251503566,-0.0291683090264091,-0.015238095238095273,0.10917030567685582,0.11525029103608841,0.11711243832770712,inf,-0.0057581573896352545,0.0028860028860029363,-0.017621145374449365,-0.026808390555921324
2001-03-03,0.025071154241821603,0.021713250816135732,-0.14203605783390194,-0.15697024957513028,0.1268001511561514,0.19340004167220393,0.5815812123447683,0.5815812123447683,0.6428571428571428,0.5714285714285714,2.7804678553901523,-0.480291007715003,-0.3430235945237402,-15.397865184968563,0.699036638956134,0.07657247037374648,0.0,0.01805286911669901,0.11417322834645671,-0.029227557411273475,0.01673640167364021,inf,0.09925997425997424,0.03165467625899265,-0.013452914798206206,0.21196597718925192
2001-06-02,0.11881076334441443,0.14915553909675028,0.23788839392987193,0.2480711460436198,0.06361548949961926,-0.20836816057189989,-0.5334369898157506,-0.5334369898157506,-0.5652173913043479,-0.5454545454545454,-0.5482128948507139,-0.13889280677009874,-0.21477343265052762,-0.6279159515370631,0.1530869768685652,0.16257408975444543,-0.052375152253349544,-0.04496516782773918,0.060070671378091856,0.04301075268817178,0.06401463191586632,inf,-0.0493194789989756,-0.008368200836820106,-0.036363636363636376,-0.07927266927187171
2001-09-01,0.08292557127800326,0.09874811116285565,0.09865250844182016,0.09942037862546926,0.0744413361212346,0.2393107029294952,0.7980471223381211,0.7980471223381211,0.8999999999999999,0.7999999999999998,0.5931729369396981,0.038368617173743846,-0.4362507058159232,0.7141765380206344,0.22757875970228225,0.11653313911143481,-0.03170522707797763,-0.026525198938991856,0.07333333333333347,0.053608247422680666,0.07993124194241519,inf,-0.007850985221674822,0.011251758087201358,-0.037735849056603765,-0.0006063230835861022
2001-12-01,0.09420546452161105,0.09431831391449741,0.15019076003067688,0.1546251779708232,0.06332241598317201,0.06418117920060085,-0.018348963932238616,-0.018348963932238616,-0.052631578947368474,0.0,-0.681748226523987,0.8442306175565897,-0.42728365384615385,-1.2776574740462392,-0.051474451692889,-0.12002609262883235,-0.01415929203539823,-0.01498637602179842,0.06211180124223592,-0.18003913894324852,-0.1611619578193395,inf,-0.02823894491854151,0.008344923504867818,-0.02450980392156865,-0.052218755416883256
2002-03-02,0.0393084806066093,0.002376187787473283,-0.0662272113436867,-0.08629545040263342,0.10228091115576565,0.15750726194896747,0.5609470583792764,0.5609470583792764,0.6111111111111112,0.5555555555555558,5.65355699119725,0.6464097848864561,2.1643931444561035,-7.202775547654547,0.3366113552338392,0.22535211267605648,0.013464991023339312,0.008990318118948792,0.09649122807017552,0.15393794749403322,0.153225806451613,inf,0.06051413060833477,0.034482758620689724,-0.02010050251256279,0.09702345571761706
2002-06-01,0.09859200238904964,0.04458567053362761,0.1907597524798117,0.19985017935448024,0.052003472380865334,-0.11632605468372281,-0.4399811307061471,-0.4399811307061471,-0.4482758620689654,-0.4642857142857143,-0.5584255563189543,0.6947893397059588,-0.5950038686857522,-1.4535797492696276,-0.11422923612792668,0.037810042347247386,0.001771479185119551,-0.0034270047978066653,0.05066666666666664,-0.05377456049638052,-0.04648292883587002,inf,-0.042306534176452915,0.005333333333333412,-0.01025641025641022,-0.12941274538407044
2002-08-31,0.03851489738108649,0.0515970285880174,-0.025426263380745717,-0.030967125650208538,0.0750985876344179,0.1625210157595669,0.6298192185576363,0.6298192185576363,0.625,0.6666666666666667,-0.062044311854642764,-0.03653863838396221,0.6301855895196506,-0.04590204031715617,-0.12304072969101165,-0.05741766248907021,0.016799292661361598,0.02269601100412655,0.07360406091370564,-0.10273224043715845,-0.11691113028472822,inf,0.03521458890111617,0.02917771883289144,-0.005181347150259086,0.08521639218690158
2002-11-30,0.12123369185581012,0.11739867371958135,0.19644172906855917,0.20957844093799416,0.08222713089734501,0.03652756676308133,-0.004598523701612844,-0.004598523701612844,0.0,0.0,0.16984727591785265,0.09458814546148697,0.9571404654277582,-0.13275224849922018,-0.12167816656975172,0.042980828695114104,0.008260869565217321,0.01008742434431742,0.0780141843971629,-0.02923264311814877,-0.04201270151441128,inf,-0.03477600607441145,0.030927835051546282,-0.02083333333333337,-0.07618669490029994
2003-03-01,0.038578207642380624,0.05888521550401604,-0.040523667233039684,-0.05406469127149027,0.08393405858340319,0.12100253197012911,0.4020263073809778,0.4020263073809778,0.34615384615384603,0.3999999999999999,1.1478360736426385,-1.2650345890012789,-0.7528656971770744,-6.484394629880527,0.7597796820131659,0.015120071153276182,0.006037084950409666,0.007989347536617952,0.07894736842105265,-0.057716436637390234,-0.06119326874043851,inf,0.04358086847073617,0.030000000000000027,-0.02127659574468077,0.11938302850866722
2003-05-31,0.05533930726840941,0.08744341883515405,0.05226747507534735,0.051269460179866444,0.056898412516934505,-0.14812273418648003,-0.45391182140177955,-0.45391182140177955,-0.4571428571428571,-0.4571428571428571,-0.41253403318474224,0.32785896416527294,3.1450328833506402,-0.2450783555441769,0.3259351911105939,0.05286214953271018,-0.03429061294470637,-0.02443857331571997,0.054878048780487854,-0.023968042609853524,-0.020912547528517234,inf,0.0015076134479119485,0.0060679611650484855,-0.03260869565217395,0.03442685892240083
2003-08-30,0.07747889475668734,-0.008058553128658885,0.09146056809183967,0.07177890001020915,0.07041360466017998,0.24341066018696278,0.690338735480281,0.690338735480281,0.736842105263158,0.6842105263157894,0.2980616519146644,-4.9282484359191425,-2.325762004175365,-1.3948475383013537,-0.0970595763040315,0.12205270457697659,-0.0031069684864625247,-0.0020311442112389555,0.06936416184971095,0.06275579809004084,0.07877947295423038,inf,-0.006472979075718754,0.013268998793727338,-0.011235955056179803,-0.07452161002969315
2003-11-29,0.11656183644074103,0.14372574626214796,0.15685760196606635,0.1701976074157585,0.0957989997473494,0.056948387009703616,0.0339272487861082,0.0339272487861082,0.030303030303030276,0.03125,-0.6175900286918382,-0.567456333541832,-3.002708490803729,-1.0444518112229522,0.0047782487637293425,0.008899876390605632,-0.0013357079252003246,0.002035278154681075,0.08648648648648649,-0.056482670089858855,-0.054512728207765426,inf,-0.018636363636363562,0.014285714285714235,-0.017045454545454586,-0.02259257608840959
2004-02-28,0.030932030639125863,0.0011504695166248968,-0.10715255975275706,-0.14191315362811407,0.10604613590541478,0.10486405502494178,0.43521779794241144,0.43521779794241144,0.44117647058823506,0.4242424242424241,3.6320772368371816,-0.16916795275303498,-0.19836452272369864,68.38440677966102,0.32995932816512474,0.008821367311933281,0.022291573785109264,0.035883547731889065,0.09950248756218905,-0.07074829931972781,-0.059015501767745504,inf,0.07287324378570315,0.04694835680751175,-0.005780346820809301,0.16672745509255038
2004-05-29,0.03871417437137503,0.00889002410010531,0.025329357140160713,0.019817188064465086,0.04459167579188472,-0.1517888511535309,-0.4311948865842161,-0.4311948865842161,-0.44897959183673464,-0.42553191489361697,-0.7572283754635127,0.9165423431329531,-0.8423571876961707,-1.326913681577456,-0.08110640412598558,-0.06145251396648044,-0.015699956389010006,-0.0019607843137254832,0.043740573152337925,-0.14641288433382138,-0.14739884393063585,inf,0.005612318319182741,0.01457399103139001,-0.01744186046511631,-0.010745965378453293
2004-08-28,0.04936557860709567,0.06357531962313145,0.02116704933139668,0.02504893066117564,0.06151970047999744,0.1571807865624748,0.4626381796243708,0.4626381796243708,0.4814814814814814,0.4444444444444444,2.053708695218129,-0.2879252713036311,-1.4925335988053758,-2.318842095824491,0.11640797202483566,-0.047101449275362306,-0.019494904740806396,-0.0032743942370661028,0.06069364161849711,-0.08747855917667235,-0.1020338983050848,inf,0.011591299370349084,0.01878453038674044,-0.023668639053254448,0.037604676884183785
2004-11-27,0.07816900528972104,0.09232673829589078,0.0922738411417221,0.10017005576536286,0.07232064796401416,0.024486640082891142,0.01599060062662483,0.01599060062662483,0.0,0.025641025641025772,-0.6095709786742511,0.6596681885409299,-10.485598787266296,-1.7300705957008011,-0.07612453476694037,0.0975013579576316,-0.02123813827383647,-0.001971090670170761,0.06539509536784749,0.03571428571428559,0.04492261230653072,inf,-0.0053755835337389035,0.020607375271149753,-0.024242424242424176,-0.0071189279731993516
2005-02-26,-0.04959371349636277,-0.0914990035525518,-0.0035627873760101236,-0.01291491859533589,-0.06903488539105607,0.12449938896146429,0.4843307880945156,0.4843307880945156,0.5249999999999999,0.47499999999999987,3.201906303640956,-1.1043155943870797,-19.460952482420627,-0.54524430371888,-0.715946091809669,-0.02796337540212812,0.052631578947368585,0.0500329163923634,-0.0421994884910486,-0.08892921960072597,-0.07261560693641611,inf,-0.020480728203669418,0.04250797024442088,0.012422360248447006,-0.07963651700471608
2005-05-28,0.05386379098112837,0.06076675177229207,0.05603397653322517,0.05311397870633128,0.05288275231172879,-0.15209730411829558,-0.4535142004641397,-0.4535142004641397,-0.44262295081967207,-0.44067796610169485,-0.7089300422456626,-6.8204159960381325,-1.0254018912188463,-1.0825966756544592,0.010895600338574063,-0.027749490835030644,0.0061403508771928905,0.0018808777429466517,0.04806408544726293,0.015936254980079667,-0.09816906895208422,inf,-0.001016407724698798,0.005096839959225052,-0.006134969325153228,0.007290451591401403
2005-08-27,0.0441639667625644,0.05776311234788234,-0.022577109783952887,-0.0254425848892329,0.07442476262798436,0.15007863094563656,0.42970385124819277,0.42970385124819277,0.4117647058823528,0.4242424242424241,0.8126654495664081,0.05130659519479286,0.3556742019765988,28.73099173553719,0.32044555690158916,0.14558785022257137,0.009154315605928609,0.01001251564455563,0.07006369426751591,0.09215686274509816,0.10496760259179272,inf,0.029069767441860517,0.011156186612576002,0.0,0.08536333181686584
2005-11-26,0.0748296499168768,0.06817868860819742,0.1059140103881504,0.11826528631943845,0.062008246319380955,0.012226257736612123,-0.04796254649863507,-0.04796254649863507,-0.06249999999999989,-0.04255319148936165,-0.5851367853860583,-0.9897923052798769,-0.3934975699681582,0.002585164491514913,0.24330723799822573,-0.08365714285714276,-0.006047516198704139,-0.0074349442379181285,0.06071428571428572,-0.14362657091561948,-0.12431587177482406,inf,-0.012005649717514055,-0.0030090270812437314,-0.006172839506172867,-0.04477384445375898
2006-02-25,-0.1063825739661074,-0.1756205589456894,-0.015394870018123563,-0.013040820010751797,-0.145463946846494,0.16332040202115028,0.4702273064923488,0.4702273064923488,0.5111111111111111,0.48888888888888893,4.280657299790611,-126.18235877106045,-83.23970710140922,-2.676232064878353,-0.3280278449969073,-0.01696183586929423,0.024337244676227776,0.017478152309613026,-0.09988776655443332,-0.07337526205450728,-0.043749999999999845,inf,-0.04374553252323077,-0.008048289738430636,0.024844720496894235,-0.16475187490027132
2006-05-27,0.04453363846558678,0.04665760915468309,0.025540997954791145,0.021237011720526278,0.053933125593935705,-0.17167246491530486,-0.4925728317215873,-0.4925728317215873,-0.47058823529411775,-0.4776119402985075,-0.7642596695084002,-2.970770095559303,-1.0117261457771596,0.32243311417111187,-0.6455548512900843,-0.035270235980715436,-0.004242681374628798,-0.008588957055214785,0.05361596009975056,0.07239819004524883,-0.0756302521008404,inf,0.009119449843025818,-0.022312373225152116,0.0181818181818183,0.024930747922437657
2006-08-26,0.05038837916767047,0.0988676193168272,0.011548496544420805,0.005510800436589136,0.06909247376042726,0.1513478509100885,0.44910436020750555,0.44910436020750555,0.44444444444444464,0.4571428571428573,0.8487518892301691,-0.7119344704852044,-0.9674785100286533,-1.5015509499568487,0.9134802665299846,-0.10126249342451343,0.001704303365999138,-0.006188118811881194,0.06745562130177518,-0.14767932489451485,-0.11060606060606071,inf,0.017777777777777892,-0.021784232365145262,0.011904761904761862,0.09282385834109985
2006-11-25,0.07064519510645906,0.11643530087623999,0.07151054324871353,0.07512227766132296,0.07025090027537839,0.007466842205795077,-0.021293846840966135,-0.021293846840966135,-0.019230769230769273,-0.019607843137254943,-1.1055386704817411,-2.853263977017585,67.04405286343612,0.6500205738226161,0.7877067038108503,0.09072285630670174,0.005104210974053558,0.0006226650062266526,0.06762749445676297,0.022277227722772297,0.0687109596819988,inf,-0.00043668122270756893,-0.01378579003181335,0.01764705882352935,0.03841889817499555
2007-03-03,-0.0034264496338584083,0.014329309890542818,0.052659784736126536,0.04815627791854005,-0.029012152233712896,0.23205145623872925,0.4451543149203854,0.4451543149203854,0.43137254901960786,0.45999999999999996,-25.73244627686157,-2.5797188694579054,-18.669817428460444,-1.657016549535253,-0.28949734286970075,0.08746981486450212,-0.02454506982649174,-0.02551337896701944,-0.007268951194184914,0.01937046004842613,0.06110520722635493,inf,-0.02562982379496137,-0.03440860215053754,0.005780346820809301,-0.03227528435921645
2007-06-02,-0.022898974163135688,-0.06306496594177602,0.04395898799605846,-0.06293572549523041,-0.05596396732387088,-0.2214019439725673,-0.4916149279544505,-0.4916149279544505,-0.4794520547945206,-0.4794520547945206,-0.7029251080403216,-1.614222700684031,0.014230859420799602,-0.6520708970244873,-0.1417651993382728,-0.004934616333580166,-0.0039045553145337086,-0.014687100893997385,-0.03556485355648531,0.002375296912114022,-0.033550325488232224,inf,-0.03377671499028556,-0.016703786191536785,0.005747126436781658,-0.00012729664361188497
2007-09-01,-0.013159404855453083,-0.021117485740140274,0.021435266489538307,0.030777059236333004,-0.032079328432152665,0.1380441423479022,0.40479899089319327,0.40479899089319327,0.44736842105263164,0.44736842105263164,0.3628046965999814,-0.8642056690837179,-0.14032989899281822,0.9890247933884297,-0.32855169250427285,-0.09124721051326556,0.014808362369338024,-0.004536616979909258,-0.008676789587852451,-0.056872037914691864,-0.10414507772020731,inf,-0.0191802010827532,-0.02038505096262755,0.017142857142857126,-0.050331013410286785
2007-12-01,0.012091213341117957,0.005972448032995237,-0.00480078221183855,0.009378579804725229,0.02184026138250328,0.015291483473589551,-0.059697431432302994,-0.059697431432302994,-0.036363636363636376,-0.054545454545454564,-1.2368783884109327,10.56510565391205,-0.5921031067332865,-2.121360191463901,0.5487016419573367,-0.10859481582537511,0.018025751072961338,0.0,0.03282275711159732,-0.10301507537688448,-0.12492770387507224,inf,0.00961993376439052,-0.03121387283236987,0.028089887640449396,-0.0033961926892484007
2008-03-01,-0.005124108023723206,-0.16471230381064605,-0.07774406141731949,-0.09162632882003285,0.035695067989739426,0.07713566313246378,0.25094768215753227,0.25094768215753227,0.28301886792452824,0.26923076923076916,-10.86591693223419,-2.2210167650181476,-0.03482166773123441,-0.5012449977767897,0.17670781849784434,-0.10407101316192235,-0.04679595278246207,-0.04817708333333326,0.04766949152542388,-0.13165266106442575,-0.1123595505617978,inf,0.040924711027803706,-0.04773269689737469,0.0,-0.08044121603443632
2008-05-31,0.03696086437034696,0.07770743146523729,0.039099562102997476,0.044406337761509596,0.03589038764507224,-0.1472672572633984,-0.5559995604929419,-0.5559995604929419,-0.5588235294117647,-0.5454545454545454,-0.8243455001214632,-0.7916905954008299,-1.0200456845206327,-0.519449644884253,0.07216490244729656,0.04885548343013313,-0.06368863334807606,-0.05677154582763344,0.03033367037411505,0.0,0.08339538346984376,inf,-0.0010504201680672232,-0.06140350877192979,0.005464480874316946,0.03188999414862481
2008-08-30,0.03666849465176392,0.06706762086627527,0.031673647798222904,0.030557666797275118,0.03917629729445582,0.12459940636618572,0.55343397111114,0.55343397111114,0.5333333333333334,0.5333333333333334,0.5539361702127659,-0.44438619993398953,-14.487752928647497,1.9868901119287612,0.20104056107052926,-0.04234527687296419,-0.08266414737836558,-0.07034082668600428,0.04219823356231589,-0.06774193548387097,-0.004810996563573866,inf,0.002553702869160235,-0.06408544726301735,-0.005434782608695676,0.03539363009167373
2008-11-29,0.01525745334182238,0.041192654412871565,-0.023870164694824614,-0.03373400152082895,0.03476073506620292,-0.038410543872027025,-0.2646812221216085,-0.2646812221216085,-0.26086956521739124,-0.26086956521739124,-1.5967784526010034,-1.2658117268851772,-0.9294512435846822,-2.142833481708453,-0.19129735649232726,-0.15102040816326523,-0.13130792996910412,-0.11778471138845559,0.034839924670433176,-0.18685121107266434,-0.1111878453038675,inf,0.019178903206472864,-0.09700427960057068,-0.021857923497267784,0.07754096116106046
2009-02-28,0.01750802666736595,0.02917124134291882,-0.05470449570760272,-0.09644644060950669,0.05146308223404894,0.07886483463408811,0.6120638540478904,0.6120638540478904,0.6470588235294119,0.588235294117647,-8.816142248443134,-6.334165899829105,-0.15444879686625634,-8.877771739130434,1.8634746910300142,-0.09815705128205121,-0.10551274451689385,-0.09372236958443869,0.05186533212010924,-0.12765957446808518,-0.006216006216006265,inf,0.03337253748897373,-0.06793048973143756,-0.027932960893854775,0.13905124947056335
2009-05-30,0.05556798411185415,0.10579643585002185,0.10037378122957552,0.11929046935468968,0.03662712376193733,-0.11903348144882109,-0.383411846256136,-0.383411846256136,-0.3928571428571429,-0.37037037037037035,-0.5925932138356735,-0.5320501762081968,-8.878226340172072,-0.5694522056878991,0.28018928209587113,0.13771657041314955,-0.015241882041086785,-0.00585365853658526,0.02768166089965396,0.08292682926829298,0.22126661454261143,inf,-0.017925736235595346,0.016949152542372836,-0.02298850574712641,-0.012047744766296109
2009-08-29,0.050905737037328036,0.10207365450289241,0.056481971079786364,0.06829900773263531,0.04840352474575216,0.1301798930557032,0.5547538200339559,0.5547538200339559,0.5588235294117647,0.5294117647058822,0.019494722323721403,0.12692226669475448,-0.7086693548387097,-0.03769795700360534,0.21061472889784594,0.2651308082780164,-0.0053835800807539025,0.001962708537782021,0.04461279461279455,0.2297297297297296,0.23495518565941098,inf,-0.0024626973779516836,0.030000000000000027,-0.02941176470588236,0.03161579284128124
2009-11-28,0.04061461685275991,0.06492851571655267,0.037163605586578496,0.042136061549856496,0.0421751146307896,0.031623434847295684,0.1162612243693324,0.1162612243693324,0.1132075471698113,0.1153846153846152,-1.0015648899276617,6.237265164968688,-8.435697808535178,-2.0044014719676744,-0.17473911284365307,0.15308641975308634,0.09201623815967519,0.09500489715964733,0.04512489927477836,0.10256410256410242,0.11301192327630893,inf,0.001452221899506334,0.11003236245954673,-0.012121212121212088,0.021854135502937133
2010-02-27,0.04553057105390157,0.07136403638135902,-0.01968636000138624,-0.0319651237502242,0.07487892213852687,0.135975074223031,0.49411718047697106,0.49411718047697106,0.47457627118644075,0.48275862068965525,-1656.8419354838709,0.8948554528841621,-1.8372823515724979,-2.3343225022104335,0.28252681535287927,0.06263383297644554,0.10780669144981414,0.11091234347048307,0.07016191210485734,0.01661129568106312,-0.06613879832324165,inf,0.028132250580046536,0.11661807580174943,-0.006134969325153228,0.10675521279634381
2010-05-29,0.0405455607680707,0.06146135162326405,0.05241437915297631,0.056655015771333916,0.03567435662147167,-0.14305556979054657,-0.39147149644756285,-0.39147149644756285,-0.3908045977011494,-0.39534883720930225,-0.6643691641129841,-0.4257078887552267,-1.7353063776573572,-1.0501741496485946,-0.011052823647477394,0.12493702770780835,0.032438478747203625,0.037842190016103006,0.033141210374639796,0.05228758169934644,-0.031421446384039875,inf,-0.004654442877292109,0.05352480417754557,-0.012345679012345734,0.0045486805600361
2010-08-28,0.01473337379822448,0.01851783797017359,0.049095992095357754,0.055775091752409356,0.0004023029065989281,0.11111457782450906,0.32134522693071044,0.32134522693071044,0.3396226415094339,0.34615384615384603,0.34557095012276307,-0.5019522673597512,11.053917863441672,2.5890218737102764,-0.04011217867405914,-0.08329601433049705,0.03250270855904658,0.03491078355314192,0.01882845188284521,-0.1149068322981367,-0.14984552008238927,inf,-0.014170327334561472,0.04213135068153662,-0.006249999999999978,-0.03529336202190192
2010-11-27,0.022083590992078683,0.02508076795883296,0.06401610370748956,0.06826332176935845,0.0037442456432290605,0.02668797648743637,0.037517537344227136,0.037517537344227136,0.05633802816901423,0.05714285714285716,-0.8103477281844887,-0.33410379831292003,-0.01631411730278831,3.603642970492859,-0.19237888561697025,-0.009526135808500258,0.025708289611752422,0.023238380809595283,0.02053388090349073,-0.024561403508772006,-0.07692307692307698,inf,-0.017967514733362,0.027348394768133222,-0.0062893081761006275,-0.040446071904127745
2011-02-26,0.015475490126430014,0.031608641648613656,-0.02651605265623269,-0.03469700884834315,0.034943425907207226,0.14186269660923845,0.5031287452140805,0.5031287452140805,0.5066666666666666,0.5135135135135136,11.26748549982941,-0.41644301306137055,-0.13160970219818746,-2.7148038427144794,0.40847378360721276,0.16596794081381017,0.058312020460357994,0.05347985347985351,0.05432595573440646,0.14028776978417268,0.10039370078740162,inf,0.019174473067915754,0.04629629629629628,0.006329113924050667,0.06869037294015601
2011-05-28,0.030346111087594885,0.05049513505446224,0.09753204077609423,0.09599830616133809,0.0010473950055180925,-0.15769309535814247,-0.36293045358809817,-0.36293045358809817,-0.34513274336283184,-0.3571428571428572,-0.5210182816034412,-0.2041085390157903,0.14387261349107794,-0.8677772145408357,0.03834614607967146,0.08269881556683578,0.04398260028999523,0.033379694019471495,0.004452926208651231,0.028391167192429068,-0.008944543828264706,inf,-0.028436018957346043,0.03207964601769908,0.0,-0.04151923389060219
2011-08-27,-0.011870495620738164,-0.019855138873343336,-0.02355565758791256,-0.03980703632971616,-0.006283638529317126,0.09673826548578623,0.27021010311333615,0.27021010311333615,0.2702702702702702,0.29166666666666674,-0.11812227581348178,5.658910547807998,0.4222685705117921,-5.648636143304103,-0.17167423531680515,0.07481930064465736,0.04861111111111116,0.0423956931359355,0.012666244458518161,0.06748466257668717,0.00902527075812265,inf,0.0057649667405765825,0.03644158628081451,0.0062893081761006275,0.020795231321547147
2011-11-26,0.018551003779088582,0.022960127555204712,0.05832820842154529,0.0789195341511364,-0.000136536363929185,0.012746838462549093,-0.003609856477686857,-0.003609856477686857,0.02127659574468077,0.021505376344086002,-0.6385858949429153,-0.4528614074468331,-0.09756345177664971,0.19554656062336773,-0.2477823947190051,0.07869865503453277,0.03796909492273737,0.0322788896061974,0.013758599124452875,0.06609195402298851,0.008348240906380422,inf,-0.018371546149323903,0.02792140641158225,0.006250000000000089,-0.05185799601857988
2012-02-25,-0.02230015596616708,-0.034478909241079436,-0.07332392610526361,-0.1081551592777491,0.0030727434156958555,0.16588132333658057,0.5359974446933633,0.5359974446933633,0.5625,0.5578947368421052,6.976899814178316,-0.2533254382811343,0.45315683553955566,-1.9412305740564542,0.31004374795951684,0.016680707666385963,0.0735857082092728,0.0694183864915574,0.03516347933374453,0.0026954177897575704,-0.040804257835600266,inf,0.02590208114987269,0.048289738430583595,0.01863354037267073,0.08261888931658334
2012-05-26,0.017431251316698315,0.013732763142300763,0.08198863718342442,0.12944523683286913,-0.01222655389585492,-0.18812698686900553,-0.4107958284312748,-0.4107958284312748,-0.4,-0.3986486486486487,-0.5853159438119107,-2.082360938031041,-0.2064043674482885,-0.696659028877582,0.07179071061020803,0.09562479284057002,0.030507131537242493,0.02631578947368407,-0.005363528009535101,0.05913978494623651,-0.0012330456226880004,inf,-0.029188558085230576,0.014395393474088358,0.012195121951219523,-0.10246299049712315
2012-08-25,0.04861501713844607,-0.11400215199032915,0.12187276094581745,0.05892927746195964,0.011750210152406737,0.16892410917949485,0.08457908681274051,0.08457908681274051,0.09999999999999987,0.101123595505618,-0.2665606802711098,-5.378166213104459,-0.2923952943896869,-5.592171401594046,-0.30759293293054957,0.013916200272273471,-0.005382545174932751,-0.019943019943019946,0.024565608148591878,0.02030456852791862,-0.02654320987654324,inf,-0.035027059530968074,-0.03311258278145701,0.012048192771084265,-0.16331748775569
2012-11-24,0.0457396354176729,0.06632817734167551,0.10164095408857876,0.14692155296911902,0.014547092724259914,0.0419534788653364,0.037533990103864934,0.037533990103864934,0.05050505050505061,0.05102040816326525,-0.32272565716030654,-0.9419421932152334,-0.03972468444916466,-0.7816787060918786,-0.09698642649419387,-0.04520364016112188,0.0,-0.018023255813953476,0.028654970760233933,-0.06965174129353213,-0.056436271401394955,inf,-0.029911201121670006,-0.03033268101761255,0.011904761904761862,-0.07024491025696222
2013-03-02,-0.0167350468995916,-0.02529529193747848,-0.08693645801949945,-0.10980541811179956,0.025799560586776016,0.2589665189997339,0.6063243823845328,0.6063243823845328,0.6442307692307692,0.6310679611650485,3.3281914067985783,18.97961704756022,0.6201639832401047,0.4859631871251886,-0.15959700235919927,-0.09921875000000002,0.01236954000773105,-0.000592066311426831,0.0540079590676521,-0.12299465240641716,-0.11559139784946237,inf,0.043198972217761256,-0.04036326942482327,0.04117647058823537,0.09490301374936339
2013-06-01,0.005206409220962271,0.0019816495733016026,0.048801893627097526,0.0604803052818903,-0.01830488782345896,-0.2320571328278862,-0.4583975264261565,-0.4583975264261565,-0.45029239766081874,-0.4464285714285714,-0.5346514701813947,-0.7507909028142744,-0.012530316605459113,0.1661835568687029,-0.22146446454773783,0.09991326973113623,-0.012218403970981395,-0.023696682464455,-0.008090614886731351,0.04268292682926833,0.05167173252279622,inf,-0.023399014778325067,-0.03890641430073616,0.016949152542372836,-0.055135089425394246
2013-08-31,-0.0007405766961819937,-0.0027580874954743484,-0.01141273801274656,-0.016038793431551013,0.005408420516992196,0.08098034561700374,0.23119166378586598,0.23119166378586598,0.25531914893617014,0.24731182795698903,-0.18127605542833658,-0.5962639816403746,-0.20049321497060324,-0.548325221185892,-0.12848471069682843,0.14461441413026344,0.017008117510630028,0.01577669902912615,0.019575856443719397,0.15497076023391831,0.13511560693641633,inf,0.006305170239596425,0.00328227571115991,0.016666666666666607,0.013469369490311855
2013-11-30,0.037494770507102704,0.04920298070028384,0.05847643036022632,0.0744683656694769,0.025607989843822843,0.014578534617335048,-0.0485631999486571,-0.0485631999486571,-0.0423728813559322,-0.0344827586206895,-0.5233461378132578,-4.34044296504929,-0.3802991378378603,-2.552323318115865,0.22885406014566856,0.035822540644805834,-0.0049410870391487505,-0.0017921146953404632,0.03466666666666662,0.015189873417721378,-0.0031826861871420142,inf,-0.01159147869674182,-0.009814612868047967,0.005464480874316946,-0.023489932885906173
2014-03-01,-0.028796136719001275,-0.05919049061264681,3.520162871728516e-05,0.0035994021905136897,-0.0456534751568346,0.11814878123956096,0.40515689490170614,0.40515689490170614,0.433628318584071,0.4285714285714286,6.346648987690543,-3.716689278788297,2.564511584850477,-2.191728980485136,-0.22194011854015594,-0.047885075818036804,-0.030175706646294764,-0.04129263913824055,-0.00412371134020606,-0.07980049875311712,-0.06513409961685823,inf,-0.01727416798732173,-0.020925110132158586,-0.021739130434782594,-0.06257912823295342
2014-05-31,0.0009903976269474146,0.005410513787779125,0.022045796949244245,0.025882641950173868,-0.011909815245629174,-0.1706407801420654,-0.4387861949780827,-0.4387861949780827,-0.4197530864197532,-0.41874999999999996,-0.7607296,-1.6918673220059701,-0.5067692180301707,-2.626544744997513,0.4639688308286678,-0.08968985750209557,-0.008270972823946399,-0.016853932584269704,-0.0020703933747411307,-0.086720867208672,-0.0744535519125683,inf,-0.012901144976616652,-0.01912260967379087,0.005555555555555536,-0.019969129847578593
2014-08-30,0.1056110279130531,0.16805140943912633,0.6592838437573061,0.06321102871292483,-0.24527038807789858,0.10848316218102316,0.19727669311207574,0.19727669311207574,0.25531914893617014,0.25806451612903203,0.9662975445353876,-0.8856749030434765,-2.1235219828227603,3.057929339260932,1.2860606670543158,-0.06967464702271331,0.046068308181096196,-0.052063492063492145,-0.17686721991701249,-0.06824925816023741,-0.07011070110701112,inf,-0.3174317921908184,-0.03555045871559637,-0.016574585635359185,0.09863175509400546
2014-11-29,0.042872313505613935,0.061624843072230595,0.012563121462066285,0.0357352491257652,0.08510131570754953,-0.0006536713408412664,0.006496898902894843,0.006496898902894843,0.05084745762711873,0.05128205128205132,-1.1368293611927305,-6.345045302133124,-0.9410897729781128,-1.2648889442786775,-0.14901759051447583,0.12256680963378419,0.0546697038724373,-0.04085733422638982,0.08254568367989923,0.36624203821656054,0.12063492063492065,inf,0.04068932503590239,-0.01902497027348382,-0.028089887640449507,0.024997760057342555
2015-02-28,-0.07863344799876226,-0.14134852926921526,-0.03152637580163453,-0.06539642983428873,-0.13987897684355877,0.13374640670340954,0.4243549474730266,0.4243549474730266,0.47580645161290325,0.4552845528455285,-14.553595927862725,-0.5019120012279519,-44.9275379028074,-0.15205510178402415,-0.16119742718697727,0.10624540778839098,0.079913606911447,-0.02723463687150829,-0.07799767171129224,0.020979020979021046,0.08144475920679883,inf,-0.0664673413063478,-0.023030303030303068,0.0,-0.08129370629370647
2015-05-30,-0.023659737478645138,-0.0374429149944302,0.007738925440316624,0.015685539725770692,-0.06962477990952143,-0.17925410740836534,-0.5064769623218017,-0.5064769623218017,-0.48633879781420775,-0.4804469273743016,-0.7740368605048624,-0.4742815033161385,-0.507096354252104,0.6796928933191393,-0.2973409443405126,-0.024707757704569566,0.08400000000000007,-0.03804737975592243,-0.04987373737373735,0.05936073059360725,-0.06090373280943029,inf,-0.047055925104705576,-0.037220843672456594,0.0,-0.05228353948620357
2015-08-29,0.00791459169214126,0.017093897500725763,0.008934535015979073,0.015227405071983835,0.00629732199251154,0.09383767361269602,0.2728098907548706,0.2728098907548706,0.2978723404255319,0.30107526881720426,0.6575233074505935,-0.7052272090119021,-0.5061528549140304,-1.2010148111729098,0.08506249695235923,-0.10269681285753207,0.008917589175891694,-0.010447761194029903,0.022591362126245906,-0.05603448275862066,-0.10251046025104604,inf,-0.0018097207859357756,-0.027061855670103108,0.01734104046242768,0.001857336479092364
2015-11-28,0.028969648968187656,0.04818639422975912,0.04780753938611393,0.09443894490762017,-0.0009788698064220336,-0.014501235031976645,-0.11831731770445963,-0.11831731770445963,-0.0983606557377048,-0.09917355371900816,-0.684303088462819,3.7159778661594327,0.08804343138100568,-4.378862285747044,-0.2648828649880236,-0.11612021857923494,0.004266991770801587,-0.03469079939668174,0.018843404808317032,-0.136986301369863,-0.12354312354312358,inf,-0.029008029008029013,-0.05430463576158928,0.017045454545454586,-0.042288806493636644
2016-02-27,-0.05041677430365199,-0.0869993719180554,-0.07920036239218109,-0.14831103563754255,-0.002421900150988754,0.15781033464756966,0.7070679803842175,0.7070679803842175,0.7454545454545451,0.7522935779816511,5.479633742354124,2.121899349161243,0.6145506617315515,-1.140454458054811,0.050609593325956714,-0.17173278378842527,-0.003034901365705611,-0.010937500000000044,0.04719387755102056,-0.18518518518518512,-0.14804964539007093,inf,0.05041344358495592,-0.026610644257703098,0.016759776536312776,0.07198911792403462
2016-05-28,0.012315392971776973,0.018836831102870377,0.028047418388587042,0.058869177522794525,-0.01189784101830793,-0.1988968639149511,-0.5960420894499644,-0.5960420894499644,-0.578125,-0.581151832460733,-0.6020254589738288,-0.8489993187850884,-0.5164816616387445,0.15541955226284432,0.055658461556365335,-0.024466099937798025,-0.040487062404870766,-0.04186413902053698,-0.003045066991473888,-0.06818181818181812,-0.047866805411030056,inf,-0.02386998476383939,-0.04172661870503591,0.0,-0.037823328452903815
2016-08-27,0.013740434113084676,0.007817536597323205,0.01123240384306734,0.010383648762585684,0.017756605446945795,0.0913598706248604,0.3646743163783752,0.3646743163783752,0.3827160493827162,0.38749999999999996,0.25273884614829467,2.419709874382608,-0.11762391068402378,0.17002369668246442,0.06168824606949874,-0.060998937300743794,-0.043147208121827374,-0.04369332234130252,0.03359804520464271,-0.059233449477351874,-0.0360655737704918,0.9230769230769229,0.0039021852237253185,-0.042042042042042205,0.0,-0.002536139994927744
2016-11-26,0.08447958017055579,0.08695880162015879,0.12756764940005572,0.2551533606283698,0.015923884856031245,-0.010959981393698914,-0.24448561269310065,-0.24448561269310065,-0.2321428571428572,-0.23423423423423428,0.054176124252514724,2.1882612502985297,-0.31965674250652776,-4.122501861504095,-0.18142958999314696,-0.03757356269805334,-0.07095490716180364,-0.08017241379310347,0.028368794326240954,-0.07037037037037053,-0.01814058956916098,0.52,-0.06322881575537709,-0.06739811912225702,-0.016483516483516536,-0.1339944063056191
2017-02-25,-0.053474718853733116,-0.10757959608648182,-0.10634156651474791,-0.18939606946024767,0.03988324207078975,0.1957276710007565,1.125624881351642,1.125624881351642,1.1395348837209305,1.1647058823529415,0.08967534856947168,-0.6506543676229815,1.0043031443615065,-1.146158835536733,0.032394937907764376,0.02704609595484464,-0.06281227694503932,-0.059981255857544546,0.07643678160919554,0.0,0.079676674364896,0.3421052631578947,0.0987551867219918,-0.05714285714285716,0.0,0.1009395184967703
2017-05-27,0.004348798405615861,-0.04213639121389423,0.018527161312334783,0.04551928879739786,-0.017168166391287043,-0.22405866063904623,-0.7198563614036393,-0.7198563614036393,-0.7119565217391304,-0.7119565217391304,-0.3158181568943439,-0.13104208785149785,-0.28615663788237655,-2.2405534164328134,-0.03892662528745994,-0.12617357453629507,-0.08187357197258183,-0.07876370887337991,-0.013881473571810021,-0.1872509960159362,-0.1122994652406416,0.2941176470588236,-0.02139979859013097,-0.06951871657754005,-0.011173184357541888,-0.08384447170515763
2017-08-26,-0.013546348999920133,-0.03282282784952928,-0.033842713983530226,-0.06399895718579462,0.01837392314277686,0.0708264089993913,0.25167700543283344,0.25167700543283344,0.26415094339622636,0.26415094339622636,-0.2177888327452916,0.1404634329761234,-0.42751470544766634,-0.7233941817034036,-0.011203443279638625,-0.15539832285115307,-0.12691829116549158,-0.11904761904761896,0.028695181375202994,-0.1470588235294118,-0.10361445783132528,0.0,0.03241574479032683,-0.11111111111111127,-0.011299435028248594,0.03330034348256383
2017-11-25,0.05989081863027468,0.11617130698137634,0.093345146629086,0.18705040673296391,0.009974655527541954,0.006192026378263993,-0.3494534649262443,-0.3494534649262443,-0.34328358208955223,-0.34328358208955223,-0.20570136255443028,-0.09437655834655567,-0.42160292238385977,1.0842525675161658,-0.02361537897953292,-0.24449270865653105,-0.12589073634204273,-0.11302211302211307,0.015789473684210575,-0.26436781609195403,-0.1586021505376345,0.2272727272727273,-0.04709693496137546,-0.11422413793103448,0.005714285714285783,-0.05972167446053289
2018-03-03,-0.02059737277500051,0.0077622306458764445,-0.06483151472782178,-0.08275156952343998,0.05085115717650246,0.25781517861162095,2.1654296014746905,2.1654296014746905,2.227272727272727,2.204545454545454,1.8932209122155719,3.6002411886504815,0.4690575554018166,8.76028834747696,-0.236067737357731,-0.07392197125256672,-0.1630434782608695,-0.15650969529085867,0.06683937823834185,-0.08593750000000011,0.03514376996805124,0.3580246913580247,0.072960251046025,-0.16301703163017023,0.005681818181818121,0.09868775840373889
2018-06-02,-0.003843309984680743,-0.003701010153917883,-0.01026232497739743,-0.01737002380309227,0.005383524635224735,-0.2590227712562939,-0.7754323761621076,-0.7754323761621076,-0.7746478873239436,-0.7730496453900709,-0.3339785291167252,-1.333093443336499,-0.33881234144044237,-4.108607649374083,0.9606113133414225,-0.11751662971175181,-0.09350649350649354,-0.07881773399014791,0.006313744536182497,-0.1709401709401709,0.006172839506172645,0.14545454545454528,0.009261515963928879,-0.07558139534883712,-0.005649717514124353,0.013907068062827266
2018-09-01,0.043645293114407124,0.08082209473758972,0.07491981515327528,0.1484680698493046,-0.0006098108966423599,0.06585799953298643,0.11618780980356158,0.11618780980356158,0.125,0.125,0.6082924479783178,-2.037427517132314,0.43867751125815646,-0.4266238804713298,0.2809284958579288,-0.019597989949748595,-0.12965616045845274,-0.13190730837789655,0.014478764478764505,-0.030927835051546393,0.05368098159509205,0.12698412698412698,-0.042501811156725466,-0.11635220125786172,-0.017045454545454586,-0.058899467484266554
2018-12-01,0.029629106446391162,0.04781621011827486,0.04890010198179717,0.09615767811762366,0.0002987174787281166,0.03312177301808705,-0.499290692654043,-0.499290692654043,-0.5,-0.5,-0.9329504443914299,-0.27311634031833276,-0.5337687848347893,-1.5601019664203177,-0.1228394898406413,-0.19067145053818568,-0.11851851851851847,-0.11704312114989746,0.004757373929590969,-0.202127659574468,-0.09170305676855894,0.11267605633802824,-0.028499369482976156,-0.11032028469750887,-0.005780346820809301,-0.04406721536351166
2019-03-02,-0.12819899415450486,-0.12735779680146442,-0.13451239233498702,-0.22448290947313732,-0.1181231540243346,0.0909066624541468,-11.420998603925433,-11.420998603925433,-11.722222222222221,-11.722222222222221,8.570498504863924,2.9686016974184275,2.536651366719189,1.3743444710818098,-0.3049679153011162,-0.1253958201393286,-1.4547152194211017,-1.4488372093023256,-0.08238636363636376,-0.1333333333333333,-0.02564102564102566,0.10126582278481,0.011682242990654235,0.0,-0.01744186046511631,0.12520179372197293
2019-06-01,0.2157590980712243,-0.054445402678075405,0.47777822109066603,0.17012156146998114,-0.19463772457545525,-0.22216397748286587,0.4621561666397418,0.4621561666397418,0.5077720207253886,0.5077720207253886,-0.6437038003820552,-1.5399119270607207,0.0013559453360323381,-1.7976114411024602,0.38158314322859166,0.16292541636495272,3.3470225872689934,2.8860103626943,-0.16718266253869962,0.2769230769230768,0.0,0.09770114942528729,-0.3376956633307673,0.0,-0.047337278106508784,-0.1918805462564429
