Quarter end,Assets,Current Assets,Liabilities,Current Liabilities,Shareholders equity,Revenue,Earnings,Earnings available for common stockholders,EPS basic,EPS diluted,Cash from operating activities,Cash from investing activities,Cash from financing activities,Cash change during period,Cash at end of period,Price,ROE,ROA,Book value of equity per share,P/B ratio,P/E ratio,Cumulative dividends per share,Equity to assets ratio,Net margin,Asset turnover,Current ratio
1993-11-27,-0.18503326625323424,-0.23421068445405924,-0.2708115314265954,-0.3716623842657715,0.07533906029887016,0.0,0.0,0.0,0.0,1.625,-2.3990601087518146,0.016414607156030936,-2.214156016481598,2.2867262495862297,-0.20146178161302797,-0.022727272727272707,-0.04035608308605343,-0.1202185792349727,0.07792207792207795,0.26268656716417915,0.07863915225878415,inf,0.3196125907990315,-0.06194690265486724,-0.011396011396011319,0.21877603332265294
1994-02-26,-0.18503326625323424,-0.23421068445405924,-0.2708115314265954,-0.3716623842657715,0.07533906029887016,0.0,0.0,0.0,0.0,1.625,-2.3990601087518146,0.016414607156030936,-2.214156016481598,2.2867262495862297,-0.20146178161302797,-0.022727272727272707,-0.04035608308605343,-0.1202185792349727,0.07792207792207795,0.26268656716417915,0.07863915225878415,inf,0.3196125907990315,-0.06194690265486724,-0.011396011396011319,0.21877603332265294
1994-05-28,0.05484129033883689,0.04390081217875785,0.07186802901489742,0.11619837424259005,0.01979489089531339,0.05062240561253528,-0.6200161275871338,-0.6200161275871338,-0.8076923076923077,1.625,-2.3990601087518146,0.016414607156030936,-2.214156016481598,2.2867262495862297,-0.8292022982362373,0.36046511627906974,-0.04035608308605343,-0.1202185792349727,0.012048192771084265,0.26268656716417915,0.07863915225878415,inf,-0.03333333333333344,-0.06194690265486724,-0.011396011396011319,-0.06477732793522262
1994-08-27,0.2649219193216088,0.2764662474614026,0.3727698614945547,0.5607129247698572,0.0316017493207057,0.09862103147740231,0.7920301815609525,0.7920301815609525,0.7999999999999998,1.625,-1.4187330730540606,1.1465795681364543,1.0862212763509822,-1.749325222575837,3.637883825542734,-0.06837606837606836,-0.04035608308605343,-0.1202185792349727,0.03571428571428581,-0.08037825059101666,0.07863915225878415,inf,-0.18443530528313834,-0.06194690265486724,-0.011396011396011319,-0.18215550683083137
1994-11-26,0.5804532990270712,0.6568568753275765,0.5174845933089427,0.6678332112530858,0.05975656653827599,0.44654040198377154,1.3292105263157894,1.3292105263157894,1.2777777777777777,1.625,-14.878706425871483,0.2584320952171635,4.21006341328922,-1.7244160103223032,-0.5682206338161806,0.3516819571865444,-0.04035608308605343,-0.1202185792349727,0.04597701149425282,0.3059125964010283,0.07863915225878415,inf,-0.3293250581846392,-0.06194690265486724,-0.011396011396011319,-0.006530556128411358
1995-02-25,-0.2496661863999211,-0.26504340428960205,-0.3705358671101544,-0.4592691266537794,0.08322269421844619,0.4424422778176582,0.5878431815614056,0.5878431815614056,0.5609756097560976,1.625,-1.9868089767954196,-0.5859877745684154,-1.452598045182014,-5.609521689116479,6.066119738255689,-0.14027149321266974,-0.04035608308605343,-0.1202185792349727,0.07692307692307687,-0.17716535433070868,0.07863915225878415,inf,0.4436090225563909,-0.06194690265486724,-0.011396011396011319,0.35918903957929693
1995-05-27,0.03378419175582659,0.03109456445605474,0.3014817930683915,0.06507255968005987,0.024675504224693112,-0.34533983938255186,-0.8337839760922158,-0.8337839760922158,-0.828125,1.625,-1.183968990441377,0.3186228380439369,-1.0444070293591496,-1.748909210928821,-0.6429232895646164,-0.30263157894736836,-0.04035608308605343,-0.1202185792349727,0.030612244897959107,-0.354066985645933,0.07863915225878415,inf,-0.008814102564102533,-0.06194690265486724,-0.011396011396011319,-0.03191976785623374
1995-08-26,0.22043051471012975,0.25187356604872413,0.28697749264692707,0.512457653195465,0.017952636590789384,0.12804229400578637,0.22303082191780832,0.22303082191780832,0.18181818181818188,1.625,-0.8323081795602674,0.8800817009548183,9.33214849921011,-0.9142651374273092,-0.1543672221254524,0.08679245283018866,-0.07421150278293143,-0.1202185792349727,0.00990099009900991,0.05555555555555558,0.07863915225878415,inf,-0.16612772837510104,-0.1132075471698113,-0.0057636887608069065,-0.17227597812368523
1995-11-25,0.450560667942163,0.5187501600109401,0.4031335312359192,0.82164883302423,0.04674731470577731,0.3417221232746672,2.1155057752887645,2.1155057752887645,2.1538461538461537,1.625,21.13300198807157,-0.7061872537598659,2.930188703286062,-8.942326980942829,1.4498432243151078,-0.02777777777777779,-0.03874415497661987,-0.09316770186335399,0.0490196078431373,-0.03508771929824561,0.009824198552223384,inf,-0.2782355792535143,-0.0957446808510638,-0.011594202898550732,-0.1662642947903431
1996-03-02,-0.31447258462447636,-0.3583839697854665,-0.4195101610207631,-0.47412316363026197,0.051020060292892966,0.3349892213507961,0.11397595775755542,0.11397595775755542,0.09756097560975618,1.625,-2.761576049367191,-0.15258163674433112,-2.276703419969979,-1.3251247079623667,-0.1924122532487551,-0.29999999999999993,-0.17581653926337737,-0.18835616438356173,0.03738317757009346,-0.3345454545454545,-0.30005120327700974,inf,0.5332437877770315,-0.21176470588235297,0.04398826979472137,0.22007162996266083
1996-06-01,0.04640126674395195,0.0594575093412999,0.25587161919203916,0.09211973472536861,0.007448785257197388,-0.3643396164878838,-0.9793757248751954,-0.9793757248751954,-0.9777777777777777,1.625,-1.7373141710582338,-0.32940805383240457,-1.5995662806022302,2.1967857836473104,-0.7616519174041299,0.11734693877551017,-0.11635750421585156,-0.1350210970464134,0.009009009009008917,0.07650273224043702,0.3108997805413316,inf,-0.037231712658782334,-0.13432835820895528,-0.002808988764045006,-0.02991693210917501
1996-08-31,0.043382363718424743,0.048777950426079686,0.052297018928057826,0.07951048215272105,0.01173334805176296,0.08640201712208273,8.26161369193154,8.26161369193154,8.0,1.625,-1.094378898739955,-1.066008153026027,-1.0765318007208473,-1.1528834616728179,0.48854591341487086,0.10502283105022836,-0.07061068702290074,-0.06341463414634163,0.008928571428571175,0.09644670050761439,0.2154017857142856,inf,-0.030482256596906177,-0.08620689655172409,0.028169014084507005,-0.028457378315735138
1996-11-30,0.2478405389642726,0.2934119580732133,0.32126665078459293,0.45711170267850076,-0.02329001593431701,0.1285723923896911,-3.896779303062302,-3.896779303062302,-3.7777777777777777,1.625,-3.20568623140617,-17.90023752969121,-5.812230215827338,0.24428770117226306,0.4083795239647865,-0.17355371900826444,-0.6909650924024641,-0.6822916666666666,-0.0265486725663715,-0.18055555555555558,-0.1391184573002755,inf,-0.21726888784608167,-0.6981132075471699,0.03013698630136985,-0.11239231278992723
1997-03-01,-0.32675646057700036,-0.3824373178570537,-0.5033493884069882,-0.5117141447670968,0.020084480491522783,0.16948484649214568,-1.776815820650688,-1.776815820650688,-1.76,1.625,-6.0123583934088565,-1.4012649332396345,-3.999770001264993,2.7215968063872253,1.0791295288806575,-0.38,-0.867109634551495,-0.8688524590163934,0.009090909090909038,-0.3615819209039549,0.9840000000000002,inf,0.514988009592326,-0.875,-0.010638297872340274,0.264820068687472
1997-05-31,-0.007856740473284107,-0.0021732302793792124,0.20131483163100672,-0.00933365460707769,0.004047317568415476,-0.31564343023639685,-1.3095964335992492,-1.3095964335992492,-1.3157894736842106,1.625,-0.804426784731934,-2.7127845884413313,-0.8308076258093701,-0.8905670092034411,0.05679894886869774,0.032258064516129004,-1.75,-1.75,0.009009009009008917,0.017699115044247815,6.741935483870967,inf,0.012267510882469468,0.0,0.026881720430107503,0.007201463904137784
1997-08-30,0.057934620071936616,0.07170058428754911,0.07257190424428694,0.11123677075565341,0.015342351206233396,0.1161824305608723,-3.519136036377416,-3.519136036377416,-3.5,1.625,-0.39806828772346015,-0.053169734151329195,-0.5509357864684823,0.26328170946873164,0.06789661675921144,0.25,-2.2,-2.3333333333333335,0.008928571428571175,0.24347826086956537,0.0,inf,-0.04026583268178274,0.0,0.03403141361256545,-0.035574049112113926
1997-11-29,0.31277796577395334,0.3828374125744287,0.39415897903717956,0.6119778588602336,0.06262406538343623,0.17463545698091232,2.973826714801444,2.973826714801444,2.8,1.625,0.3221574754384484,0.00529157667386615,-0.1447096220798224,2.2133767846058348,0.20430574329324247,0.6375,23.055555555555554,24.374999999999996,0.06194690265486735,0.6223776223776223,1.7291666666666665,inf,-0.19063136456211816,24.0,0.037974683544303556,-0.14213660670879924
1998-02-28,-0.1395102142953687,-0.16496252216641016,-0.21740651673834088,-0.28753814140804257,0.1746373393088807,0.3540395022505638,1.4235748353395414,1.4235748353395414,1.929824561403509,1.625,7.535418485319479,-1.6499086905145557,-0.4769630110317975,18.223789056840683,3.2612403735867606,0.9160305343511448,1.2725173210161662,1.3300492610837442,0.03333333333333344,0.8017241379310345,-0.9323791348600509,inf,0.3648716658278812,1.2599999999999998,0.021951219512195363,0.17206205284408882
1998-05-30,-0.0433054554048784,-0.047108158502979336,-0.22823168290404372,-0.10758593601863642,0.4535702631663876,-0.3185138228166233,-0.7543966513603848,-0.7543966513603848,-0.9041916167664671,1.625,-1.244585078439345,-6.515041322314049,-1.9685314685314685,-1.3085636337601458,-0.23615193981469906,0.49402390438247035,0.00101626016260159,0.15856236786469347,0.4516129032258065,0.44736842105263164,-0.4549388523047978,inf,0.5195427728613571,0.1504424778761062,0.007159904534606021,0.06775051371932794
1998-08-29,0.12282753730375973,0.1479595436976786,0.1616466592654846,0.3892843863249309,0.06744843799916866,0.12268581400900569,1.8066772655007948,1.8066772655007948,1.75,1.625,-2.1963182049974503,0.23236228496073852,1.114126004425294,-1.7680108117789772,0.23743889976793242,0.252,0.12690355329949243,0.27189781021897796,0.061111111111111116,-0.13719008264462806,0.07628581290990688,inf,-0.04925988837660766,0.2692307692307694,-0.0023696682464454666,-0.17371370351502802
1998-11-28,0.29349871634857183,0.32114611618310485,0.4407075996927492,0.4586409315456288,0.0649591809615151,0.1428511853588521,0.23233261583777054,0.23233261583777054,0.2272727272727273,0.23809523809523814,0.46739528896239535,1.2109973491573238,-10.004571995152583,-1.8719973710433142,-0.16731823803169854,0.0851970181043662,0.018018018018018056,0.1262553802008608,0.0628272251308899,0.02298850574712641,-0.13502245028864657,inf,-0.1766207248596222,0.1393939393939394,-0.009501187648456089,-0.09425948760104119
1999-02-27,-0.11396579650657346,-0.1617646166351021,-0.22625851724838053,-0.24587864545357774,0.12187656314255002,0.3814081319473599,0.8759859530419754,0.8759859530419754,-0.05555555555555558,-0.11538461538461542,1.73673630638377,-0.07420199309237296,-0.9358532810502297,-5.575839725744295,0.9194646447127681,0.5799803729146225,0.05398230088495559,0.15159235668789806,0.10837438423645329,0.48501872659176026,0.38820912124582874,inf,0.2659640421574705,0.1436170212765957,0.00959232613908867,0.1115564967478444
1999-05-29,-0.06650358287944136,-0.08958952653865404,-0.1287840243363393,-0.14189879379960224,0.023710158664145498,-0.30757021377265414,-0.5412366587280586,-0.5412366587280586,-0.5490196078431373,-0.5217391304347827,-1.3787304323459106,-0.40371637677026895,3.41560175472058,-1.7303163622065654,-0.3498371675424452,0.3509316770186335,0.07094878253568426,0.09845132743362828,0.026666666666666616,0.2194199243379571,0.294070512820513,inf,0.09671890303623898,0.09302325581395365,0.002375296912114022,0.06096482275294268
1999-08-28,0.11210018698738744,0.09447660471007246,0.14475387434558984,0.15587936965095706,0.07184683407970072,0.12627026310968548,0.2405093037663697,0.2405093037663697,0.21739130434782616,0.2272727272727273,-1.7044236676307705,1.2758627560373,0.05589391386981113,-0.8638056851004388,-0.07328292387885293,0.2749425287356322,-0.012544100352802734,0.014098690835850913,0.06493506493506485,0.24095139607032068,0.11971104231166141,inf,-0.036168787675820546,0.008510638297872353,0.004739336492891155,-0.05316488167767586
1999-11-27,0.4352322498090886,0.0038674375707221653,0.7498199073962493,0.009275211819404827,0.021050553235898883,0.15658852693326986,0.3499750288459882,0.3499750288459882,0.357142857142857,0.37037037037037024,0.7854573811191037,0.06352597158140805,0.25898956841889964,-2.1045433905820135,0.08734507143400272,-0.04868373602596476,0.032949583167923624,0.002979145978152964,0.024390243902439046,-0.10666666666666658,-0.09585253456221199,inf,-0.28862636089877225,0.03375527426160341,-0.028301886792452824,-0.0053508534272554975
2000-02-26,-0.2059120060083991,0.08012931866435058,-0.27329717974460377,0.2649049186089687,-0.053871367908362444,0.3885249652676874,1.0896426794575769,1.0896426794575769,1.1315789473684212,1.1081081081081083,1.6231070228449695,-0.05967384772426054,2.8735378216792307,4.705172538872633,0.4582893839707691,-0.0815011372251705,0.1998462720983858,0.16930693069306924,-0.0634920634920636,-0.10261194029850762,-0.15800203873598373,inf,0.19146857701074582,0.13469387755102025,0.0315533980582523,-0.146067415730337
2000-05-27,0.08864029549881125,0.09649178453043605,-0.050180139910506516,-0.07546907675923742,0.3292180093705661,-0.31309792414850457,-0.5594884161045145,-0.5594884161045145,-0.5679012345679013,-0.5641025641025641,-1.1603474815572448,0.009586090975942874,-1.9410294265677952,-0.9378449174741232,0.019533170024096824,0.24845233182005777,-0.015374759769378521,-0.003386960203217604,0.326271186440678,0.3326403326403329,0.004842615012106588,inf,0.22109866083629393,0.02517985611510798,-0.028235294117647136,0.1859649122807019
2000-08-26,0.11755738534431215,0.09040384965611481,0.1530459017974588,0.16182794623872887,0.0736098154657836,0.06932272233728032,0.06361041048809546,0.06361041048809546,0.05714285714285716,0.0588235294117645,-4.013615605497102,0.7422890490188427,-1.0171863578827263,4.430578286961266,0.10404409795306169,0.015206611570248052,-0.03513337670787253,-0.028037383177570097,0.07028753993610226,-0.23478939157566303,-0.05397590361445792,inf,-0.03939122649955229,0.014035087719298067,-0.03874092009685226,-0.06145777299623467
2000-11-25,0.31221696361904594,0.3648090959872512,0.5172283331626726,0.5725395235117501,0.03955466555160414,0.1776202672560112,-0.25388283733778083,-0.25388283733778083,-0.2432432432432432,-0.2499999999999999,-0.7026538591359136,-0.0031852522819346696,-0.8679979253112033,-2.459489665218374,-0.1375409605205078,-0.24259198957994133,-0.13115306810519212,-0.11888111888111885,0.0388059701492538,-0.29255861365953106,-0.2794192562404483,inf,-0.2078285181733458,-0.09688581314878886,-0.02770780856423183,-0.1321106175669866
2001-03-03,0.012050069803954955,-0.19821967311851507,-0.04385276456950615,-0.0996599884849787,0.12056377286959918,0.4634153072817302,2.3122609713078255,2.3122609713078255,2.2857142857142856,2.2962962962962963,5.309506917346577,1.5626703813546627,3.4106090373280944,-1.1555861475586147,0.024812155939385017,-0.3121238177128117,-0.05005820721769494,-0.04960317460317465,0.11206896551724133,-0.33717579250720475,-0.27288794627076707,inf,0.10735294117647043,-0.011494252873563315,-0.03886010362694303,-0.10946012877662215
2001-06-02,-0.0063201674027143495,-0.026518243990517165,-0.04495504627925162,-0.06619447172392656,0.05767077513491192,-0.323090027195412,-0.7100226709548163,-0.7100226709548163,-0.7173913043478262,-0.7078651685393258,-1.1667931671023903,-0.783738288259327,35.080178173719375,-16.53945694851518,-0.3760702871549475,0.3331249999999999,-0.10825163398692805,-0.12526096033402923,0.054263565891472965,0.19782608695652182,0.25425376762275165,inf,0.06427622841965475,-0.0852713178294574,-0.043126684636118684,0.042547274749721975
2001-09-01,0.148055728841755,0.22869168712732368,0.20818875780707846,0.12307692307692308,0.058121432278152474,0.12631863673248578,0.5454545454545454,0.5454545454545454,0.5384615384615385,0.5,-6.292134831460674,0.2432432432432432,-3.0,-2.7615658362989324,1.0622317596566524,0.28223159868729497,-0.043518094365551874,-0.07398568019093077,0.05392156862745101,0.21597096188747744,0.33992248062015507,inf,-0.07836286498627398,-0.03813559322033888,-0.036619718309859106,0.0939806170534363
2001-12-01,0.35881180945480895,0.3999429060805024,0.539058012636416,0.652616789603091,0.051005394801373116,0.14217098943323725,-0.05882352941176472,-0.05882352941176472,-0.050000000000000044,-0.05128205128205132,-0.15923566878980888,2.739130434782609,-0.9876543209876543,-1.2383838383838384,-0.12278876170655562,-0.08994515539305303,-0.010536398467433039,-0.06829896907216493,0.04651162790697683,-0.13582089552238807,-0.10500433902227357,inf,-0.22637422150013542,0.0,-0.06725146198830412,-0.15287711313394015
2002-03-02,-0.01692881898160492,-0.059747145187601935,-0.09423399888038808,-0.2072263549415515,0.17638824078394766,0.4676198486122791,3.375,3.375,1.8947368421052633,1.9189189189189193,1.0202020202020203,-0.6124031007751938,205.0,-9.576271186440678,1.2004744958481615,0.2707914825231015,0.27879961277831544,0.2517289073305671,0.1644444444444444,0.21416234887737473,0.20426632191338068,inf,0.1963598179908994,0.2819383259911894,-0.025078369905956133,0.18603089321692412
2002-06-01,-0.01627118644067793,-0.04923010193016697,-0.056036258755665425,-0.07533512064343162,0.06029353431178097,-0.3429799426934097,-0.8,-0.8,-0.8,-0.7962962962962963,-1.585,-0.12,-0.9174757281553398,-1.6027667984189722,-0.32884097035040427,0.03667404362946569,-0.05526116578349738,-0.06519337016574589,0.057251908396946494,-0.10953058321479381,-0.24986580783682233,inf,0.07782328847279119,-0.01718213058419249,-0.048231511254019255,0.028231677722051485
2002-08-31,-0.05086147484493453,-0.03809306569343063,-0.01680488869489305,-0.014786894752102042,-0.10924055368499808,0.09201918883558657,-0.11428571428571432,-0.11428571428571432,-0.13636363636363635,-0.13636363636363635,-1.2286324786324787,0.3693181818181819,-0.7647058823529411,-0.7934426229508197,-0.10120481927710845,-0.3433973772491613,-0.0733173076923076,-0.08392434988179664,-0.10830324909747291,-0.37859424920127793,-0.36028622540250455,inf,-0.06134636264929427,-0.08041958041958042,-0.006756756756756799,-0.023680276925497568
2002-11-30,0.2868138251524832,0.43538060232392706,0.418645948945616,0.55532666274279,0.03737925241495166,0.09924121405750808,0.37096774193548376,0.37096774193548376,0.368421052631579,0.368421052631579,1.130841121495327,-0.20746887966804983,-1.0,-1.2936507936507937,0.03306523681858797,-0.29725963771481656,-0.023778642455685284,-0.03612903225806452,0.036437246963562764,-0.2133676092544987,-0.2690156599552572,inf,-0.19404279930595714,-0.02281368821292773,-0.010204081632652962,-0.07711522965350515
2003-03-01,-0.1351991874506263,-0.1959358995539402,-0.22813331247066182,-0.2823084200567644,0.10526315789473695,0.06212534059945507,-2.388235294117647,-2.388235294117647,-2.3846153846153846,-2.3846153846153846,0.0,0.0,inf,19.324324324324323,0.6557093425605536,0.15796430931923333,-0.829052258635961,-0.8273092369477912,0.103515625,0.11764705882352944,0.14919663351185908,inf,0.2784355938284895,-0.8171206225680934,-0.061855670103092786,0.12040513402601927
2003-05-31,-0.06668406629257473,-0.10293815492089586,-0.11027772146766679,-0.13630371737411018,0.012087912087912045,-0.20164186762442282,-0.788135593220339,-0.788135593220339,-0.7777777777777778,-0.7777777777777778,-2.1228070175438596,-0.22513089005235598,inf,-1.5957446808510638,-0.23406478578892376,0.22374429223744308,-0.961139896373057,-0.9612403100775194,0.010619469026548645,0.10818713450292394,5.906790945406125,inf,0.08419870895312931,-0.9574468085106383,0.0073260073260073,0.03857543640897765
2003-08-30,0.0808165548098434,0.11910215300045812,0.09273182957393478,0.1217948717948718,0.061889250814332275,0.15595544130248506,-6.56,-6.56,-6.375,-6.25,-2.51171875,-0.06756756756756754,3.5999999999999996,-1.6004464285714286,0.18281036834924969,0.40998134328358193,18.8,19.6,0.05779334500875666,0.395778364116095,42.710237131289766,inf,-0.017344033134869208,18.0,-0.0072727272727273196,-0.0024011405417574405
2003-11-29,0.30439844760672696,0.46213671715104376,0.47331109257714754,0.6201360544217687,0.028289025221540642,0.1182357301704966,-0.12230215827338131,-0.12230215827338131,-0.11627906976744184,-0.11904761904761907,-0.33850129198966405,0.14492753623188404,-1.3043478260869565,-0.6617100371747212,0.05363321799307963,0.19483956334766783,0.3872053872053871,0.4077669902912622,0.024834437086092676,0.1304347826086958,-0.9502150181938471,inf,-0.21180189673340355,0.42105263157894735,-0.014652014652014711,-0.09748025573523877
2004-02-28,-0.14192204700981847,-0.19876819708846583,-0.2598358335692046,-0.24403762176687938,0.1342393105734172,0.40023201856148494,2.8442622950819674,2.8442622950819674,2.81578947368421,2.864864864864865,3.01171875,-0.37341772151898733,21.0,7.4945054945054945,0.42309797482211264,0.026024363233665637,4.640776699029126,4.786206896551724,0.13247172859450718,0.0016722408026754731,-0.2964341085271317,0.3500000000000001,0.3218582887700534,4.314814814814815,0.08550185873605942,0.05983831985998833
2004-05-29,-0.011789181692094308,-0.02131376659678541,-0.03135755258126194,-0.036214174627860474,0.018118059614260718,-0.3519943188543023,-0.7569296375266524,-0.7569296375266524,-0.7586206896551724,-0.7622377622377622,-1.379746835443038,-0.11111111111111116,-0.6753246753246753,-1.685640362225097,-0.2038461538461539,-0.08796546141392347,0.1299483648881239,0.14898688915375446,0.019971469329529423,-0.19532554257095158,-0.8508468173518857,0.2222222222222221,0.030341340075853207,0.16027874564459932,-0.006849315068493178,0.015491074939057992
2004-08-28,0.010994152046783556,-0.001071046054980318,-0.004540071061981843,-0.006915629322268302,0.033582089552238736,0.11050228310502286,0.3157894736842106,0.3157894736842106,0.3142857142857145,0.3529411764705881,-2.230769230769231,0.8636363636363635,7.5600000000000005,-0.7962264150943397,-0.05217391304347829,-0.028402366863905182,-0.03693830921553687,-0.012448132780082943,0.034965034965035,-0.047717842323651505,-0.18784297171802455,0.21212121212121215,0.022331288343558464,-0.01501501501501501,0.0,0.005885085953229119
2004-11-27,0.34451642757982426,0.4889206576125804,0.519333729922665,0.5998142989786444,0.0996945292974174,0.09309210526315792,-0.013333333333333308,-0.013333333333333308,-0.021739130434782594,-0.021739130434782594,0.48750000000000004,1.0,-1.158878504672897,-5.37962962962963,0.24108053007135566,0.0968331303288672,-0.03677342823250296,-0.011554621848739566,0.08783783783783794,0.061002178649237626,0.08004158004158013,0.17499999999999982,-0.18218915026404225,0.009146341463414531,-0.01724137931034475,-0.06936104695919942
2005-02-26,-0.11426604715195321,-0.17150744119059047,-0.23714434873401202,-0.28047011027278,0.12348484848484853,0.3891062293108636,2.864864864864865,2.864864864864865,2.888888888888889,2.6,0.45238095238095233,0.7865853658536586,-1.7205882352941178,-0.17547568710359407,-0.8069815195071869,0.03248195446973878,0.04269293924466333,0.06907545164718365,0.12422360248447206,-0.05133470225872694,0.0019249278152069227,0.17021276595744705,0.26856471969474605,0.08459214501510592,-0.01403508771929829,0.15146000496318957
2005-05-28,-0.03837186710705265,-0.0431696363899754,-0.06449957228400338,-0.07945150231901588,-0.004045853000674282,-0.3373050259965338,-0.7027972027972028,-0.7027972027972028,-0.7028571428571428,-0.6851851851851851,-1.4040501446480231,-2.3856655290102387,4.183673469387755,-0.6564102564102564,0.2851063829787235,-0.07340682979295499,-0.003937007874015741,0.021868787276342116,0.004419889502762286,-0.17532467532467533,-0.1349663784822286,0.1272727272727272,0.03563165201295693,0.03064066852367686,-0.01067615658362997,0.03943965517241388
2005-08-27,0.03636730982927561,0.035881907645722855,-0.005852231163130939,-0.010733844468784226,0.08846761453396534,0.09545603138280478,0.10588235294117654,0.10588235294117654,-0.2692307692307693,-0.27450980392156865,-1.5298329355608593,-1.1847290640394088,-1.4133858267716535,0.4477611940298507,0.3211920529801324,0.2968659315147997,-0.03517786561264824,-0.0029182879377432913,0.0770077007700769,0.2913385826771653,0.22431982232093284,0.11290322580645151,0.050268096514745286,0.016216216216216273,-0.017985611510791255,0.04713525468242441
2005-11-26,0.2907690808070962,0.4168371821104939,0.5426784400294333,0.6507971656333038,0.00684221438938426,0.09444941808415397,-0.26595744680851063,-0.26595744680851063,-0.26315789473684204,-0.2432432432432432,1.7387387387387387,1.2799999999999998,-2.295238095238095,-0.3298969072164949,0.01754385964912286,0.02125755202506152,-0.05694387546087676,-0.045853658536585296,0.012257405515832653,-0.05284552845528456,-0.009523809523809601,0.11594202898550732,-0.21995320144650077,-0.03457446808510645,-0.014652014652014711,-0.14177282027588933
2006-02-25,-0.10406283038815889,-0.17629461522591294,-0.21213927975196756,-0.18765928906773977,0.08257825370675453,0.45780504430811186,3.666666666666667,3.666666666666667,3.75,3.6071428571428568,1.111842105263158,2.1403508771929824,1.6176470588235294,-2.0076923076923077,-0.16133004926108374,0.08194566170026296,0.02302345786272797,0.02965235173824121,0.09182643794147327,0.06866952789699576,0.09249084249084238,0.10389610389610393,0.208344695936733,0.019283746556473913,0.014869888475836479,0.013996769976159396
2006-05-27,-0.05015171948752528,-0.1386349405134627,-0.11306190404116845,-0.125330250990753,0.028913829180140738,-0.3492004114841485,-0.6366459627329193,-0.6366459627329193,-0.6390977443609023,-0.6356589147286822,-1.5630841121495327,-1.8044692737430168,-0.6151685393258427,-1.183206106870229,0.13362701908957408,0.11381125961927907,0.005095541401273884,0.02581926514399213,0.03327171903881698,0.02008032128514059,0.010896898575021075,0.09411764705882364,0.08327691266079884,0.027027027027026973,-0.003663003663003539,-0.01516875237011761
2006-08-26,0.10098500310586567,0.1466996219831347,0.18464163822525603,0.20181234661128933,0.0046219264189313325,0.09254203190113519,-0.017094017094017144,-0.017094017094017144,0.0,0.0,-1.9571230982019365,-1.1886574074074074,0.43065693430656937,12.833333333333334,0.43005181347150256,-0.0998181818181818,0.004647232784114941,-0.010648596321394033,0.011627906976744207,-0.12795275590551192,-0.14842454394693205,0.08602150537634401,-0.08750000000000013,0.0052631578947368585,-0.018382352941176516,-0.04589911436272631
2006-11-25,0.24010639155315538,0.3528591352859136,0.404494382022472,0.4379516179704681,0.030916451969083658,0.11442851505984475,-0.34782608695652173,-0.34782608695652173,-0.35416666666666663,-0.34042553191489355,-0.5838150289017341,0.44171779141104284,-1.2857142857142856,-0.7048192771084337,0.08876811594202905,0.040395879620278796,-0.024810765349032815,-0.0332681017612525,0.027409372236958385,0.02708803611738153,-0.0009737098344693162,0.0990099009900991,-0.16872146118721454,-0.023560209424083767,-0.0074906367041198685,-0.05916538865122278
2007-03-03,-0.11802937735603791,-0.1489222118088097,-0.2477948717948718,-0.31166703080620495,0.10692609782220641,0.522365159919745,4.086666666666667,4.086666666666667,4.129032258064516,4.0,4.225694444444445,4.302127659574468,-5.214285714285714,-0.9693877551020408,0.0024958402662229595,-0.012230634828188647,0.048727899956878096,0.05971659919028349,0.11359724612736666,-0.03736263736263734,-0.023879142300194833,0.09009009009009006,0.25514968415270545,0.02680965147453085,0.030188679245283012,0.23644474948524374
2007-06-02,-0.031540162122328685,-0.08534302389604664,-0.053858740114535064,-0.09760355499127127,-0.004999193678438929,-0.38545623691759046,-0.7483617300131062,-0.7483617300131062,-0.7484276729559749,-0.7483870967741936,-1.2843853820598006,-1.7383627608346708,0.6949152542372881,52.666666666666664,0.13360995850622404,-0.06741352201257855,-0.06208881578947367,-0.06399235912129897,0.0061823802163833985,-0.16210045662100458,-0.15376934598102854,0.08264462809917372,0.02735229759299762,-0.05483028720626626,-0.0073260073260073,0.013599777962808757
2007-09-01,-0.06886318672956937,-0.10329882013002645,0.2707882980256522,0.313225466056982,-0.45202593192868723,0.10382237921029391,0.30208333333333326,0.30208333333333326,0.40000000000000013,0.41025641025641035,-2.30607476635514,0.32934782608695645,3.4000000000000004,-0.8509316770186335,0.017569546120058455,-0.03814541622760803,0.11266988163086378,0.01836734693877551,-0.3786482334869432,-0.043596730245231696,-0.010029498525073621,0.07633587786259532,-0.41150159744408943,-0.016574585635359185,0.03321033210332103,-0.3171549835706462
2007-12-01,0.26452561902427063,0.4066863587540279,0.3255840326604673,0.370831659300924,0.1079562259686484,0.13462857142857132,-0.08799999999999997,-0.08799999999999997,-0.017857142857142905,-0.036363636363636376,0.9946332737030412,-1.196238757154538,-0.44375,-3.9583333333333335,-0.05107913669064745,0.033961437335670475,0.15839243498817956,0.05511022044088176,0.10383189122373304,0.6609686609686611,0.004171632896305066,0.09219858156028371,-0.12377850162866444,0.0196629213483146,0.03571428571428581,0.026065162907268125
2008-03-01,-0.17552022747835083,-0.29922687792306957,-0.2955770382410814,-0.3387065259867136,0.19701014415376394,0.35153102336825137,2.232456140350877,2.232456140350877,2.1999999999999997,2.2264150943396226,-0.3013452914798206,0.8291666666666666,-0.7558733401430031,-2.676056338028169,0.09021986353297962,0.015257469802924417,0.0765306122448981,-0.002849002849002913,0.21948488241881314,-0.07890222984562612,-0.058753709198813175,0.08441558441558428,0.45187938868236244,-0.030303030303030165,0.031034482758620863,0.05979482169027839
2008-05-31,0.03707477661075398,0.05325524380277846,0.03922759290745681,0.03811493573644564,0.033452274754683264,-0.3300044716053063,-0.757123473541384,-0.757123473541384,-0.75,-0.7485380116959064,-1.0783055198973042,-0.5193621867881548,-2.301255230125523,-0.6890756302521008,0.025730180806675884,-0.11605092882487988,0.08436018957345981,-0.011428571428571344,0.03305785123966931,-0.27560521415270023,-0.16015132408575028,0.07784431137724557,-0.0036984352773825613,-0.03693181818181823,0.02341137123745818,0.01456623951322955
2008-08-30,0.3243141108003931,0.2062588904694167,0.4076194928129018,0.4202362316778141,0.025463962019853348,0.09021134593993319,0.12849162011173187,0.12849162011173187,0.11363636363636354,0.11627906976744184,-2.819672131147541,9.848341232227488,2.8392282958199355,-26.16216216216216,-0.6311864406779661,-0.006847697756788618,-0.10955710955710962,-0.12042389210019266,0.02400000000000002,-0.03856041131105392,-0.019519519519519468,0.07222222222222219,-0.2255853797829812,-0.05899705014749268,-0.06535947712418311,-0.1506587914584281
2008-11-29,0.17834722063691366,0.320540308747856,0.27961809879618094,0.3221442885771544,-0.04040404040404044,0.17334965819814308,-0.7425742574257426,-0.7425742574257426,-0.7346938775510203,-0.7291666666666666,-2.171171171171171,-0.7951070336391437,-0.46733668341708545,-1.0268528464017186,0.045955882352941124,-0.24013314312886358,-0.16917539267015702,-0.20153340635268346,-0.04253472222222221,-0.2593582887700535,-0.22281776416539045,0.07253886010362698,-0.18547197640117985,-0.15987460815047017,-0.045454545454545414,-0.0012838343853642797
2009-02-28,-0.23349639172761172,-0.3349569735346647,-0.30772724323622913,-0.36074270557029176,0.01820175438596494,0.2803478260869565,9.961538461538462,9.961538461538462,9.538461538461538,9.384615384615385,-16.053846153846152,0.28784648187633266,-3.207547169811321,-3.84,-0.12478031634446396,-0.21370463078848567,-0.15005907837731403,-0.1810699588477367,0.010879419764279419,-0.17689530685920585,-0.09950738916256152,0.06763285024154597,0.3282028066998641,-0.16791044776119401,-0.01831501831501825,0.040385645420460525
2009-05-30,0.024516618223177078,0.026611328125,-0.043861293345829444,-0.009365737996443357,0.18479431402110702,-0.31438467807660964,-0.7315789473684211,-0.7315789473684211,-0.7299270072992701,-0.7333333333333334,-1.0270822687787429,-0.7168874172185431,-1.185897435897436,-1.5211267605633803,0.07429718875502012,0.31396736967767636,-0.06904541241890638,-0.06700167504187615,0.1847533632286995,0.29824561403508776,0.5120350109409191,0.06334841628959276,0.15644171779141103,-0.04932735426008972,-0.018656716417910557,0.036346787479407006
2009-08-29,0.06025656839768101,0.10630202140309164,0.10684179572632813,0.07276208712302545,-0.0354481003453917,0.09182763744427924,0.03267973856209161,0.03267973856209161,0.027027027027026973,0.0277777777777779,-6.490566037735849,-0.6081871345029239,-1.1647509578544062,2.5945945945945947,0.2485981308411216,0.0784373107207752,-0.07167745146839222,-0.04129263913824055,-0.03557910673732023,-0.08783783783783772,0.1107091172214183,0.05957446808510647,-0.09048040082522846,-0.07075471698113212,0.03041825095057038,0.031197218082464007
2009-11-28,0.2273864231283811,0.4259458297506449,0.32624867162592985,0.41432396251673365,0.04202789295137577,0.09090909090909083,0.4367088607594938,0.4367088607594938,0.42105263157894735,0.43243243243243246,0.5154639175257731,1.4925373134328357,8.906976744186046,-2.142857142857143,-0.15568862275449102,0.12299915754001689,0.13297587131367283,0.1797752808988764,0.03846153846153855,0.16296296296296298,0.1791530944625408,0.056224899598393385,-0.15100453661697988,0.17258883248730972,0.0036900369003691758,0.008285962038732109
2010-02-27,-0.13260663507109005,-0.20358784955151876,-0.24292200854700852,-0.29184413945417254,0.14306384517996018,0.3766633399866932,2.4317180616740086,2.4317180616740086,2.444444444444444,2.4716981132075473,2.4625850340136055,-0.19161676646706582,-0.6713615023474178,-9.236842105263158,2.2375886524822697,0.007251812953238179,0.10033128253667778,0.14920634920634934,0.13227513227513232,-0.031847133757961776,-0.14751381215469617,0.05323193916349811,0.3179389312977099,0.1471861471861473,0.003676470588235281,0.12460582895365513
2010-05-29,-0.018905037700797767,-0.016846488737459753,-0.034309402010936685,-0.04176876809979946,0.0075949367088608,-0.3483356491270465,-0.8010269576379975,-0.8010269576379975,-0.8010752688172043,-0.8043478260869565,-0.8893254747871644,0.8814814814814815,2.5285714285714285,-1.468849840255591,-0.3214676889375685,0.05635551142005957,-0.035268817204301084,-0.02209944751381221,0.019359145527369837,-0.06578947368421062,-0.11017498379779644,0.05054151624548742,0.02693310165073859,-0.011320754716981019,-0.01098901098901095,0.026000509813917994
2010-08-28,-0.033080864335041205,-0.041297651135926094,-0.01908850123298933,-0.015343484830873,-0.05543341708542715,0.05117270788912576,0.6387096774193548,0.6387096774193548,0.6486486486486487,0.6666666666666667,-1.502958579881657,-1.3700787401574803,-0.16801619433198378,-0.3253833049403748,-0.3196125907990315,-0.13584018801410092,0.04146232724030319,0.06920903954802271,-0.00982318271119842,-0.15140845070422526,-0.13619810633648954,0.04810996563573866,-0.02312464749012988,0.06488549618320616,0.0037037037037035425,-0.026335403726708062
2010-11-27,0.2874092846446261,0.489004920172708,0.4606145251396647,0.584228544445756,-0.002327514546965892,0.04859335038363177,-0.14566929133858264,-0.14566929133858264,-0.0983606557377048,-0.09999999999999987,-6.423529411764706,-3.1382978723404253,-0.5425790754257908,-1.2070707070707072,0.09727164887307227,0.04650530323633384,-0.02611301369863006,-0.022457067371202233,0.006613756613756738,0.053941908713692976,-0.025295109612141542,0.049180327868852514,-0.22488452655889135,-0.0035842293906811484,-0.01845018450184499,-0.06013438802415583
2011-02-26,-0.20145848246241949,-0.2937487355856767,-0.3270223752151463,-0.3544709388971684,0.10014997500416589,0.3671993271656855,2.0,2.0,1.9999999999999996,2.0,0.39913232104121477,0.03482587064676612,0.4042553191489362,1.1707317073170733,0.19243243243243247,-0.0044178794178793,-0.10153846153846158,-0.08648648648648649,0.11366622864651754,-0.007874015748031482,-0.007785467128027634,0.046875,0.37765363128491614,-0.08633093525179858,0.0,0.09402714932126699
2011-05-28,0.046165051263376,0.07829657213787833,0.10069148432319786,0.008426642040863408,-0.042865798242956665,-0.3270177165354331,-0.7910906298003072,-0.7910906298003072,-0.7878787878787878,-0.7839506172839507,1.0527131782945736,-0.10576923076923073,-0.8598484848484849,5.207865168539326,1.0018132366273798,-0.19968676585747847,-0.012720156555772966,-0.023668639053254337,-0.002949852507374673,-0.28174603174603174,-0.14298169136878813,0.04477611940298498,-0.08515815085158163,-0.019685039370078705,-0.00375939849624074,0.06931921581603095
2011-08-27,0.008354308359663776,0.01841848932967327,0.034337349397590256,0.04704670329670324,-0.036714670042728326,0.03720292504570377,0.30147058823529416,0.30147058823529416,0.37142857142857144,0.34285714285714297,-0.8391238670694864,0.6666666666666667,0.8378378378378379,-1.1520361990950225,-0.07608695652173914,-0.08512720156555775,-0.06392467789890977,-0.07878787878787885,-0.005917159763313529,-0.0828729281767957,-0.08240081383519837,0.04285714285714293,-0.04462174940898345,-0.06024096385542166,-0.01886792452830177,-0.02730718650885733
2011-11-26,0.20813638536300383,0.38327101991131207,0.3621765537898327,0.4831092161364381,-0.06193527189091508,0.06627302370670662,-0.12994350282485878,-0.12994350282485878,-0.10416666666666663,-0.10638297872340419,4.117370892018779,-0.6709677419354838,8.147058823529411,-3.0952380952380953,0.1725490196078432,-0.10623885918003562,-0.04235044997353099,-0.05756578947368429,-0.029761904761904767,-0.10240963855421681,-0.06762749445676264,0.043835616438356206,-0.2236313021961026,-0.05555555555555547,-0.0038461538461539435,-0.06736122156831559
2012-03-03,-0.2964216634429401,-0.3527563014645798,-0.28909113119960905,-0.34726522187822495,-0.3441330998248686,0.3487891561286056,-12.025974025974026,-12.025974025974026,-12.418604651162791,-12.690476190476192,-0.3889908256880734,0.23529411764705888,1.815112540192926,-4.389204545454545,-0.49874581939799334,0.017550857598723546,-2.2448866777224987,-2.1273996509598607,-0.32883435582822096,0.05369127516778538,0.06064209274673016,0.04199475065616798,-0.0677290836653387,0.0,0.027027027027027195,-0.008442056792018482
2012-05-05,0.0003748828491096923,0.0018451976303777151,0.005584672222699538,0.0164878599661209,-0.019492656875834458,-0.28855934799926464,-1.0930506478209658,-1.0930506478209658,-1.0936863543788187,-1.0936863543788187,-0.43093093093093093,-0.25396825396825395,-0.8258138206739006,-1.1567476948868398,0.15596330275229353,-0.20540964327714628,0.11767317939609212,0.017027863777089536,-0.01279707495429605,0.17834394904458595,0.0,0.04030226700251882,-0.020085470085470014,0.0,0.048872180451127845,-0.014361885104919314
2012-08-04,-0.010118043844856706,-0.012795657231485125,0.002904989747094966,0.04966114876124883,-0.04275599128540308,-0.0915590008613264,-0.9240506329113924,-0.9240506329113924,-0.9130434782608696,-0.9130434782608696,-2.5857519788918206,0.07446808510638303,-0.9049180327868852,-4.775401069518717,-0.5093795093795094,-0.10656142081894426,0.31187922129519285,0.18417047184170476,-0.03333333333333344,-0.09189189189189195,0.0,0.03874092009685226,-0.032708242477104243,0.0,0.02508960573476693,-0.05950615129569825
2012-11-03,0.1077039560855575,0.16319717203456396,0.14397682739819384,0.17993226079593572,-0.002275960170696978,0.019531620365980773,-1.8333333333333335,-1.8333333333333335,-1.75,-1.75,-1.1680532445923462,1.1485148514851486,8.413793103448276,-0.4745042492917847,-0.5455882352941177,-0.23799006073992268,0.2904300423985462,0.2082262210796917,-0.006704980842911934,-0.2142857142857142,0.0,0.039627039627039506,-0.09918845807033361,0.0,0.0524475524475525,-0.014194266629557584
2013-02-02,-0.04380268853953062,0.016967752827958815,0.022192433720583882,-0.030319339791890942,-0.12717422298260617,0.13224216497721564,59.1,59.1,58.66666666666667,58.66666666666667,14.594059405940595,-0.4193548387096774,-2.4505494505494507,-5.0889487870619945,4.909385113268608,0.0,-0.6991316592349213,-0.7170212765957447,-0.1282545805207329,0.007575757575757569,0.0,0.03363228699551568,-0.08758758758758767,0.0,-0.09634551495016597,0.0487483530961792
2013-05-04,-0.14630368737713706,-0.1694197725574832,-0.21441060760600317,-0.2080481036077706,-0.0473701404769683,-0.2295687885010267,-0.8652246256239601,-0.8652246256239601,-0.8659217877094972,-0.8659217877094972,-1.0031746031746032,-0.07936507936507942,-2.6186868686868685,-1.4976928147659856,-0.4134720700985761,0.4768115942028983,0.6318252730109204,0.5864661654135339,-0.0508849557522123,0.6917293233082706,0.0,0.03687635574837311,0.11629182665935267,0.0,-0.022058823529411797,0.04881550610193819
2013-08-03,-0.07305840485660453,-0.05916450129922046,-0.10238338124826118,-0.17906786590351598,0.23525377229080924,-0.008528784648187626,-4.283950617283951,-4.283950617283951,-4.25,-4.208333333333334,-5.8,-0.25,-2.4555382215288613,-2.111258278145695,0.7833800186741364,0.38174681059862614,-0.3776290630975143,-0.34834123222748814,0.22960372960372966,0.4577777777777776,0.0,0.03556485355648542,0.33267813267813273,0.0,0.011278195488721776,0.14604722792607783
2013-11-02,0.13429689852454074,0.19332908434246865,0.16995557392292593,0.2329254410927717,0.038867295946696245,0.006666666666666599,-0.7969924812030076,-0.7969924812030076,-0.7948717948717949,-0.7922077922077922,11.708333333333334,0.28735632183908044,-0.9281886387995713,-0.6901072705601907,0.1361256544502618,0.3142755681818181,-0.16513056835637485,-0.11636363636363645,0.024644549763033208,0.07012195121951215,0.0,0.03434343434343434,-0.08443952802359889,0.0,0.0074349442379182396,-0.032101530421799085
2014-02-01,-0.07001592779400057,-0.06667260103257966,-0.11480042387848821,-0.14183496826312747,0.0652057723142705,0.5347148045289467,4.425925925925926,4.425925925925926,4.3125,4.125,1.5245901639344264,0.8035714285714286,-1.5970149253731343,0.9538461538461538,0.23410138248847923,-0.09727100783572007,-2.37442502299908,-2.5432098765432096,0.06290471785383911,-0.11965811965811968,0.0,0.033203125,0.14579138139347547,-0.4343891402714932,0.10332103321033226,0.08754338603933665
2014-05-03,-0.0072789552558338855,-0.035002384358607586,-0.0535714285714286,-0.0747713824636902,0.10913196186653296,-0.3711720489977728,0.5733788395904438,0.5733788395904438,0.5647058823529414,0.5975609756097562,-0.6,0.7920792079207921,0.32499999999999996,-1.2145669291338583,-0.040702016430171795,-0.2442382520203531,0.8253012048192769,1.0346666666666668,0.10269799825935588,-0.28802588996763745,0.8744394618834079,0.032136105860113506,0.11704745166959607,1.0399999999999996,0.0,0.04297872340425535
2014-08-02,0.03148587448781548,0.04872504447519277,0.03499525666701797,0.05392441860465125,0.023750282741461293,-0.01538461538461533,-0.683297180043384,-0.683297180043384,-0.6842105263157895,-0.6793893129770993,-0.4188311688311688,0.5055248618784531,0.15094339622641506,2.926605504587156,-0.16660179057999225,0.12514851485148526,-0.160982764943161,-0.12844036697247707,0.022099447513812098,0.0181818181818183,-0.4449760765550239,0.031135531135531025,-0.007551919446192601,-0.10196078431372546,-0.026755852842809347,-0.004895960832313251
2014-11-01,0.0984737612377169,0.1368391292055413,0.13952540991954376,0.18962901668735355,0.009500662836942064,0.054406474820143824,-0.26712328767123283,-0.26712328767123283,-0.2857142857142857,-0.2857142857142857,0.6033519553072626,-0.2018348623853211,0.0,-0.5046728971962617,-0.09901914992993932,0.13199577613516356,0.005681818181818121,0.043609022556390986,0.00617760617760621,0.10714285714285698,0.27909482758620685,0.03374777975133214,-0.080849714648066,0.05676855895196509,-0.013745704467354014,-0.044417110837775
2015-01-31,-0.03210252506027156,-0.027687971483047358,-0.08338546787022971,-0.09842337120333877,0.093237032173342,0.38891257995735606,3.850467289719626,3.850467289719626,3.9333333333333336,3.866666666666667,3.045296167247387,-0.14942528735632188,-0.21311475409836067,-4.287735849056604,0.36132711249352,0.13805970149253755,0.15775749674054773,0.19884726224783855,0.08825786646201084,0.13306451612903225,0.08171861836562777,0.03264604810996552,0.12935494998275288,0.2644628099173554,-0.05226480836236935,0.07851830663615544
2015-05-02,-0.10074724698479287,-0.11364992753005376,-0.13699297971918878,-0.1357850070721358,-0.025425425425425474,-0.3431071538225361,-0.7514450867052023,-0.7514450867052023,-0.75,-0.7534246575342466,-1.0086132644272179,-0.42162162162162165,3.958333333333333,-1.6499282639885222,-0.17250571210967247,0.03989071038251368,-0.28641141141141147,-0.266826923076923,-0.026798307475317307,-0.0462633451957295,-0.15031152647975077,0.12312811980033289,0.08368967623701895,-0.2614379084967321,-0.007352941176470562,0.025593422622994355
2015-08-01,-0.01115241635687736,-0.014524817237398957,0.010507287312168101,0.01740812379110257,-0.05053410024650784,-0.003505491937368599,0.2713178294573644,0.2713178294573644,0.2702702702702702,0.2777777777777779,-32.8,0.23364485981308403,0.6890756302521008,-0.17660044150110377,-0.17165209387942937,-0.09537572254335269,0.014729089952656427,0.032786885245901676,-0.02826086956521745,-0.07089552238805963,0.2428964252978918,0.034074074074074145,-0.039740698985343825,0.030973451327433787,0.0037037037037035425,-0.031419705197827774
2015-10-31,0.1186053368715907,0.14543679843826252,0.17676654740608222,0.227698157355952,0.0060579835569016804,0.034122889305816084,-0.23780487804878048,-0.23780487804878048,-0.23404255319148937,-0.21739130434782616,-0.5125786163522013,-0.4696969696969697,-0.6990049751243781,-0.7238605898123325,-0.057222222222222174,-0.0209119953528899,0.015552099533437058,0.03015873015873005,0.011931394481730084,0.008032128514056103,-0.03613569321533927,0.032951289398280625,-0.1006750807161726,0.03433476394849788,-0.0036900369003689537,-0.06694700307035117
2016-01-30,-0.10912685337726524,-0.1575628461866212,-0.13149643705463188,-0.17510422870756404,-0.05849462365591396,0.5447329629209661,2.832,2.832,2.9166666666666665,2.888888888888889,4.541935483870968,-2.4214285714285717,5.231404958677686,-3.70873786407767,0.16440777843252796,-0.08306140611094637,-0.010719754977029039,-0.012326656394452962,-0.002210759027266085,-0.0916334661354582,-0.1040550879877582,0.03190013869625519,0.05678851174934718,-0.05809128630705385,0.04444444444444429,0.021246154946705786
2016-04-30,-0.04571344034322067,-0.061096500101153195,-0.07285854939284542,-0.08534296028880861,0.010963910461397885,-0.3802393011818248,-0.5219206680584552,-0.5219206680584552,-0.4964539007092199,-0.5,-0.43771827706635624,-1.2110552763819096,-0.18832891246684347,-1.4695340501792113,-0.0662955465587044,-0.01229375606599803,0.13828689370485026,0.12792511700468023,0.01255539143279183,-0.013157894736842035,0.010247651579846195,0.0981182795698925,0.059604694255713575,0.1145374449339207,0.014184397163120588,0.026478005043429675
2016-07-30,0.027362219982947078,0.044386985563456216,0.05427728613569327,0.07357120303125986,-0.024175327609579744,0.010659718109676586,-0.1353711790393013,-0.1353711790393013,-0.12676056338028163,-0.12857142857142856,0.6666666666666667,9.785714285714286,-0.47549019607843135,-1.1221374045801527,0.008672086720867167,0.021945627251883426,0.05167724388032657,0.04011065006915637,-0.007293946024799491,0.013333333333333197,-0.09721048182586645,0.03427172582619331,-0.05013115709705618,0.035573122529644285,0.0034965034965035446,-0.02715981984441107
2016-10-29,0.09717821035159191,0.1368887971941406,0.1506435366536094,0.2008823529411765,-0.013429034498726566,0.04828313606000245,-0.02020202020202022,-0.02020202020202022,-0.016129032258064502,0.0,-0.867080745341615,-0.20309050772626935,-0.20872274143302183,-33.5,-0.2794196668457818,0.16346153846153832,0.09094827586206877,0.07978723404255317,-0.0022042615723731895,0.17105263157894735,0.10674157303370801,0.03313609467455625,-0.10095121202822965,0.061068702290076216,0.017421602787456303,-0.05331088664422001
2017-01-28,-0.047173703754641694,-0.04582161328373102,-0.11030055442077624,-0.12784717119764877,0.10513963858249231,0.5072107322526551,2.1288659793814433,2.1288659793814433,2.180327868852459,2.1147540983606556,9.74766355140187,-0.9141274238227147,-0.14566929133858264,-2.728846153846154,0.6703952274422074,0.19146005509641872,0.09561438166732517,0.10837438423645329,0.12150220913107512,0.1910112359550562,0.10236886632825715,0.032073310423825774,0.1600682593856655,0.1223021582733812,-0.010273972602739656,0.09410195613515127
2017-04-29,-0.06502598152424943,-0.08178014454165083,-0.07554389417295293,-0.0915473181690536,-0.04459545551072419,-0.36745290016318055,-0.6902800658978583,-0.6902800658978583,-0.6855670103092784,-0.6842105263157895,-0.788695652173913,12.64516129032258,0.903225806451613,-1.6662958843159066,-0.18125000000000002,0.09063583815028897,-0.03750450775333558,-0.03444444444444439,-0.03151674326986209,-0.02515723270440251,-0.05218726016884112,0.037735849056603765,0.02177110914974989,-0.03525641025641024,0.0,0.01070025734796154
2017-07-29,0.03774604399845627,0.04370339685169844,0.07580416272469259,0.09814528593508509,-0.033785285619026495,0.04831144465290804,0.11170212765957444,0.11170212765957444,0.13114754098360648,0.1166666666666667,0.8477366255144032,-0.3262411347517731,0.116222760290557,-0.5442404006677797,-0.14885496183206104,0.18973924104303563,0.007868115399025877,0.0069044879171460405,-0.014915254237288234,0.22580645161290303,0.22186234817813766,0.036363636363636376,-0.06910452058738847,-0.0033222591362126463,0.006920415224913601,-0.04958456177968362
2017-10-28,0.09974709907765544,0.13167295098233778,0.16884687259536113,0.28810696692470095,-0.044858523119392646,0.04250559284116329,0.1435406698564594,0.1435406698564594,0.15942028985507273,0.16417910447761197,0.13808463251670378,0.08070175438596494,0.0,-0.04395604395604391,-0.1672005124919923,0.02405559515324307,0.04386617100371737,0.03200000000000003,-0.0227116311080523,0.04210526315789487,0.0072895957587806315,0.0350877192982455,-0.13145685122177542,0.030000000000000027,0.0068728522336769515,-0.12140439932318114
2018-02-03,-0.11741630030436256,-0.13818500657606314,-0.11248001504749361,-0.1458697552447552,-0.13005780346820806,0.6483905579399141,0.5230125523012552,0.5230125523012552,0.5625,0.5769230769230769,0.8356164383561644,-1.0454545454545454,1.0867678958785247,-1.0,0.0,0.14407516965373235,-0.14245014245014254,-0.18272425249169433,-0.09999999999999998,0.16919191919191912,0.09539473684210531,0.03389830508474567,-0.014245014245014231,-0.23300970873786409,0.06143344709897591,0.008987321457230024
2018-05-05,-0.07410529542493682,-0.09146403499847389,-0.08212355621489875,-0.09747985160547523,-0.05315614617940201,-0.40708195013994664,-0.4285714285714286,-0.4285714285714286,-0.40800000000000003,-0.41463414634146345,-0.7825159914712153,75.64285714285714,-0.4636174636174636,inf,0.5761538461538462,0.08942965779467671,0.09094684385382057,0.03658536585365835,-0.04225352112676051,0.20950323974082075,0.31171171171171186,0.043394406943105146,0.022760115606936582,0.008438818565400963,0.02893890675241173,0.006680451725783243
2018-08-04,-0.0073663300778017415,-0.01780515117581183,0.016739782960055516,0.024663359319631484,-0.06842105263157894,0.029641014381381003,0.17307692307692313,0.17307692307692313,0.18918918918918926,0.19444444444444442,3.431372549019608,-0.8816402609506058,0.9534883720930232,-0.9746328437917223,0.009272816007808604,0.02917771883289122,0.11800532927293506,0.06274509803921569,-0.05228758169934644,0.07499999999999996,-0.0073260073260073,0.04158964879852123,-0.06146238078417532,0.02092050209205021,0.04062499999999991,-0.04147574656343811
2018-11-03,0.25072959226215286,0.24284574164861472,0.36118996252980584,0.3740489694286899,-0.05461393596986819,0.02249706791768835,0.13524590163934436,0.13524590163934436,0.1477272727272727,0.15116279069767447,-1.0011061946902655,-5.929133858267717,-0.998015873015873,-34.10526315789474,-0.3041586073500967,0.020347259902333104,0.12529792305073206,0.03198031980319804,-0.03534482758620694,0.07641196013289053,-0.03367158671586723,0.03992901508429458,-0.24426044410989833,0.032786885245901676,0.0,-0.09544218247754066
2019-02-02,-0.13993333333333335,-0.18631318227685534,-0.1996162829496163,-0.24363233665559247,0.09760956175298796,0.543378519290928,1.6534296028880866,1.6534296028880866,1.6930693069306932,1.7070707070707072,-1302.0,-0.8945686900958466,245.0,-2.1844197138314785,0.5177206393328702,-0.1935655410795002,0.3709531013615732,0.34326579261025025,0.10277033065236818,-0.1635802469135803,-0.23818615751789973,0.03839590443686003,0.27639442231075684,0.35317460317460303,-0.009009009009009028,0.07571753986332586
2019-05-04,0.1278195488721805,-0.09650507328072155,0.1668577384054195,-0.04552109676560623,0.014519056261343088,-0.3823390311465441,-0.6394557823129252,-0.6394557823129252,-0.6360294117647058,-0.6343283582089553,-0.9984627209838586,1.9090909090909092,-0.540650406504065,-1.559731543624161,-0.19093406593406592,0.10435212660731952,0.04436106819686603,-0.008873114463176623,0.017828200972447306,0.0018450184501843658,-0.20050125313283218,0.041084634346754356,-0.10066328521264134,0.038123167155425186,-0.045454545454545414,-0.05336269693376261
