Quarter end,Assets,Current Assets,Liabilities,Current Liabilities,Shareholders equity,Revenue,Earnings,Earnings available for common stockholders,EPS basic,EPS diluted,Cash from operating activities,Cash from investing activities,Cash from financing activities,Cash change during period,Cash at end of period,Price,ROE,ROA,Book value of equity per share,P/B ratio,P/E ratio,Cumulative dividends per share,Equity to assets ratio,Net margin,Asset turnover,Current ratio
1993-12-31,0.006049301809749386,0.02495524902600832,-0.006614093106079855,-0.04269812261172956,0.02461461959224276,0.17845329973224122,1.0909090909090908,1.0909090909090908,1.0714285714285712,0.4067796610169492,-2.909560723514212,0.11562500000000009,0.4242424242424243,-1.821458507963118,-0.47950160771704176,0.28492307692307683,0.06924643584521406,0.029629629629629672,0.02491103202846978,0.056451612903225756,-0.09410968178740686,inf,0.018495684340320562,0.05230125523012541,0.023255813953488413,0.07066801876029905
1994-03-31,0.006049301809749386,0.02495524902600832,-0.006614093106079855,-0.04269812261172956,0.02461461959224276,0.17845329973224122,1.0909090909090908,1.0909090909090908,1.0714285714285712,0.4067796610169492,-2.909560723514212,0.11562500000000009,0.4242424242424243,-1.821458507963118,-0.47950160771704176,0.28492307692307683,0.06924643584521406,0.029629629629629672,0.02491103202846978,0.056451612903225756,-0.09410968178740686,inf,0.018495684340320562,0.05230125523012541,0.023255813953488413,0.07066801876029905
1994-06-30,0.05822518414591382,0.12708033696322163,0.05795988049509182,0.1103783408538701,0.058602280999757284,0.17845329973224122,1.0909090909090908,1.0909090909090908,1.0714285714285712,0.4067796610169492,-2.909560723514212,0.11562500000000009,0.4242424242424243,-1.821458507963118,0.7567567567567568,0.08381226053639845,0.06924643584521406,0.029629629629629672,0.05787037037037046,0.056451612903225756,-0.09410968178740686,1.0,0.00024213075060552924,0.05230125523012541,0.023255813953488413,0.015095009767359224
1994-09-30,0.020597566172640747,0.03317837936377721,0.016459577214781307,0.015629884338855815,0.02647564469914032,-0.11507618283881316,-0.46739130434782605,-0.46739130434782605,-0.4655172413793103,0.4067796610169492,-0.8247631935047361,0.08683473389355734,-0.014184397163120588,-1.273469387755102,-0.1178021978021978,-0.016791869200176723,0.06924643584521406,0.029629629629629672,0.026258205689277947,-0.0725190839694656,-0.09410968178740686,0.5,0.005809731299927234,0.05230125523012541,0.023255813953488413,0.01726148822020046
1994-12-31,-0.015356778324209008,-0.06704896338773714,-0.03826004127639304,-0.04385964912280704,0.016860205448861132,-0.010874490258269143,-0.3877551020408163,-0.3877551020408163,-0.4193548387096775,0.4067796610169492,-0.038610038610038644,-0.41237113402061853,0.26618705035971213,-0.42164179104477617,-0.07722969606377683,-0.1235955056179775,0.06924643584521406,0.029629629629629672,0.013859275053304865,-0.1440329218106996,-0.09410968178740686,0.33333333333333326,0.0327316486161251,0.05230125523012541,0.023255813953488413,-0.02424902545287777
1995-03-31,0.032841728313621976,0.05787234042553191,0.027731924727632862,0.04426203122485117,0.03963983748764677,0.1821652160635212,1.2333333333333334,1.2333333333333334,1.3333333333333335,0.4067796610169492,-2.1285140562248994,0.3421052631578947,-0.2897727272727273,3.5935483870967744,-0.3844492440604752,0.022564102564102573,0.06924643584521406,0.029629629629629672,0.039957939011566745,0.009615384615384581,-0.09410968178740686,0.27272727272727293,0.006525285481239873,0.05230125523012541,0.023255813953488413,0.01304271194406903
1995-06-30,0.02947080291970794,0.07955662822919463,0.030195952457436448,0.03175092478421693,0.028517110266159662,0.08395763368638587,-0.2512437810945274,-0.2512437810945274,-0.26190476190476186,0.4067796610169492,-4.9110320284697515,-0.9052287581699346,0.3440000000000001,-2.2668539325842696,0.7912280701754386,0.0,-0.1980952380952381,0.029629629629629672,0.02831142568250744,-0.03809523809523818,-0.09410968178740686,0.23214285714285698,-0.000926140310257062,-0.20079522862823063,0.015151515151515138,0.04633764426143938
1995-09-30,0.009261721173446702,0.020783307112693494,0.0,-0.02927995219599644,0.021462312589854093,-0.1352478551000953,0.15282392026578062,0.15282392026578062,0.16129032258064502,0.4067796610169492,-0.11828935395814377,11.275862068965518,-0.2857142857142857,-0.45343680709534373,0.2414299706170422,-0.040621865596790485,0.01821060965954069,0.029629629629629672,0.019665683382497523,-0.06930693069306937,0.1718983557548579,0.17391304347826098,0.012282734646581694,0.02238805970149249,0.00746268656716409,0.05154639175257736
1995-12-31,0.03644346871569715,0.03634003893575599,0.026972248207047134,0.047091412742382266,0.04865788680004024,-0.03224472922695332,-0.36023054755043227,-0.36023054755043227,-0.36111111111111105,0.4067796610169492,0.04643962848297223,0.008426966292134797,-3.1083333333333334,0.8417849898580121,0.3581854043392505,0.12388917929952958,-0.0007776049766717863,0.007194244604316724,0.024108003857280513,0.10106382978723394,0.07971938775510212,0.16049382716049365,0.011675824175824134,0.017031630170316392,-0.007407407407407418,-0.01027830487033532
1996-03-31,0.031137470874814666,-0.021994364433312485,0.025352967967208206,0.04850088183421519,0.038443102291247255,0.09041720062651293,1.045045045045045,1.045045045045045,1.0,0.4067796610169492,-1.393491124260355,3.6824512534818945,-1.4861660079051384,-3.4262114537444934,-0.6398489689224514,0.06697674418604649,0.006225680933852118,0.014285714285714235,0.03766478342749524,0.04347826086956541,0.026580035440047167,0.13829787234042556,0.007015161801312564,0.045454545454545636,-0.02985074626865669,-0.06720988443308296
1996-06-30,0.010147904683648346,-0.00752300920368143,-0.026280722534794188,-0.042472666105971446,0.055576070901034,0.16440323844345772,0.5594713656387664,0.5594713656387664,0.5652173913043477,0.4067796610169492,-3.3032581453634084,-0.6228435455086259,0.22764227642276413,-1.0608261461643214,0.10806451612903234,-0.04620749782040112,0.2559938128383603,0.278169014084507,0.05535390199637025,-0.07870370370370372,-0.07422324510932099,0.11214953271028016,0.04494382022471921,0.28375286041189907,-0.007692307692307665,0.03648301455894942
1996-09-30,0.057632081994549944,-0.014998790420127417,0.0842393370333765,0.16015224710876885,0.027024663284939576,-0.14365818100257932,-0.4279661016949152,-0.4279661016949152,-0.4305555555555556,0.4067796610169492,0.10337323177366708,2.823343848580442,-6.271523178807947,-5.582089552238806,-0.44687045123726343,-0.022851919561243106,-0.008620689655172264,0.0,0.02579535683576939,-0.07537688442211055,-0.24922311995027968,0.10924369747899165,-0.028817204301075372,0.021390374331550888,-0.015503875968992276,-0.15098600859314748
1996-12-31,0.0776803568681741,0.0166189111747852,0.1252366594207981,0.048706624605678206,0.019926764881205816,-0.03195390256678887,-0.28148148148148144,-0.28148148148148144,-0.2682926829268293,0.4067796610169492,1.4329388560157792,-0.07136963696369636,0.7701005025125629,-3.6465798045602607,2.138157894736842,0.15201122544434043,0.003726708074534013,-0.0055096418732781816,0.014249790444258226,0.11956521739130443,0.12003311258278138,0.0984848484848484,-0.05358724534986714,0.02617801047120416,-0.03149606299212604,-0.030558619347304194
1997-03-31,0.027048244361975504,0.07867611531647611,0.01825886458528081,0.04355673204187216,0.038824413459130014,0.1385281385281385,0.8109965635738832,0.8109965635738832,0.7666666666666668,0.4067796610169492,-1.2582083502229429,-0.8165259884495779,-1.0681334279630943,-1.705230769230769,-0.48050314465408805,0.0759236703207471,0.004331683168316891,-0.0041551246537395725,0.0380165289256198,0.06310679611650483,0.036215816703621506,0.08275862068965534,0.01146467009826857,0.015306122448979664,-0.016260162601625994,0.03359657341721323
1997-06-30,0.018171079146688918,0.030608435983575877,-0.017747858017135854,-0.03389830508474578,0.0653431924127954,0.19795627376425862,0.573055028462998,0.573055028462998,0.5660377358490565,0.4067796610169492,-2.7488226059654632,0.6343825665859564,4.9375,-0.8856893542757417,-0.10573042776432606,0.08830188679245277,0.023413431916204486,0.018080667593880273,0.06289808917197437,0.05022831050228316,0.049215406562054254,0.08280254777070062,0.04626416840157299,0.025125628140703515,-0.008264462809917328,0.0668220668220667
1997-09-30,0.10506739464255244,0.008982252806954083,0.20903426791277258,0.1618331543143574,-0.020822331195775146,-0.13062884348343584,-1.2062726176115803,-1.2062726176115803,-1.2048192771084338,0.4067796610169492,-0.09874326750448836,4.2192592592592595,-4.910526315789474,1.213740458015267,-0.2617328519855595,0.1411234396671288,-0.29801324503311255,-0.319672131147541,-0.024719101123595544,0.07391304347826111,0.0808973487423521,0.07058823529411762,-0.11386248065443283,-0.303921568627451,-0.025000000000000022,-0.1315853362466617
1997-12-31,0.0009263833992094739,-0.019312226290473133,-0.007266168513269777,-0.025988700564971712,0.0131751290546267,0.06229321163719348,-2.871345029239766,-2.871345029239766,-2.9411764705882355,0.4067796610169492,0.13147410358565748,-0.7121771217712177,-1.0376850605652759,-1.1310344827586207,0.046454767726161306,-0.02673959282892724,-0.0034305317324184736,-0.016064257028112316,0.015360983102918668,-0.004048582995951455,0.35220125786163514,0.0714285714285714,0.012225548902195627,-0.03521126760563387,0.017094017094017033,0.006849315068493178
1998-03-31,0.06515703091256864,0.14084919472913615,0.08819559800664445,0.18055262602826416,0.03140684410646388,-0.02889055955321662,0.840625,0.840625,0.7878787878787876,0.4067796610169492,-1.9410211267605635,-0.373767258382643,-20.94047619047619,-1.763157894736842,-0.033878504672897214,-0.015610365282547556,0.018932874354561147,-0.00612244897959191,0.03177004538577921,-0.028455284552845517,-0.035348837209302375,0.06666666666666665,-0.03179689425684007,0.024330900243308973,-0.025210084033613467,-0.033597112314313504
1998-06-30,0.0065457915773619035,0.004684291581108724,-0.018747316700853833,-0.03903877077005535,0.045638870456388814,0.23092236230922358,0.41595925297113756,0.41595925297113756,0.423728813559322,0.4067796610169492,-2.351730589335828,-0.08346456692913384,-1.5850746268656717,3.0344827586206895,-0.14147521160822252,-0.08404693942277208,-0.014358108108108114,-0.03696098562628347,0.04912023460410553,-0.11297071129707115,-0.11861137897782048,0.05769230769230771,0.038951120162932895,-0.02375296912114011,-0.017241379310344862,0.04546760522913362
1998-09-30,-0.02152394106813993,-0.025356070767069028,-0.028779776373359267,-0.06237798642744263,-0.010999858976166954,-0.1406109613656783,-0.9508393285371702,-0.9508393285371702,-0.9523809523809523,-0.9518072289156626,-0.02837370242214532,-0.39518900343642616,-0.1316326530612245,-2.717948717948718,0.28309859154929584,-0.35630193905817176,0.11311053984575836,0.12153518123667384,0.06708595387840655,-0.3867924528301887,-0.3561269146608316,0.05909090909090908,0.010781671159029615,0.1119221411192215,0.00877192982456143,0.0395053246307111
1998-12-31,-0.014380661098694292,-0.04692005242463959,0.021223345680248196,0.027562958556414774,-0.06509339797518898,0.015682174594877196,8.731707317073171,8.731707317073171,9.75,9.25,0.7877492877492878,1.289772727272727,0.5910693301997649,0.7412935323383085,0.38419319429198673,0.02366863905325456,0.04541955350269444,0.03612167300380231,-0.06614276358873605,-0.03846153846153855,-0.09685641461342387,0.05579399141630903,-0.051393939393939436,0.03282275711159732,0.0,-0.0725049570389954
1999-03-31,0.04472624198120245,0.10313531353135308,0.04965199490246053,0.09417213431107685,0.037062457103637536,0.11477097272259384,0.4436090225563909,0.4436090225563909,0.4651162790697674,0.5121951219512195,-1.401195219123506,-0.5732009925558312,-1.6661742983751846,-2.282857142857143,-0.3560666137985725,0.15922228060956378,-0.00810014727540509,-0.011009174311926495,0.03716690042075732,0.24,0.110065851364064,0.04878048780487809,-0.007411193457705023,-0.048728813559322015,0.04347826086956519,0.008194969001638963
1999-06-30,0.0033700805392129496,0.012528047868362036,-0.027737567125846407,-0.0444444444444444,0.05235679094051027,0.08513388734995386,0.4305555555555556,0.4305555555555556,0.4285714285714286,0.435483870967742,-2.7437934458788478,0.1424418604651163,-2.2117516629711753,-1.601336302895323,0.33251231527093594,0.045330915684496764,-0.007423904974016127,-0.007421150278293265,0.051386071670047384,0.006451612903225712,0.028813559322033777,0.050387596899224674,0.04866117404737369,-0.020044543429844186,0.016666666666666607,0.05965507492225042
1999-09-30,-0.007030627348286411,-0.023268698060941784,-0.013303875894529527,-0.03248431155407905,0.002096289567465659,-0.14516678012253237,-0.7839805825242718,-0.7839805825242718,-0.7888888888888889,-0.7865168539325843,-0.38838268792710706,0.4758269720101782,-0.6825251601097896,-0.4555555555555556,0.13585951940850283,0.17909800520381625,0.0680628272251309,0.06728971962616814,0.004501607717041667,0.1217948717948718,0.14250411861614487,0.04428044280442811,0.009329732383992262,0.06136363636363629,0.0,0.009471718249733252
1999-12-31,-0.0383259280493049,-0.005357030314489197,9.735202492211492e-05,0.03815337657382689,-0.09336866327313298,0.016324905434998982,-7.735955056179775,-7.735955056179775,-7.894736842105264,-7.894736842105264,0.08845437616387342,0.07586206896551717,1.207492795389049,-2.503401360544218,-0.17982099267697316,-0.17248988598749548,-0.8081232492997199,-0.8091068301225919,-0.0934699103713188,-0.17714285714285716,-0.23143475126171587,0.0459363957597172,-0.05716370712721974,-0.8115631691648822,0.016393442622950838,-0.041892427646359254
2000-03-31,0.05714200548467874,0.11696869851729819,0.09656380804049447,0.17842704887908867,-0.0051530533764035935,0.12536728697355537,-1.4895746455379482,-1.4895746455379482,-1.4885496183206106,-1.4885496183206106,-1.5004277159965782,-0.3125,-2.6240208877284594,-2.0407239819004523,0.22817460317460325,-0.1804444444444444,0.04379562043795615,0.02752293577981657,0.039548022598870025,-0.09722222222222221,3.4352720450281424,0.04391891891891886,-0.05908152734778116,0.022727272727272485,0.008064516129032251,-0.05213793103448272
2000-06-30,-0.014098406880022507,0.03312911277513053,0.044296493564136785,0.07703103071885242,-0.11580981832238113,-0.010617928633594453,-2.7802385008517887,-2.7802385008517887,-2.859375,-2.859375,-3.4393162393162395,0.41025641025641035,-1.5715434083601285,-0.5173913043478261,0.08966074313408723,-0.015184381778741929,-5.0,-4.803571428571429,-0.11005434782608703,-0.05384615384615388,-0.06324027072758043,0.03883495145631066,-0.10309843707156574,0.0,-0.008000000000000007,-0.04074505238649595
2000-09-30,-0.021078221078221104,0.05672084339995598,0.012623257395443677,0.027942666859707588,-0.09040832386115238,-0.1739092188599578,-0.1167464114832536,-0.1167464114832536,-0.11764705882352933,-0.11764705882352933,-0.5346881569726699,-0.4413223140495868,-0.47116736990154706,-1.4504504504504505,-0.03706449221645658,0.032488986784140916,0.8881118881118881,0.7535211267605635,-0.09083969465648856,0.16260162601626016,0.0,0.04049844236760114,-0.07092632222561912,0.0,-0.008064516129032251,0.02798847087378631
2000-12-31,-0.007683767675587205,-0.04816835541699138,-0.022287513116474256,-0.12119718309859151,0.025761799480918945,-0.37493344691726116,-1.4582881906825569,-1.4582881906825569,-1.457142857142857,-1.457142857142857,0.5993975903614457,-0.6627218934911243,1.646276595744681,-0.06000000000000005,-0.03618167821401075,-0.05813333333333337,-0.6097222222222223,-0.6305220883534137,0.02350965575146935,0.034965034965035,0.0,0.038922155688622784,0.033892727871010164,0.0,-0.10569105691056901,0.08308123662657718
2001-03-31,-0.002649786544972721,-0.003548422316846822,-0.017987464583154478,-0.028367657664877033,0.030831224814918956,0.5557069846678024,-0.13475177304964536,-0.13475177304964536,-0.125,-0.125,-0.795668549905838,2.008771929824561,-0.5949748743718593,10.25531914893617,-0.4225239616613419,0.07078142695356737,0.28588374851720033,0.24637681159420288,0.03035274815422495,0.04729729729729737,0.0,0.03458213256484144,0.03341820496499048,0.0,-0.054545454545454564,0.02554669936644194
2001-06-30,-0.01768265682656822,-0.026297047060757084,-0.044240437158469925,-0.0862680412371134,0.03754545454545455,0.01708278580814726,0.13387978142076506,0.13387978142076506,0.11904761904761907,0.11904761904761907,5.073732718894009,-1.8017492711370262,0.8808933002481389,-2.5784499054820413,1.1549100968188104,0.15758857747223698,-1.2380073800738007,-1.2412790697674418,0.035828025477707026,0.1225806451612903,0.0,0.03621169916434552,0.05635971666153372,-0.07777777777777772,-0.03846153846153855,0.06563039723661479
2001-09-30,-0.01601755018632045,-0.04850053451865188,-0.022275076613456513,-0.06823720552396428,-0.004030491544729675,-0.12683031869078376,-0.8481927710843373,-0.8481927710843373,-0.851063829787234,-0.851063829787234,-0.0022761760242792084,-3.2581818181818183,-0.09234828496042213,-0.9928143712574851,0.0038510911424902705,-0.11740520785746922,3.4186046511627906,3.566265060240964,-0.003843197540353449,-0.14367816091954022,0.3632874237976971,0.032258064516129004,0.01224489795918382,3.710843373493976,-0.030000000000000027,0.021194364792419984
2001-12-31,-0.035671746632868095,-0.17160428123706462,-0.042571107784431184,-0.12554489973844818,-0.022697281604645014,-0.11491985203452526,-1.4126984126984126,-1.4126984126984126,-1.4285714285714284,-1.4285714285714284,-0.6517110266159696,0.2157809983896941,-0.7354651162790697,-80.83333333333333,-0.3062659846547314,0.008281573498964745,-0.3605263157894737,-0.3430079155672824,-0.035493827160493874,0.006711409395973256,-0.7759191785359391,0.03385416666666674,0.013248847926267349,-0.3785166240409208,0.061855670103092786,-0.052679770479794885
2002-03-31,0.016880443388756827,0.047897779998572254,4.886152643401864e-05,-0.017835382740666872,0.04788909892879656,0.20743939816104762,-6.076923076923077,-6.076923076923077,-6.0,-6.0,-0.2794759825327511,-0.6993377483443708,-2.3626373626373627,-1.732776617954071,0.3235023041474654,0.2772073921971252,-0.2962962962962964,-0.27710843373493976,0.034399999999999986,0.32666666666666666,0.977087952697709,0.032745591939546514,0.030699260943718,-0.27572016460905346,0.0,0.06695019008956749
2002-06-30,0.060265354428802764,0.1546321525885559,0.07109004739336489,0.13320550417324606,0.041233570999055,0.17364716741663777,2.5,2.5,2.4000000000000004,2.4000000000000004,5.2303030303030305,0.31277533039647576,-0.3911290322580645,4.438746438746438,1.3293871866295266,0.0988745980707395,0.06432748538011701,0.07222222222222241,0.04021655065738594,0.06030150753768848,0.5484112149532712,0.029268292682926855,-0.018201875344732277,0.051136363636363535,0.01941747572815533,0.018903249184684112
2002-09-30,-0.00916487971095381,-0.013628318584070764,-0.02536264939330357,-0.05245346869712353,0.020130352281164887,-0.11521824616594578,-0.48917748917748916,-0.48917748917748916,-0.4901960784313726,-0.4901960784313726,-0.6162451361867705,-0.3489932885906041,-2.7152317880794703,-0.823991618648507,0.10044843049327357,-0.14959765910753475,0.24725274725274704,0.26943005181347157,0.02007434944237918,-0.1800947867298578,-0.19821342346692417,0.0308056872037914,0.029775280898876266,0.2432432432432432,0.01904761904761898,0.04095785667713825
2002-12-31,0.010079748599211458,-0.006998026197739149,0.07895722175418896,0.05630252100840338,-0.10893651435503438,0.03111111111111109,-1.194915254237288,-1.194915254237288,-1.1923076923076923,-1.1923076923076923,0.21039290240811148,1.9793814432989691,1.1003861003861002,-1.4970238095238095,-0.045368106492800875,-0.11784946236559135,-0.023494860499265635,-0.04489795918367345,-0.11005830903790081,-0.138728323699422,-0.3062330623306233,0.029885057471264576,-0.11783960720130926,-0.08260869565217388,0.03738317757009346,-0.059902061268648166
2003-03-31,-0.00992046021543247,-0.014937959282014246,-0.016396998221489656,-0.04315831344470966,0.0036304229442729596,0.0070043103448276245,-1.8260869565217392,-1.8260869565217392,-1.7999999999999998,-1.7999999999999998,-1.4418848167539267,-0.44982698961937717,-1.0477941176470589,3.275449101796407,-0.20318725099601598,-0.08239882983910296,-0.1082706766917294,-0.1282051282051282,0.003276003276003303,0.033557046979865834,-0.06119791666666663,0.0,0.013605442176870541,-0.1327014218009479,0.009009009009008917,0.02943670502725615
2003-06-30,0.04757952153677403,0.03448697566344627,0.0395589856670342,0.12429848264394106,0.06402604449267502,0.146067415730337,13.105263157894736,13.105263157894736,13.749999999999998,13.749999999999998,-3.4549763033175354,2.9685534591194966,-2.269230769230769,-0.6372549019607843,-0.09250000000000003,0.19659936238044629,0.11467116357504237,0.09313725490196068,0.061224489795918435,0.19480519480519476,0.36985668053629217,0.0,0.015863331299572847,0.08743169398907114,0.0,-0.0798423158390209
2003-09-30,0.012790763484068046,-0.014599834495803266,-0.0047089767520787085,-0.008596783139212416,0.047849736528981834,-0.03239962651727357,-0.292910447761194,-0.292910447761194,-0.288135593220339,-0.30508474576271183,1.3523166023166024,0.11331220285261501,0.030303030303030276,-4.853281853281853,0.39275875639512003,0.169626998223801,0.18910741301058986,0.17040358744394624,0.0361538461538462,0.1032608695652173,0.05838677016537286,0.0,0.03453453453453448,0.14572864321608048,0.01785714285714257,-0.006074557196751762
2003-12-31,0.006566079910589551,0.0288524983504288,-0.028387536763138876,0.027319347319347376,0.07307973071619767,0.04882755958699225,0.05277044854881274,0.05277044854881274,0.023809523809523725,0.04878048780487809,-0.6306934755847353,-0.4775800711743772,6.235294117647059,-1.0801603206412826,-0.022605255721955375,0.0869400151860289,0.4223918575063612,0.4712643678160917,0.04899777282850781,0.049261083743842304,-0.07780612244897955,0.1116071428571428,0.06589259796806979,0.4342105263157894,0.026315789473684292,0.0014796706124549086
2004-03-31,0.05210270645385151,-0.00839552238805974,0.02518096073700371,0.03585042657469595,0.09848828420256983,0.10368939184837611,0.20300751879699241,0.20300751879699241,0.18604651162790709,0.16279069767441867,-1.1688888888888889,2.1948228882833787,-4.154471544715447,20.5125,-0.49754264238219137,0.2766329025497729,0.23792486583184247,0.2890625000000002,0.08563340410474152,0.215962441314554,-0.14038727524204708,0.0,0.044117647058823595,0.2477064220183487,0.03418803418803429,-0.042718571336802236
2004-06-30,0.08039153606669824,0.16174741298212614,0.07509949077838152,0.029965828441251174,0.08890112158535746,0.1859786595531845,0.8770833333333334,0.8770833333333334,0.8431372549019607,0.8600000000000001,-13.18421052631579,-0.7842217484008529,0.6726804123711341,-2.536316095293434,1.521288837744534,0.11874145006839965,0.11560693641618514,0.15757575757575748,0.07953063885267264,0.030888030888030826,-0.14762670957361212,0.0,0.008085550339071546,0.11519607843137236,0.04132231404958686,0.12796940008052626
2004-09-30,0.026154484847004777,0.04899033351890281,0.005691768826620036,0.014717141641854559,0.05864139020537129,-0.10508188655373585,-0.1908990011098779,-0.1908990011098779,-0.1914893617021276,-0.19354838709677424,-0.5674946004319654,-0.19565217391304346,-0.8805855161787365,-0.7923600605143721,0.1252852578731174,-0.012961604304230878,0.07707253886010368,0.1169284467713787,0.051328502415459054,-0.08614232209737827,-0.16092496460594619,0.0,0.031565329883570525,0.10769230769230775,0.007936507936507908,0.03379142126241885
2004-12-31,0.034364588291289966,0.012544024702079382,0.04250603554042831,0.051140174379610936,0.022085596609562552,0.04759660697455237,-0.1934156378600823,-0.1934156378600823,-0.19736842105263164,-0.21333333333333337,1.0611735330836454,1.8034398034398036,-3.858064516129032,-0.877959927140255,0.013587507604948312,0.1707135777998019,0.010222489476849006,0.026562499999999822,0.014933946008041543,0.11065573770491799,0.017997750281214753,0.12048192771084332,-0.011788312014045732,0.023809523809523725,0.0,-0.03671519825056113
2005-03-31,-0.000920301859009709,0.023252489636441664,-0.03215519532288069,-0.06508215026319986,0.04712959177714193,0.05045733993102419,0.6088435374149659,0.6088435374149659,0.5901639344262295,0.6271186440677967,-1.4197456087219866,-1.084136722173532,-0.9909706546275395,-9.970149253731343,-0.12024809923969593,-0.021164021164021163,0.11369047619047601,0.1339421613394216,0.04527447651386507,-0.03321033210332103,-0.07734806629834268,0.0,0.04796954314720825,0.1298449612403101,0.007874015748031482,0.09445008662405163
2005-06-30,0.044767870302137025,0.055599534342258394,0.030046285400486372,0.06577375874424152,0.06569994422755165,0.14096067375633425,0.20613107822410148,0.20613107822410148,0.19587628865979378,0.19791666666666652,-3.6075036075036073,-13.583333333333334,-23.5,-2.146422628951747,0.1566977484648624,-0.014918918918918833,0.026189203634420233,0.04832214765100673,0.06334596643205215,-0.057251908396946494,-0.15508982035928143,0.0,0.020101719544683982,0.04116638078902235,0.0078125,-0.009552401746724781
2005-09-30,0.01800828777993302,0.013939741497198899,-0.0004950495049504955,0.005603137757143939,0.043437303747121625,-0.10258976604528958,-0.22524101665205964,-0.22524101665205964,-0.22413793103448265,-0.22608695652173905,-0.2180409518539015,-0.13327814569536423,-2.033333333333333,-0.6037735849056604,0.05367675973259933,-0.08165057067603154,0.0005208333333333037,0.02176696542893719,0.05244399185336057,-0.13765182186234826,-0.14032600992204103,0.0,0.024928774928774766,0.016474464579901094,0.0,0.008321851749793163
2005-12-31,0.0006495615459565229,-0.02762671307374376,0.00685792662018514,0.0389238239274059,-0.007523322299127333,0.03826850690087835,-0.0011312217194570096,-0.0011312217194570096,0.022222222222222143,0.011235955056179803,0.27530077848549195,0.021012416427889313,12.064516129032258,-2.7655677655677655,-0.08994215338682587,-0.07767686424474185,0.04528891202498708,0.0664160401002507,0.007256894049346707,-0.12206572769953039,-0.11376751854905198,0.10752688172043001,-0.008107482047718162,0.055105348460291914,0.015503875968992276,-0.06405771753388723
2006-03-31,-0.014454181542789102,-0.06559284116331099,-0.03136943277708404,-0.06543058535090407,0.00813624418839698,-0.02114803625377648,-0.23669309173272934,-0.23669309173272934,-0.22826086956521752,-0.22222222222222232,-1.5083240843507215,0.13376987839101973,-0.5193415637860082,4.626556016597511,-0.5560795571047775,0.015029800466441978,-0.09412350597609564,-0.08108108108108092,0.012968299711815456,0.0053475935828875,-0.06604651162790709,0.0,0.022886501634749923,-0.07987711213517668,0.0,-0.0001751927119831853
2006-06-30,0.0172788548093179,0.03969546063972418,0.011758731150871116,0.032218396458435716,0.02436212341470756,0.058367626886145496,0.2344213649851632,0.2344213649851632,0.23943661971830998,0.24285714285714288,-3.0229257641921397,-0.6245874587458746,-0.21746575342465757,-1.346976401179941,0.4346420323325635,-0.0702067909114118,-0.10170423309510734,-0.09207161125319707,0.04504504504504503,-0.07978723404255317,-0.0029880478087648266,0.0,0.006849315068493178,-0.07846410684474125,-0.01526717557251911,0.007242567607032235
2006-09-30,0.0434454180515389,0.0931699903283747,0.07961697362832543,0.16368834882058603,-0.002397846831416639,-0.13304387272373797,-0.5612980769230769,-0.5612980769230769,-0.5568181818181819,-0.5517241379310345,-0.5461413923367513,-0.12967032967032965,-5.472647702407002,1.645058448459086,0.801352221506761,-0.1641954969796815,-0.16340269277845776,-0.1676056338028168,0.007713248638838488,-0.20231213872832376,-0.0949050949050948,0.0,-0.043764172335600815,-0.14311594202898548,-0.03100775193798455,-0.060597274572339654
2006-12-31,-0.07950855275404889,-0.12436804853387262,-0.07782268159221772,-0.1173901173901174,-0.08182085745119194,-0.008745701898639546,-2.4575342465753423,-2.4575342465753423,-2.4871794871794872,-2.4871794871794872,0.6349583828775267,0.9595959595959596,-2.643835616438356,-2.1092808356769788,-0.4934763181411975,0.050591327201051195,-0.5069495245062179,-0.509306260575296,-0.07113912651958587,0.04347826086956519,0.23399558498896234,0.09708737864077688,-0.0026084894474746045,-0.5010570824524313,-0.016000000000000014,-0.007901234567901372
2007-03-31,-0.008021931105768099,-0.014626635873749017,-0.023967422920302517,-0.03541602227033713,0.013943797414253556,0.045245456602066136,-1.8571428571428572,-1.8571428571428572,-1.8620689655172415,-1.8620689655172415,-1.2567272727272727,-0.8067010309278351,-0.9133928571428571,-0.7124230351321985,-0.28016937191249114,0.010631644777986171,-0.15281899109792285,-0.15517241379310343,0.017935046049442516,0.0902777777777779,1.0948121645796065,0.0,0.022111269614836004,-0.15254237288135586,-0.008130081300813052,0.021528123444499725
2007-06-30,0.015743215693380996,0.034423828125,0.01883418762665401,0.02974186307519644,0.011644449127983458,0.09869417790924184,0.256578947368421,0.256578947368421,0.26,0.26,-5.050991501416431,0.3600000000000001,0.6426116838487972,-1.942065491183879,0.3666666666666667,0.00835396039603964,-0.21891418563922938,-0.22448979591836737,0.03285714285714292,-0.01273885350318471,0.17933390264730997,0.0,-0.003954408001860865,-0.22499999999999998,0.008196721311475308,0.00456815690096235
2007-09-29,-0.002809928413728513,0.02511210762331828,0.0015600015600014672,0.027403659011288495,-0.008645833333333353,-0.12916146825136254,-0.9668411867364747,-0.9668411867364747,-0.9682539682539683,-0.9682539682539683,-0.21048951048951048,0.7352941176470589,-0.40376569037656906,-0.34491978609625673,0.17575322812051652,-0.16231972997852107,-0.3901345291479821,-0.3894736842105263,-0.0018441678192716582,-0.18709677419354842,0.051412020275162895,0.0,-0.0058383932741709055,-0.4,0.016260162601626105,-0.002243375977687534
2007-12-31,-0.023683327742368365,-0.026430906662982867,-0.03714808613371756,-0.017807077366068014,-0.005516444257644193,0.08279294224098921,2.5789473684210527,2.5789473684210527,3.0,3.0,-0.17006200177147923,-0.21751412429378536,1.1894736842105265,-0.926530612244898,0.010982306284319732,-0.24432234432234434,1.1544117647058822,1.1724137931034484,-0.0013856812933024099,-0.24603174603174605,0.2462121212121211,0.08849557522123885,0.018557669720460357,1.118279569892473,0.02400000000000002,-0.008750607681088929
2008-03-29,0.010491112332783548,0.04039161897554755,0.008775832086383328,0.0192099984570282,0.012731787204818046,-0.06211699164345408,0.9558823529411764,0.9558823529411764,0.875,0.875,-1.790821771611526,-1.3574007220216606,-1.001602564102564,-18.805555555555557,-0.19342184671092333,-0.1725642268540959,-0.2901023890784983,-0.28968253968253976,0.012488436632747346,-0.16842105263157892,-0.6164686377452334,0.0,0.0023062730627305683,-0.2842639593908629,-0.0078125,0.02078224619911717
2008-06-28,-0.015029242417373134,0.0034550165931717114,-0.029866901860166828,-0.04685489364923168,0.004277516953573368,0.10291060291060283,-1.4511278195488722,-1.4511278195488722,-1.4666666666666668,-1.4666666666666668,-2.8448043184885288,-2.101010101010101,-4.0,-2.9578783151326054,0.46950991395435837,-0.16051552431165794,-0.7980769230769231,-0.7988826815642458,0.004111466423024179,-0.17721518987341778,0.17291066282420742,0.0,0.019558214450069,-0.7943262411347518,0.0,0.05272956579184429
2008-09-27,-0.2023428689788498,-0.15113487065645814,-0.05479565271292197,-0.09561626429479031,-0.387803864533555,-0.3006597549481621,120.51666666666667,120.51666666666667,116.99999999999999,116.99999999999999,-1.31016825164594,-0.3211009174311926,-0.6666666666666667,-1.397609561752988,-0.12703665987780044,-0.12421493370551284,-50.25000000000001,-48.88888888888889,-0.3885350318471338,-0.1230769230769232,3.2825552825552826,0.0,-0.2324531708417964,0.0,0.007874015748031482,-0.06138399224142843
2008-12-31,-0.06982313396231854,-0.07301062069701658,0.09036855681371048,-0.12082894274675093,-0.380705922280672,-0.19358875625721983,-0.9090659717459882,-0.9090659717459882,-0.9092009685230025,-0.9092009685230025,-0.2382075471698113,-3.3513513513513513,104.0,-0.49098196392785576,-0.07407407407407407,-0.40796812749003986,0.3251148175006042,0.1838747099767981,-0.3839285714285715,-0.0350877192982455,0.0,0.006775067750677488,-0.3343134372243458,0.0,-0.046875,0.05439737433902625
2009-04-04,-0.08911566735940946,-0.1338591743911567,-0.0419807538091419,-0.10677187375149821,-0.2501712563364844,-0.12295571206875966,1.7782805429864252,1.7782805429864252,1.7733333333333334,1.7733333333333334,-2.563467492260062,-1.4540229885057472,-0.9047619047619048,-2.637795275590551,0.13102362204724405,-0.45625841184387617,0.6415541773075519,0.38265556099951015,-0.25,-0.10909090909090913,0.0,0.0,-0.1766784452296819,0.0,-0.040983606557377095,-0.030320498040119936
2009-07-04,-0.021180957569978842,-0.005184791278915135,0.02691164776294319,0.07066979760706693,-0.2311346610634022,-0.02232203620525386,-0.1112920738327905,-0.1112920738327905,-0.11057692307692302,-0.11057692307692302,-0.6514851485148515,-1.6075949367088609,-80.7,1.454326923076923,0.2843219159008632,0.3787128712871288,0.0,0.29624379872430895,-0.23188405797101452,0.8367346938775511,0.0,0.0,-0.2145922746781116,0.0,-0.08547008547008539,-0.0708595886339316
2009-10-03,0.0020873921514055205,0.031137244420686994,0.037088359960873785,-0.08877284595300261,-0.2019961977186312,-0.0730892384797438,-0.3017715332926084,-0.3017715332926084,-0.3027027027027027,-0.3027027027027027,2.522727272727273,-0.16666666666666663,0.21580928481806771,0.5954946131243879,0.35320901994796183,0.39676840215439846,0.0,-0.5150355385456533,-0.20335429769392033,0.8111111111111109,0.0,0.0,-0.20355191256830607,0.0,-0.07476635514018692,0.13160588611644264
2009-12-31,-0.05936675461741425,-0.054756350440642865,-0.017881002908119115,0.039083094555874,-0.3737343656938654,-0.012766596575548239,0.08486439195100615,0.08486439195100615,0.09302325581395343,0.09302325581395343,-1.0741935483870968,-4.3,-1.8224974200206399,-1.598526703499079,-0.15622496394808527,0.45115681233933147,0.0,0.1595264937993235,-0.37368421052631584,0.8220858895705523,0.0,0.006729475100942128,-0.3344768439108061,0.0,-0.02020202020202022,-0.09029230508282915
2010-04-03,0.01797445928987962,0.06115033934325087,0.026929694690088324,0.014890800794176151,-0.0884450784593438,0.2846493229879812,-0.8951612903225806,-0.8951612903225806,-0.8936170212765957,-0.8936170212765957,-7.108695652173913,-0.4015151515151515,-1.070263488080301,-1.2646153846153847,0.04899354348651719,0.175376439326838,0.0,-0.28099173553719003,-0.08823529411764708,0.8787878787878787,0.0,0.0,-0.10438144329896903,0.0,0.061855670103092786,0.04555624611559961
2010-07-03,-0.005329755991443363,0.026939724788423103,-0.009312655860349128,0.012498641452016068,0.04799165362545654,0.20168166745618188,-2.0538461538461537,-2.0538461538461537,-2.0,-2.0,2.9145907473309607,0.2278481012658229,-6.910714285714286,1.6046511627906979,0.1216509775524981,0.3195177091183121,0.0,-0.42055442866801895,0.04608294930875578,0.446236559139785,0.0,0.0,0.05323741007194238,0.0,0.11650485436893199,0.01426618320156936
2010-10-02,-0.00426478092877447,0.002830900855561147,-0.010973451327433659,-0.031236582224130505,0.0806371329019413,-0.19641273282743665,-1.5255474452554745,-1.5255474452554745,-1.5333333333333332,-1.5333333333333332,-0.5045454545454545,-0.18556701030927836,-1.311178247734139,-0.15327380952380953,0.09183344092963197,-0.15419760137064542,-0.29258806534059334,-0.4434072345390898,0.0792951541850222,-0.19206939281288726,0.0,0.0,0.08606557377049184,0.0,0.0608695652173914,0.03516380472367109
2010-12-31,-0.01965808836987959,-0.03657236057963742,0.036984013361966106,0.054404432132963976,-0.6757254721326578,-0.106205543291636,13.458333333333334,13.458333333333334,13.624999999999998,13.624999999999998,-0.7651376146788991,15.417721518987342,-1.796116504854369,-3.1985940246045694,-0.18492239467849225,0.15259959486833208,0.021834747093936402,-0.15094339622641506,-0.6775510204081633,0.0690184049079754,0.0,0.006684491978609541,-0.669182389937107,0.0,0.024590163934426146,-0.08628205854045179
2011-04-02,0.016952949962658614,0.0194035681729392,-0.0029145574474612745,0.006305170239596425,0.7528409090909092,0.3527716794731064,-1.2641690682036504,-1.2641690682036504,-1.264957264957265,-1.2564102564102564,-7.4921875,-0.8450269853508096,1.951219512195122,0.018385291766586764,-0.23104824084149433,0.30228471001757473,-0.29546502690238274,-0.36296296296296293,0.7594936708860758,3.037302725968436,0.0,0.0,0.7224334600760456,0.0,0.040000000000000036,0.013011958609579377
2011-07-02,0.02518910185797174,0.04126213592233019,-0.007076923076923092,0.010756056808688408,0.7050243111831442,0.11197890252561105,1.52,1.52,1.5161290322580645,1.5,-2.9771359807460893,0.736318407960199,0.09090909090909083,-1.8084772370486655,0.24292452830188682,-0.009896536212325668,-0.7962033602443814,-0.7945736434108527,0.6978417266187051,-0.43745557924662404,0.0,0.0,0.6644591611479027,0.0,0.023076923076922995,0.030215915346504252
2011-10-01,-0.07671919770773639,-0.1201079622132254,-0.07483731019522777,-0.06746564727761128,-0.09980988593155893,-0.20031013408738485,-0.9321789321789322,-0.9321789321789322,-0.9358974358974359,-0.9333333333333333,-1.0,0.36676217765042973,2.590909090909091,-2.383495145631068,-0.2703984819734345,-0.19309404815992726,-0.8126338329764453,-0.8113207547169812,-0.09745762711864403,-0.5243209096651926,0.0,0.0,-0.025198938992042397,0.0,0.03007518796992481,-0.05646262542302438
2011-12-31,-0.03250834044534101,-0.05458728388176237,0.031276168146039174,0.0060935076445822745,-0.8368532206969377,-0.09992015512718144,-7.297872340425532,-7.297872340425532,-7.6,-7.6,inf,-0.3354297693920335,-0.7626582278481013,-0.6750877192982456,-0.12041612483745123,-0.0822072072072072,-30.657142857142855,-28.2,-0.835680751173709,0.015936254980079667,0.0,0.006640106241699861,-0.8312925170068027,5.620689655172414,0.03649635036496335,-0.06034482758620685
2012-03-31,0.015236567762630271,0.06400707912395842,-0.005480898055296168,-0.018940645303380688,1.6666666666666665,0.23457103028766957,-2.3412162162162162,-2.3412162162162162,-2.333333333333333,-2.3030303030303028,-9.822784810126583,-2.2555205047318614,-0.9466666666666667,-0.32829373650107996,-0.09195742164399767,0.38588957055214723,0.2631984585741809,0.19117647058823528,1.628571428571429,7.436601307189543,-0.5791738382099828,0.0,1.620967741935484,0.171875,0.014084507042253502,0.08457778075403466
2012-06-30,0.015600315955766275,0.043800679187746994,-0.014900391900718457,0.007969469076215097,0.9223300970873787,0.09525764730034902,1.1057934508816123,1.1057934508816123,1.1136363636363638,1.0930232558139537,-2.648493543758967,-1.7462311557788945,20.916666666666668,-2.8938906752411575,0.19179420384239654,0.03718459495351922,0.30201342281879207,0.19444444444444442,0.9239130434782608,-0.6053610164239231,-0.11281526925698704,0.0,0.8953846153846154,0.1777777777777778,0.01388888888888884,0.03556433687330207
2012-09-29,-0.02473264631538008,-0.030144080738330747,-0.03771082839501061,0.011135857461024523,0.172979797979798,-0.17075913776944707,-0.9760765550239234,-0.9760765550239234,-0.978494623655914,-0.9777777777777777,-0.46475195822454307,0.09427609427609429,2.220532319391635,-1.9456706281833616,-0.15218579234972673,-0.025181391378574447,-0.01979850046860354,-0.02067183462532285,0.17514124293785316,-0.4935217903415783,-0.1644256626968883,0.0,0.20292207792207795,-0.026415094339622636,0.006849315068493178,-0.040841879322680685
2012-12-31,-0.03337453646477129,-0.06887108920380636,0.010507730071917631,0.032158590308370094,-0.5818083961248655,-0.1053345388788427,-38.65,-38.65,-42.0,-42.0,-0.12195121951219512,0.34461538461538455,-0.5714285714285714,-0.533213644524237,-0.08378988076055427,0.10157618213660236,-0.5259949802796702,-0.474934036939314,-0.5865384615384616,-0.06201550387596899,0.13425287356321847,0.006596306068601621,-0.5668016194331984,-0.48062015503875966,0.006802721088435382,-0.0979051407969167
2013-03-30,0.008208893655639038,0.03771781486655401,-0.01406349882804181,-0.03894579598804948,0.6808236808236807,0.2573269327943406,-1.6613545816733066,-1.6613545816733066,-1.6707317073170733,-1.6463414634146343,-3.0037037037037035,-2.446224256292906,-1.0743801652892562,0.6269230769230769,-0.1487864931410482,0.3545310015898251,0.09707513867876938,0.2160804020100502,0.6744186046511627,2.275206611570248,1.6064045399270368,0.0,0.6635514018691591,0.20149253731343286,0.013513513513513598,0.07979603087100329
2013-06-29,-0.021848533202405762,-0.021822304095224565,-0.05891506375621358,-0.026312867769512582,0.6347626339969372,0.10348638601426696,0.6144578313253013,0.6144578313253013,0.5999999999999999,0.6226415094339621,-2.7495378927911274,-0.6234177215189873,-48.25925925925926,-3.021276595744681,0.35330578512396693,-0.034330985915492995,-0.13904849459894275,-0.037190082644627975,0.6388888888888888,-0.42341660358314404,-0.18755832037325038,0.0,0.6722846441947565,-0.06211180124223592,0.026666666666666616,0.004594767070835948
2013-09-28,0.010959133308236169,0.015862668405041358,-0.022781554289913686,-0.021550741163055886,0.3550351288056206,-0.18747154693617407,-0.2810945273631841,-0.2810945273631841,-0.28409090909090906,-0.2906976744186046,-0.7723190702588484,-2.7184873949579833,-0.9717868338557993,-1.016374269005848,-0.004274809160305315,0.11090853843816495,0.6922050186865991,1.0,0.34745762711864425,-0.3221006564551423,0.1862557427258804,0.0,0.34042553191489366,0.9735099337748343,0.012987012987013102,0.038241646550629005
2013-12-31,0.2064214489635483,0.07565062388591803,-0.11759729272419628,0.029134133550868135,2.5893536121673004,0.010197220977140375,9.055363321799309,9.055363321799309,9.047619047619047,9.131147540983607,0.0649651972157772,-0.32762836185819066,-4.333333333333334,-22.714285714285715,0.09322293774915669,0.17013129102844626,0.0,5.493562231759656,2.5283018867924527,-0.131697869593286,-0.4150395352589963,0.013106159895150737,1.974937343358396,5.640939597315436,-0.019230769230769273,0.0452153695545765
2014-03-29,0.010254475615611547,0.03393875116001599,-0.013316288484073735,-0.017665043596421737,0.0528697996918337,0.07509706045479758,-0.9019270474879559,-0.9019270474879559,-0.9036334913112164,-0.9029126213592233,-3.3572984749455337,-0.4,-1.4833333333333334,-5.292763157894737,-0.36605890603085556,0.015427769985974615,0.0,-0.038003965631196124,0.050802139037432914,-0.7122676579925651,-0.8535172413793104,0.012936610608020649,0.04240381915192337,0.016169782718544745,-0.05228758169934644,0.052508341626178234
2014-06-28,0.030281427165020247,0.06379022951660462,-0.002267328870654284,0.018789625360230655,0.08542943382420187,0.17602146099876181,0.5543859649122806,0.5543859649122806,0.5573770491803278,0.55,-2.711645101663586,2.9515151515151516,1.0344827586206895,-1.8291187739463601,0.4787610619469027,-0.016114180478821294,0.37229846979018766,-0.04706286499484724,0.08396946564885499,-0.06201550387596899,-0.024482109227871973,0.012771392081736943,0.05334051724137945,-0.0004972650422674363,-0.048275862068965614,0.04421579532814235
2014-09-27,0.011268905071007307,0.14216838425842226,-0.03154420517260037,-0.02296899751074899,0.07794724867279013,-0.18222495174592035,0.17832957110609482,0.17832957110609482,0.16842105263157903,0.18279569892473124,-0.7467602591792657,-4.450920245398773,-0.14406779661016944,1.4195933456561924,0.7833632555356074,-0.012166588675713741,-0.168640073571675,0.0018024513338139592,0.07668231611893583,-0.09090909090909094,-0.021235521235521082,0.01513240857503173,0.06598465473145776,0.04875621890547244,-0.04347826086956508,0.16900133155792263
2014-12-31,0.02127659574468077,0.038307302659349896,0.09665344432649858,0.04238563983786903,-0.08419324577861165,-0.14429782212208986,-1.0411877394636015,-1.0411877394636015,-1.0360360360360361,-1.0363636363636364,1.4029850746268657,-1.5466666666666666,2.267326732673267,-1.1653934300993125,-0.07265100671140945,0.0802936996684036,-0.712804203539823,-0.7096077725800648,-0.08284883720930236,0.003030303030303161,0.021696252465483123,0.01614906832298124,-0.10316698656429935,-0.6963946869070208,-0.045454545454545525,-0.003918352469473252
2015-04-04,-0.032095456865747884,-0.04766744587864624,-0.06434357328442608,-0.06088212420842132,0.02193768672641916,0.23583249749247748,-14.255813953488373,-14.255813953488373,-16.25,-16.0,-2.1739130434782608,-0.8951219512195122,-0.09696969696969693,3.2609699769053115,-0.33381581328026055,0.16882262661697012,-0.02118440057775628,-0.0074349442379181285,0.022979397781299538,0.2749244712990935,2.972972972972973,0.01589242053789741,0.055644729802033055,-0.004687499999999956,0.0,0.01408837251852546
2015-07-04,0.021919704660821493,0.0560298826040555,0.00010889687465964748,0.021175913876730235,0.05537921817574332,0.1585675154712387,1.0666666666666669,1.0666666666666669,1.0655737704918034,1.0833333333333335,-2.7558578987150417,-3.5348837209302326,0.7248322147651007,-2.1636856368563686,0.5831070070613797,-0.012005252297880298,0.10132808657156911,0.11235955056179758,0.064291247095275,-0.033175355450236865,-0.011661807580174877,0.014440433212996373,0.03269133299543836,0.11930926216640492,-0.007936507936507908,0.03410013531799727
2015-10-03,0.008612069799696753,0.02253663466397171,0.0005988675958188416,0.00023169601482853075,0.020261179263949325,-0.13143607705779337,-0.3556876061120543,-0.3556876061120543,-0.3492063492063493,-0.352,-0.4520017219113216,-2.143730886850153,-0.10505836575875482,-0.8183511877037727,0.06690684508492017,-0.033985190810708166,-0.10540419830281367,-0.1077441077441077,0.03056768558951961,-0.09313725490196079,-0.14060963618485744,0.01542111506524324,0.011533742331288455,-0.11781206171108005,0.008000000000000007,0.022332722672947503
2015-12-31,0.00815478094019828,-0.01912433287210913,0.018118504815278325,0.05177206393328704,-0.0060507330695834805,-0.005847363645528736,-1.1225296442687747,-1.1225296442687747,-1.1219512195121952,-1.123456790123457,-0.24430479183032205,-0.4064171122994652,-0.2108695652173913,-0.09230769230769231,0.05692233478051123,0.013757861635220081,-0.04193709435846238,-0.021383647798742245,-0.005649717514124353,-0.016216216216216273,0.1264302059496567,0.017523364485981352,-0.01407083939835041,-0.06518282988871227,0.04761904761904767,-0.06741189521290214
2016-04-02,-0.009452815226011158,-0.18917829613582549,-0.028751603249251856,-0.013104283669199468,0.01873097635214238,0.08538687759862085,-7.967741935483871,-7.967741935483871,-8.1,-7.999999999999999,-1.9688149688149688,9.481981981981981,0.4352617079889807,-11.596045197740112,-0.5706678837669252,-0.16285381930981002,0.010943199583116403,0.024421593830334265,0.022727272727272707,-0.1565934065934067,-0.14321990858303713,0.017221584385763267,0.028543307086614123,0.011904761904761862,0.015151515151515138,-0.1784243755146857
2016-07-02,0.038716495340570756,0.07673667205169621,0.020908990866072452,0.03838428922115589,0.06351030414464098,0.16060917499766414,0.6682098765432098,0.6682098765432098,0.6619718309859155,0.6714285714285715,-4.252145922746781,-0.7382896433175763,-0.34165067178502884,-1.5614502799253533,0.7462792345854004,0.07433997220935629,-0.061855670103092786,-0.048933500627352466,0.06875000000000009,0.04885993485342022,0.03378778897451107,0.016930022573363512,0.02392344497607657,-0.06218487394957972,0.014925373134328401,0.03691947878382895
2016-10-01,-0.0007399186089530607,-0.019677996422182487,-0.02635550285652688,-0.013862024500322367,0.033496614320703166,-0.12010948317501202,-0.209990749306198,-0.209990749306198,-0.2033898305084746,-0.20512820512820507,-0.7726822830748927,0.3842364532019704,0.1720116618075802,-1.2640075973409306,-0.11282467532467533,0.024574261694330746,0.01153846153846172,0.03034300791556732,0.03963612735542554,-0.04037267080745355,0.056192660550458795,0.01664816870144281,0.034112149532710356,0.016129032258064502,0.014705882352941124,-0.005907308952258217
2016-12-31,0.013420955201777218,-0.006063103367082601,0.02109050650429012,0.05143293015146555,0.003763853070328338,-0.009149130832570851,-0.7927400468384075,-0.7927400468384075,-0.7978723404255319,-0.7956989247311828,1.076923076923077,0.2645314353499406,0.1393034825870647,-0.7338129496402878,-0.03385178408051237,0.03429413002314319,0.07713199348180333,0.09603072983354655,0.005624999999999991,-0.006472491909385147,-0.01140065146579805,0.018558951965065518,-0.009489380930863045,0.08465608465608465,0.007246376811594235,-0.05467019609961643
2017-04-01,-0.003287971504246978,-0.010364228605270975,-0.024016046839423155,-0.00870556534355893,0.023262273453232396,0.07137580794090481,2.6666666666666665,2.6666666666666665,2.789473684210526,2.7368421052631575,-1.6051712089447938,-0.7908067542213884,-0.05676855895196509,9.074324324324325,-0.326467803030303,0.17656631407648504,-0.02924861321230454,-0.010514018691588745,0.025481665630826544,0.16938110749185675,0.06205381658429432,0.017148981779206984,0.02668795620437958,-0.019512195121951237,0.007194244604316502,-0.0016572375564318786
2017-07-01,0.03353798222303683,0.06391382405745061,0.01977448203077259,0.03063251437532677,0.05035287730727478,0.16521589244160984,0.8397534668721109,0.8397534668721109,0.8472222222222223,0.859154929577465,-3.9803695150115472,0.852017937219731,0.27083333333333326,-2.0959087860496313,0.574340949033392,0.019882434301521368,0.012987012987013102,0.029515938606847758,0.05757575757575761,-0.0027855153203342198,0.016546018614270963,0.017913593256059013,0.016218618084870018,0.016583747927031434,0.014285714285714235,0.03228391528334296
2017-09-30,0.004580784348494182,-0.0006187422657216723,-0.00370390544147281,-0.005782105903834434,0.01440754619459872,-0.15569526627218933,-0.338358458961474,-0.338358458961474,-0.3308270676691729,-0.33333333333333337,-0.6772568771793879,0.41162227602905577,0.3770491803278688,-1.2821297429620562,-0.10292475999106943,-0.04644855060179698,-0.04410256410256408,-0.034403669724770714,0.026361031518624678,-0.1005586592178771,-0.09155645981688709,0.016563146997929712,0.00983821600349799,-0.03262642740619903,0.0,0.005212376621936299
2017-12-31,-0.012061661567427606,0.03939888557437943,0.025258323765786406,0.05611672278338942,-0.055537863830329326,-0.249934296977661,-2.479746835443038,-2.479746835443038,-2.4831460674157304,-2.5,0.7466986794717887,-0.022298456260720356,-0.6031746031746033,-2.2234273318872018,0.1403683424589348,-0.03751111111111105,-0.48283261802575106,-0.4809976247030878,-0.05415968732551646,-0.06211180124223603,-0.022396416573348232,0.019348268839103788,-0.043948906689759704,-0.4519392917369308,-0.05633802816901401,-0.015831862312444822
2018-03-31,0.013816925734024155,0.008664103536037304,0.02586252866208083,0.039899526615785996,-0.0014161440420796811,0.3494510628357861,-1.6236099230111205,-1.6236099230111205,-1.6287878787878787,-1.621212121212121,-1.4611683848797252,-0.26315789473684215,1.0,-3.921985815602837,-0.35966826713225664,0.10639083856667897,0.053941908713692976,0.04347826086956519,0.0029515938606845538,0.17218543046357615,1.1575028636884306,0.018981018981018893,-0.015172101449275277,0.055384615384615365,-0.007462686567164201,-0.030043159015750276
2018-06-30,0.00481701227750686,0.012830836957105296,-0.0019752573032539855,0.031958379784466695,0.013641274986493812,0.21248052622468405,0.08367626886145407,0.08367626886145407,0.08433734939759052,0.09756097560975618,-4.994038748137109,0.2880952380952382,-0.09666666666666668,-1.9217233009708736,0.5177232447171098,0.04908180300500842,-0.2559055118110236,-0.26315789473684215,0.018834608593290225,0.04519774011299438,-0.018847889567294995,0.018627450980392313,0.008967578753736438,-0.271137026239067,0.007518796992481258,-0.018549552152557047
2018-09-29,0.23089739842151413,-0.010813102936499508,0.3816666666666666,0.33651422398271524,0.03804130579613596,-0.07345278035548575,-0.11392405063291144,-0.11392405063291144,-0.11111111111111105,-0.11111111111111105,-0.8764925373134328,16.275415896487985,-15.173431734317344,-1.8782093482554312,-0.2995733213563889,0.0471037555697007,-0.07804232804232802,-0.13095238095238093,0.037550548815713514,0.027027027027026973,0.39096320346320335,0.018286814244465877,-0.15679124886052875,-0.10799999999999998,-0.022388059701492602,-0.2598916627414035
2018-12-31,0.017763423496164776,0.0075018754688671585,0.018961097708082075,-0.15364407921325607,0.015724279571272648,0.005315870570107961,-0.38,-0.38,-0.375,-0.38750000000000007,2.11178247734139,-0.9180398031243313,-1.0436084353033064,-0.9362818590704648,-0.02725232446296888,-0.16534954407294822,1.4863701578192257,1.3732876712328768,0.012249443207126953,-0.1947368421052631,-0.10970628282435313,0.0198487712665405,-0.0018918918918918726,1.304932735426009,0.03053435114503822,0.19045346062052482
2019-03-30,0.010290034300114437,0.03063503882565688,0.03692057267581661,-0.04042976522085162,-0.03519524832554022,-0.022223925204996497,-1.836405529953917,-1.836405529953917,-1.8399999999999999,-1.8571428571428572,-1.7708737864077668,0.19973890339425582,-2.1402985074626866,14.623529411764705,-0.4377059986816084,-0.08739985433357622,-0.4160415464512407,-0.4458874458874459,-0.03520352035203522,-0.0980392156862746,-0.6362246012672057,0.019462465245597915,-0.04522068778770649,-0.424124513618677,-0.03703703703703709,0.07404437316225598
2019-06-29,-0.06674673195066749,0.037981215811745184,-0.10681793856363053,-0.15758480550717424,0.006811186063265362,-0.08809467826632178,-3.1349862258953167,-3.1349862258953167,-3.119047619047619,-3.119047619047619,-3.7544080604534007,-5.069640914036997,-3.531413612565445,-4.7432228915662655,2.913833528722157,-0.04449321628092573,-0.014822134387351804,-0.04427083333333315,0.022234891676168766,-0.010869565217391242,0.6252252252252253,0.01909090909090927,0.0788428814520703,0.03716216216216206,-0.07692307692307698,0.2321428571428572
