Quarter end,Assets,Current Assets,Liabilities,Current Liabilities,Shareholders equity,Revenue,Earnings,Earnings available for common stockholders,EPS basic,EPS diluted,Cash from operating activities,Cash from investing activities,Cash from financing activities,Cash change during period,Cash at end of period,Price,ROE,ROA,Book value of equity per share,P/B ratio,P/E ratio,Cumulative dividends per share,Equity to assets ratio,Net margin,Asset turnover,Current ratio
1993-12-31,0.02704733283245675,0.04578884934756822,0.018531889290011927,0.03821415058645483,0.036282954842077775,0.03597413096200475,0.021929824561403466,0.021929824561403466,0.022727272727272707,0.6136363636363635,-2.405594405594406,-0.4411764705882353,0.48051948051948057,-2.2203389830508478,0.5220994475138121,0.11759868421052633,-0.019241652518392716,-0.1546134663341645,0.043596730245231585,-0.14324324324324333,0.06659505907626206,inf,0.008963935793204092,0.0013586956521740579,-0.025862068965517238,0.00727363932781544
1994-03-31,0.02704733283245675,0.04578884934756822,0.018531889290011927,0.03821415058645483,0.036282954842077775,0.03597413096200475,0.021929824561403466,0.021929824561403466,0.022727272727272707,0.6136363636363635,-2.405594405594406,-0.4411764705882353,0.48051948051948057,-2.2203389830508478,0.5220994475138121,0.11759868421052633,-0.019241652518392716,-0.1546134663341645,0.043596730245231585,-0.14324324324324333,0.06659505907626206,inf,0.008963935793204092,0.0013586956521740579,-0.025862068965517238,0.00727363932781544
1994-06-30,0.007437210436478825,0.002041742286751358,-0.03780718336483935,-0.011297376093294509,0.05566750629722916,0.03597413096200475,0.021929824561403466,0.021929824561403466,0.022727272727272707,0.6136363636363635,-2.405594405594406,-0.4411764705882353,0.48051948051948057,-2.2203389830508478,0.5220994475138121,-0.10522442972774093,-0.019241652518392716,-0.1546134663341645,0.05483028720626626,-0.14324324324324333,0.06659505907626206,1.0,0.04793388429752077,0.0013586956521740579,-0.025862068965517238,0.013508466135458308
1994-09-30,0.07975311630158544,0.12723568032601307,0.11124754420432215,0.17950608182823435,0.049152946790742114,-0.01716738197424894,-0.02145922746781115,-0.02145922746781115,-0.022222222222222254,0.6136363636363635,-2.0199004975124377,1.456140350877193,1.7456140350877192,-3.625,0.5220994475138121,0.03865131578947367,-0.019241652518392716,-0.1546134663341645,0.04702970297029707,-0.012618296529968487,0.06659505907626206,0.5714285714285714,-0.028391167192428957,0.0013586956521740579,-0.025862068965517238,-0.04434617038265465
1994-12-31,0.0741986101770904,-0.14038963647318736,0.14607734806629824,0.13937500000000003,0.0002274277916760603,0.04247717348154034,-0.736842105263158,-0.736842105263158,-0.75,0.6136363636363635,1.629268292682927,9.514285714285714,-0.584664536741214,-3.124338624338624,-0.6896551724137931,0.011876484560569889,-0.019241652518392716,-0.1546134663341645,-0.0023640661938535423,-0.03514376996805113,0.06659505907626206,0.3181818181818181,-0.0687905844155845,0.0013586956521740579,-0.025862068965517238,-0.24551706407866836
1995-03-31,0.01898998330550916,0.04065420560747657,-0.009062861550327761,0.0,0.05206912232833116,0.005712109672505683,3.033333333333333,3.033333333333333,3.2727272727272725,0.6136363636363635,-0.8126159554730983,-0.9633152173913043,-1.0846153846153845,-1.0448318804483188,0.0,0.04929577464788748,-0.019241652518392716,-0.1546134663341645,0.05213270142180115,0.052980132450331174,0.06659505907626206,0.27586206896551735,0.03246894748311191,0.0013586956521740579,-0.025862068965517238,0.04063378481983149
1995-06-30,0.0420847839442966,0.06623259991019315,0.022183304144775207,-0.2520570488206253,0.06418845904473747,0.04960242332449827,-0.004132231404958664,-0.004132231404958664,-0.02127659574468077,0.6136363636363635,-0.9900990099009901,1.925925925925926,-16.727272727272727,-0.5555555555555556,0.1520467836257311,0.0887397464578672,-0.030005770340450155,-0.1546134663341645,0.060810810810810745,0.03459119496855334,0.06659505907626206,0.18918918918918926,0.021105951878429785,-0.009497964721845387,-0.0265486725663715,0.425589390962672
1995-09-30,0.06544168222462421,0.010949673615497924,0.028935846183133496,0.056472313898056514,0.10438667749796915,-0.01334776334776333,-0.41493775933609955,-0.41493775933609955,-0.4565217391304348,0.6136363636363635,422.0,0.1898734177215189,-2.5722543352601157,-3.3125,-0.09137055837563457,0.047260273972602684,-0.16061867935752527,-0.1546134663341645,0.014861995753715496,-0.012158054711246202,0.040281973816717054,0.18181818181818188,0.03658536585365835,-0.13013698630136983,-0.027272727272727337,-0.043123743898937694
1995-12-31,0.006179101724614888,0.04957300562382838,-0.02608695652173909,-0.05137105171815337,0.03824935638102245,0.18098720292504566,0.7304964539007093,0.7304964539007093,0.43999999999999995,0.6136363636363635,0.5177304964539007,-0.015957446808510634,0.6213235294117647,-1.4324324324324325,0.04469273743016755,-0.01635055591890122,0.19277108433734935,0.22861356932153387,0.029288702928870203,-0.03076923076923077,0.1287512100677639,0.15384615384615374,0.031904287138584175,0.2015748031496063,0.01869158878504673,0.10645703312530008
1996-03-31,0.027131072410632395,0.03393530462393324,0.03229483282674761,0.09549945115257952,0.022316684378320906,-0.10464396284829725,0.11065573770491799,0.11065573770491799,0.33333333333333326,0.6136363636363635,-0.6666666666666667,1.4756756756756757,-1.5374149659863945,-1.4375,-0.018716577540106916,0.11170212765957444,-0.021390374331550777,-0.0012004801920768582,0.026422764227642226,0.0793650793650793,-0.06903945111492282,0.13333333333333353,-0.004637681159420204,0.010484927916120546,-0.00917431192660556,-0.05624254257511663
1996-06-30,0.026057469212921625,0.05950095969289837,0.04140596245859407,0.09552438209752845,0.011607761607761669,0.020746887966804906,0.014760147601476037,0.014760147601476037,0.0,0.6136363636363635,-0.9158878504672897,-0.648471615720524,0.4852320675105486,-30.857142857142858,0.569482288828338,0.029904306220095656,-0.0036429872495447047,0.007211538461538547,0.013861386138613874,0.002941176470588225,0.02349147858129874,0.11764705882352944,-0.014172005435837631,0.02204928664072625,-0.01851851851851849,-0.032871674041721644
1996-09-30,0.146199339015481,0.02717391304347827,0.2903339812687753,0.5161585365853658,0.006507963692413021,0.00203252032520318,-0.5854545454545454,-0.5854545454545454,-0.5833333333333333,0.6136363636363635,27.0,9.658385093167702,2.3806818181818183,-1.1052631578947367,-0.03819444444444442,-0.08304297328687571,-0.04753199268738573,-0.077565632458234,0.005859375,-0.09677419354838712,-0.09495949594959496,0.10526315789473673,-0.12189838519102014,-0.04695431472081213,-0.028301886792452824,-0.32247905401390453
1996-12-31,0.011078230518248633,0.0174603174603174,0.0010955902492468805,-0.32394932636235674,0.023481368044920847,0.062204192021636295,1.3245614035087718,1.3245614035087718,1.2999999999999998,0.6136363636363635,-0.029761904761904767,-0.7365967365967365,-0.9588235294117647,-4.909090909090909,0.1480144404332131,-0.07156428119062697,0.007037747920665582,-0.027166882276843385,0.025242718446601975,-0.07467532467532467,-0.040775733465937325,0.1071428571428572,0.012334604171338803,0.030625832223701632,-0.058252427184466105,0.5049114190492894
1997-03-31,-0.011257035647279534,-0.0038134858727681964,-0.011080711354309214,-0.024687685901249257,-0.011471321695760595,-0.042966263526416304,-0.015094339622641506,-0.015094339622641506,0.0,0.6136363636363635,-0.6728016359918201,-0.41150442477876104,-4.714285714285714,-4.348837209302326,-0.4528301886792453,-0.059345156889495265,-0.017789072426937946,-0.049202127659574546,-0.013257575757575801,-0.08421052631578951,-0.1176775531363401,0.08602150537634401,-0.00022153300841831758,-0.019379844961240345,-0.030927835051546393,0.021446471239582765
1997-06-30,0.007514231499051283,0.017922394292674504,-0.0037349564255083623,-0.005794449527294909,0.021190716448032276,0.010974393082806788,0.003831417624521105,0.003831417624521105,0.0,0.6136363636363635,2.0625,-0.32330827067669177,-0.6813186813186813,-1.875,0.7241379310344827,0.17186366932559838,-0.023932729624838167,-0.047552447552447585,0.015355086372360827,0.1877394636015326,0.18683901292596938,0.08910891089108919,0.013516507866164318,-0.021080368906455704,-0.02127659574468077,0.023848918810977393
1997-09-30,-0.034955552207322604,-0.06290598290598293,-0.0012496528742016455,0.007361963190184007,-0.07493412384716736,-0.021381578947368474,-1.1450381679389312,-1.1450381679389312,-1.1521739130434783,0.6136363636363635,-0.7795918367346939,-2.3055555555555554,10.913793103448276,-2.380952380952381,-0.5800000000000001,0.10891089108910901,-0.15970841616964881,-0.1615271659324522,-0.06616257088846877,0.09354838709677415,0.12277227722772288,0.08181818181818179,-0.041320507214691715,-0.16958277254374166,0.010869565217391353,-0.06976873780997495
1997-12-31,-0.001327088212334071,0.027909522072236514,-0.018212150702071495,-0.05420219244823388,0.02029553142246754,0.04638655462184871,-7.2631578947368425,-7.2631578947368425,-6.999999999999999,0.6136363636363635,1.1018518518518516,-1.1914893617021276,-0.9392185238784371,-1.4022988505747127,0.4444444444444444,-0.14341517857142871,-0.023659305993690927,-0.02626970227670755,0.020242914979756943,-0.08259587020648973,0.0335097001763669,0.07563025210084051,0.021664766248574496,-0.034035656401944836,0.0,0.0868028514946384
1998-03-31,0.002892206675525699,0.02200532386867793,-0.0002832058906825363,0.017385705086928605,0.0068050950968416846,-0.048185030517186034,0.04621848739495804,0.04621848739495804,0.04761904761904767,0.6136363636363635,1.409691629955947,3.844444444444444,1.9047619047619047,0.47857142857142865,0.5686813186813187,0.08729641693811097,-0.009693053311793154,-0.010791366906474753,0.007936507936507908,0.06430868167202575,0.12116040955631391,0.0703125,0.003794642857142927,-0.01342281879194629,0.010752688172043001,0.0045750192922500155
1998-06-30,0.0006235385814497008,0.03524917520402848,-0.01487252124645888,0.15537974683544298,0.01958405545927211,0.014512318596017648,0.6144578313253013,0.6144578313253013,0.6136363636363635,0.6136363636363635,0.3985374771480805,-0.4036697247706422,3.114754098360656,-0.35748792270531404,0.2329246935201401,0.06830437387657251,0.20717781402936364,0.20727272727272728,0.03149606299212593,0.06042296072507547,0.08561643835616439,0.06569343065693412,0.018901489882143574,0.20068027210884343,0.0,-0.10397805212620026
1998-09-30,-0.020330269512385146,-0.037739013753773865,0.009058231488138002,0.34976718707203514,-0.05507394186639469,-0.006986027944111739,-0.41542288557213936,-0.41542288557213936,-0.4084507042253521,-0.4084507042253521,-0.5202614379084967,0.2846153846153847,0.1593625498007969,-3.8721804511278197,-0.5426136363636364,0.043185642176107875,0.32432432432432434,0.3268072289156625,-0.009541984732824416,0.01139601139601143,-0.13073957237995093,0.06849315068493156,-0.035355739851593126,0.31869688385269135,0.010638297872340496,-0.287078995713411
1998-12-31,-0.14144867615488588,-0.1485096740456685,-0.27016243944143625,-0.38555194805194803,0.021046950890447835,-0.09782244556113906,5.965957446808511,5.965957446808511,6.2857142857142865,6.190476190476191,0.09809264305177101,-25.40119760479042,6.525773195876289,-1.256544502617801,0.2795031055900621,0.13118279569892466,1.2494897959183673,1.3359818388195235,0.06358381502890165,0.14084507042253525,-0.14717741935483875,0.05769230769230771,0.18936651583710384,1.3265306122448979,0.0,0.3857584607455764
1999-03-31,0.01250231524356371,0.04912998976458538,0.07243264349863332,0.1598414795244385,-0.041578576462297345,-0.07723728184181211,-0.8375076359193647,-0.8375076359193647,-0.8300653594771241,-0.8311258278145696,-1.9751861042183623,-1.0238036809815951,-1.1230593607305936,-0.5,0.11893203883495151,0.24952471482889726,0.021546836017237503,0.0471331389698737,-0.04166666666666663,0.1753086419753087,-0.4581560283687942,0.06060606060606055,-0.053452539471181226,0.049861495844875314,0.0,-0.09545651769664654
1999-06-30,-0.01728711241196379,-0.024195121951219534,-0.05133806663025664,-0.07944191343963558,0.017095588235294112,0.03742454728370226,0.06015037593984962,0.06015037593984962,0.05769230769230771,0.07843137254901977,-2.0076335877862594,-0.09278350515463918,-1.5528756957328387,-0.7959183673469388,0.021691973969631295,-0.08292126283758083,-0.03219360568383667,-0.0027842227378189754,0.020793950850661602,-0.04201680672268915,-0.09685863874345557,0.05142857142857138,0.034967845659164,-0.00923482849604218,0.0,0.06002878092235986
1999-09-30,0.03965003723008187,0.01939612077584485,0.03838034926117828,0.06464583977729665,0.04084583408639064,0.006594259115593415,0.06737588652482263,0.06737588652482263,0.07272727272727253,0.05454545454545445,0.41161616161616155,4.136363636363637,-0.9899328859060402,9.4,0.22080679405520165,0.012442969722107122,0.018123422803395295,0.060027919962773346,0.042592592592592515,-0.00877192982456143,0.048309178743961345,0.05434782608695654,0.0011650485436891511,0.0661340434975588,0.0,-0.042536686275777225
1999-12-31,0.008415398388540662,0.03785798352295022,0.020328959526889623,0.024113887274840318,-0.002778260114603248,0.04315992292870896,0.10299003322259126,0.10299003322259126,0.10169491525423746,0.06896551724137945,-0.38640429338103754,-0.9756637168141593,-12.333333333333334,2.519230769230769,0.6121739130434782,0.07578861122490799,-0.5263632266786841,-0.5298507462686567,0.00355239786856143,0.030973451327433787,0.03870967741935494,0.05154639175257736,-0.011055081458494764,-0.525811823480433,-0.010526315789473717,0.013435959759638072
2000-03-31,-0.025923295454545414,-0.10829710829710826,-0.058322767614562565,-0.08397163120567375,0.005223750652968873,-0.008127077946065708,-0.051204819277108404,-0.051204819277108404,-0.04615384615384621,0.0,0.3556851311953353,28.09090909090909,-18.5,-2.2295081967213113,-0.4854368932038835,-0.14394516374714394,0.026165556612749885,0.04014939309056964,0.012389380530973382,-0.14592274678111594,0.7648624667258208,0.0490196078431373,0.031967052363208515,0.02194907813871816,0.02127659574468077,-0.026582278481012578
2000-06-30,0.007291286912139983,0.029673590504450953,-0.021350259665320226,-0.03437596779188601,0.03308505109994808,0.02271880819366845,0.050793650793650835,0.050793650793650835,0.06451612903225823,0.048387096774193505,-0.37419354838709673,-0.70625,-0.8722689075630252,-1.268888888888889,0.25366876310272546,0.009786476868327343,0.020398701900788074,0.03321364452423703,0.02622377622377625,-0.002512562814070307,-0.03670186023127198,0.04672897196261694,0.02546560243253504,0.02405498281786933,0.01041666666666674,0.06638833755389784
2000-09-30,0.015834238146941626,0.0609304240428159,-0.0031446540880503138,-0.003207184092366866,0.03202548625083845,0.0029133284777858037,0.027190332326284095,0.027190332326284095,0.015151515151515138,0.01538461538461533,0.838487972508591,-1.1702127659574468,2.8157894736842106,1.15702479338843,0.4364548494983278,0.027753303964757725,0.013630168105406737,0.02867072111207647,0.030664395229982988,0.0,-0.014091858037578286,0.049107142857142794,0.015937731653076437,0.015100671140939603,0.010309278350515427,0.0643090944098581
2000-12-31,-0.029838781508862544,0.021730694606131085,-0.06289432176656151,-0.2776705276705277,-0.0025995125913891304,0.017792302106027558,-0.7558823529411764,-0.7558823529411764,-0.7611940298507462,-0.7878787878787878,0.45046728971962624,-11.125,-0.07586206896551728,0.32567049808429127,0.32828870779976715,-0.033004714959279924,-0.2025997310623039,-0.18158783783783783,0.0,-0.06045340050377834,-0.06352567496029637,0.042553191489361764,0.028091937249179022,-0.1958677685950413,0.020408163265306145,0.41452089489235955
2001-03-31,0.014322438486962907,0.023737181921762218,-0.01683147485798442,-0.020935412026726108,0.03844274311777163,0.016054227613271577,3.0,3.0,3.0625,3.6428571428571423,-0.4291237113402062,-0.2407407407407407,-0.10447761194029848,-0.7687861271676301,0.07011393514461006,-0.019060283687943214,-0.008993816750983652,0.013415892672858476,0.03966942148760344,-0.018766756032171594,0.20859242509892573,0.04489795918367334,0.0237757274662882,0.0010277492291881352,0.010000000000000009,0.0456153813360618
2001-06-30,0.007784214337436701,0.019105917269523376,-0.017975604536700218,-0.03685168334849864,0.026666666666666616,0.0389747191011236,0.054216867469879526,0.054216867469879526,0.06153846153846132,0.04615384615384621,-0.040632054176072185,0.39837398373983746,-0.7666666666666666,1.4625,0.1613431613431613,0.11658382286488944,-0.005672149744753274,0.016293279022403295,0.014308426073131875,0.07377049180327866,0.10056127221702527,0.0390625,0.01871750433275543,-0.002053388090349162,0.01980198019801982,0.05809923757491742
2001-09-30,0.04661397521106525,0.09464870768110667,-0.03966005665722383,0.11336797354747286,0.10710466004583652,0.006421088205474712,0.020000000000000018,0.020000000000000018,0.01449275362318847,0.0,0.7952941176470589,-0.5348837209302326,3.3571428571428568,1.2284263959390862,0.3095909732016926,0.04734925131525691,-0.02681118083285805,0.005010020040080221,0.11128526645768022,0.03307888040712448,0.032724181895452675,0.041353383458646586,0.05784280367471939,-0.004115226337448541,0.009708737864077666,-0.016838779284833683
2001-12-31,0.05646614605680944,0.07648819421350184,0.0038574994327207346,-0.005091217649554558,0.0884626000552029,0.016789791806581578,0.10084033613445387,0.10084033613445387,0.10000000000000009,0.0588235294117645,0.11402359108781135,3.325,-2.180327868852459,0.8041002277904328,0.41249326871297787,0.10896445131375576,0.1969519343493551,0.23728813559322037,0.05923836389280668,-0.0024630541871920597,0.09876543209876543,0.036101083032491044,0.030234802187198317,0.2520661157024795,-0.019230769230769273,0.08203017832647475
2002-03-31,0.013971245227845097,0.03629904232313863,-0.02622061482820981,-0.02857142857142858,0.03651578546976042,-0.002972258916776771,-0.11704834605597969,-0.11704834605597969,-0.1428571428571428,-0.09722222222222221,-0.4764705882352941,-0.791907514450867,-1.1875,-0.5972222222222222,0.12161646969119322,-0.05888501742160268,-0.0504407443682664,-0.02014504431909747,0.03462050599201061,-0.11111111111111105,-0.2588014981273409,0.03832752613240409,0.02232282235404326,-0.004125412541254092,-0.009803921568627416,0.0667560127499276
2002-06-30,-8.010894816956604e-05,-0.0001490535102102175,-0.01532033426183843,0.032484635645302795,0.00795107033639142,0.051672739317654814,0.26512968299711814,0.26512968299711814,0.2727272727272727,0.2769230769230768,0.25617977528089897,-0.06944444444444442,8.833333333333334,-1.1222570532915361,-0.013256288239293035,0.03850425768233978,0.004641567818463255,0.03289473684210509,0.028314028314028405,0.002777777777777768,0.03840323395654388,0.033557046979865834,0.008092838601313046,0.04308202154101082,-0.00990099009900991,-0.03161182981902144
2002-09-30,0.0275596859477647,0.03995229576624926,0.025695426685525602,0.12457482993197289,0.02851941747572817,0.01637795275590559,-0.3211845102505695,-0.3211845102505695,-0.30952380952380953,-0.3132530120481928,0.4275491949910555,2.208955223880597,-0.551789077212806,-9.846153846153847,0.11987599035480545,-0.07843137254901955,-0.07494866529774125,-0.061305732484076336,0.026282853566958586,-0.10249307479224368,-0.12652068126520688,0.03571428571428559,0.0009088155104515216,-0.05798252581413832,-0.010000000000000009,-0.0752454417952314
2002-12-31,0.1045532512084828,0.08658256880733939,0.23259020914732242,0.19810964083175797,0.03882005899705021,0.027889680818097284,0.563758389261745,0.563758389261745,0.5517241379310347,0.56140350877193,0.15413533834586457,0.38139534883720927,-0.10084033613445376,0.4086956521739131,0.14949246385727477,0.0630560928433268,0.021087680355160954,0.01187446988973706,0.040243902439024426,0.033950617283950546,0.10529247910863515,0.034482758620689724,-0.05962469733656184,0.02613827993254647,-0.010101010101010055,-0.09308409797527861
2003-03-31,0.05202230535752106,0.06741424802110818,0.015103486854372461,0.026191227516566773,0.07451158564288951,0.012662044015676832,0.006437768240343367,0.006437768240343367,0.011111111111111072,0.0,-0.3170466883821933,-0.02020202020202022,-0.36448598130841126,-0.4423868312757202,0.0725180626170725,0.072052401746725,0.03913043478260869,0.031014249790444204,0.06565064478311844,0.029850746268656803,0.010080645161290258,0.03333333333333344,0.021403282909559174,0.05012325390304029,-0.020408163265306145,0.04017726493582496
2003-06-30,0.048913043478260976,0.024718823384006994,0.029390154298310156,0.050430504305043033,0.06014799154334027,0.05448050014885375,0.05543710021321968,0.05543710021321968,0.05494505494505497,0.05617977528089879,-0.5516693163751987,1.0309278350515463,-2.0220588235294117,-1.2656826568265682,-0.017964071856287456,0.13136456211812608,-0.01673640167364021,-0.023577235772357708,0.06490649064906484,0.06376811594202891,0.045908183632734634,0.032258064516129004,0.010713723018748844,0.005477308294209671,-0.03124999999999989,-0.02447749196141491
2003-09-30,0.023475980298087284,-0.02918827644433719,0.051391862955032064,0.06411007025761117,0.00787715624688401,0.021456804065499657,0.04040404040404044,0.04040404040404044,0.03125,0.042553191489361764,1.7163120567375887,-0.055837563451776595,-2.755395683453237,0.5416666666666667,-0.02820121951219512,0.03660366036603646,0.07765957446808502,0.06744379683597002,0.00723140495867769,-0.027247956403269824,0.00190839694656475,0.03125,-0.015120810600155798,0.0941634241245135,-0.021505376344086002,-0.08767665114745982
2003-12-31,0.05750000000000011,0.08721580320536715,0.09691106585200271,0.16066024759284736,0.03452710724178876,0.053620784964068635,-0.6,-0.6,-0.5959595959595959,-0.6020408163265306,0.24151436031331586,-0.26881720430107525,0.2704918032786885,-4.1441441441441444,0.09124183006535946,0.10072358900144729,-0.1692991115498519,-0.17160686427457106,0.03179487179487195,0.09243697478991608,-0.020952380952381056,0.03305785123966953,-0.021842355175688555,-0.16358463726884787,-0.01098901098901095,-0.06327055954477723
2004-03-31,0.05579196217494098,0.06810650211404412,-0.03883645365929134,-0.08106186300071105,0.09610787032609736,0.03305351521511013,2.4902912621359223,2.4902912621359223,2.4499999999999997,2.4615384615384617,-0.17455310199789698,-0.49264705882352944,-0.0741935483870968,0.17478510028653305,0.0982271202683278,0.17118064685774392,0.09328579916815216,0.09698681732580039,0.09244532803180916,0.13589743589743586,0.35408560311284054,0.01866666666666661,0.03818770226537205,0.1037414965986394,0.0,0.16232764439301905
2004-06-30,0.04036050156739801,-0.011447523269498272,0.03911783644558908,0.016249677585762123,0.04283720118652945,0.05713560182833932,-0.18358831710709322,-0.18358831710709322,-0.5942028985507246,-0.5925925925925926,-0.6203821656050955,3.367149758454106,-2.832752613240418,-1.3121951219512196,-0.027923211169284423,0.1951055231252805,0.0021739130434783593,0.0034334763948498104,0.03730664240218373,0.09255079006772005,0.04489942528735624,0.03664921465968596,0.0024937655860350905,0.0053929121725733165,0.0,-0.027251233979011857
2004-09-30,0.025343018563357633,0.050432900432900496,-0.04322230828814877,-0.04619289340101518,0.0635823642600184,0.013451837617103113,0.7444633730834753,0.7444633730834753,0.7499999999999998,0.7272727272727271,1.8422818791946307,-1.4811946902654867,-2.76425855513308,-3.7421875,0.07877019748653491,0.03099755776817603,0.18112798264642072,0.1984602224123182,0.06578947368421062,-0.006198347107438051,-0.01237538673083527,0.03787878787878807,0.03715796019900508,0.20459770114942533,-0.011111111111111072,0.10131332082551592
2004-12-31,0.05431360201511337,0.08592623119719756,0.02542098445595853,0.038584353379457204,0.06984976008809873,0.0052145058070631745,-0.318359375,-0.318359375,-0.3163265306122448,-0.3263157894736841,-0.005903187721369552,-1.4436781609195402,-0.7931034482758621,0.7122507122507122,0.1250260037445392,0.06413994169096204,0.11845730027548207,0.14346895074946464,0.06913580246913575,0.0,-0.14235990254089803,0.05352798053527974,0.014840353770049441,0.1628498727735368,-0.011235955056179803,0.04557069846678008
2005-03-31,0.02921706236623356,0.02362428842504749,-0.029527869887888802,-0.024852677427619763,0.06845084920226463,0.010610705022400468,0.16475644699140402,0.16475644699140402,0.16417910447761197,0.171875,0.28503562945368177,2.9792746113989637,-0.234375,-0.7537437603993344,0.0273668639053255,0.13664383561643834,-0.029146141215106836,-0.005617977528090012,0.06389530408006161,0.062370062370062485,-0.04301948051948057,0.02771362586605086,0.03810930576070892,0.009846827133479286,-0.022727272727272707,0.04969450101833006
2005-06-30,0.0027081922816520887,0.00621002873296872,-0.06980149690855841,-0.10430898581187598,0.03337462152491044,0.04386374241717217,0.04920049200492005,0.04920049200492005,0.03846153846153855,0.053333333333333455,-0.4325323475046211,-0.68359375,-0.1428571428571429,-0.277027027027027,0.019258459323254096,0.040373606507984494,0.02579281183932358,0.0558694287507846,0.0318379160636757,-0.021526418786692814,0.013570822731128196,0.026966292134831482,0.03059191804211725,0.06554712892741077,0.0,0.12339930151338763
2005-09-30,0.021221182598630373,0.02763448784082545,0.0,-0.007626870049867951,0.029300126523273518,-0.009164059007599423,0.05978898007033995,0.05978898007033995,0.061728395061728225,0.05063291139240489,0.7524429967426709,0.2674897119341564,3.1269841269841274,1.439252336448598,0.046088645594208,-0.05357660005792064,-0.08079142621599344,-0.060047562425683654,0.033660589060308554,-0.08399999999999996,-0.12635983263598327,0.02844638949671774,0.007869667264945424,-0.04728012201321807,-0.023255813953488413,0.03554718166117121
2005-12-31,0.06999149900821755,0.1331122266045177,0.27601889102676225,0.8935855749334909,-0.006210778288154195,0.019625535754568046,-0.11393805309734517,-0.11393805309734517,-0.10465116279069764,-0.09638554216867468,0.1514869888475836,0.11038961038961048,-2.475,5.199233716475096,0.27312626603646195,0.005660954712362276,0.0017937219730941312,0.0006325110689437974,0.002035278154681075,-0.026200873362445476,0.04597701149425282,0.02765957446808498,-0.07123287671232881,0.01547491995731054,-0.011904761904761862,-0.4016132455954149
2006-03-31,-0.01165254237288138,-0.03338343485483741,-0.12200137080191908,-0.1379956290977209,0.04075255517218923,0.034292035398230114,0.012484394506866447,0.012484394506866447,0.012987012987013102,0.01333333333333342,-0.46731234866828086,3.0847953216374266,-2.1160365058670143,-1.9752781211372064,-0.20922832140015912,-0.004411988437547643,-0.024171888988361645,-0.020227560050568916,0.04536222071767093,-0.006726457399103158,-0.039835164835164916,0.0269151138716357,0.05309734513274367,-0.02207041513399899,0.0,0.12137029341711858
2006-06-30,0.03304751697034658,-0.09828954906293474,0.020452771272443382,-0.038029699384281024,0.038093450928879724,0.06566844919786097,0.0036991368680641123,0.0036991368680641123,0.012820512820512775,0.0,0.0121212121212122,0.2605583392984967,-0.12616822429906538,0.11787072243346008,-0.295774647887324,0.09734107579462115,-0.03623853211009165,-0.038064516129032167,0.03821243523316076,0.04966139954853288,0.09394372913686233,0.02620967741935476,0.004761904761904745,-0.03868887694787737,0.0,-0.0626355748373103
2006-09-30,0.0034584125886218953,0.016518424396442244,-0.0818543451652387,-0.09544427710843373,0.03705712219811996,0.0014050582095543884,0.07616707616707608,0.07616707616707608,0.07594936708860756,0.07894736842105265,0.8667664670658684,-1.0153321976149914,0.25,-1.1961451247165533,0.08238095238095244,0.0013925637097895738,-0.03522132317943849,-0.030851777330650698,0.04242046163443547,-0.03440860215053765,0.011333914559720881,0.027504911591355707,0.0335935321996097,-0.036892118501956395,0.012048192771084265,0.12375855751615106
2006-12-31,-0.01895571256246764,0.012410714285714386,-0.03482752874520911,-0.38418314255983355,-0.013421648945441844,0.044097013429545084,-0.7488584474885844,-0.7488584474885844,-0.7529411764705882,-0.7439024390243902,-0.3921411387329591,-17.444444444444443,-0.20320855614973266,-2.1098265895953756,-0.08446986361636599,0.11514392991239042,-0.19585594474592993,-0.1771626297577854,-0.016157989228007152,0.06904231625835178,0.11853448275862077,0.026768642447418722,0.005664194200944106,-0.2048752176436448,0.03571428571428581,0.6440001716075334
2007-03-31,0.062313367293167055,0.11103271893465028,-0.00017265193370163967,-0.21020615072659687,0.08362779740871606,0.014014206181608646,3.618181818181818,3.618181818181818,3.666666666666667,3.5238095238095237,0.9036939313984169,-0.018018018018018056,-1.025503355704698,-3.6744791666666665,0.24675636713118698,0.017832647462277196,0.03803680981595092,0.05466778805719086,0.08150851581508523,0.03333333333333344,0.23352601156069364,0.02607076350093096,0.019981225693978866,0.04379562043795593,0.011494252873563315,0.4067588726513569
2007-06-30,0.027944276797156054,0.014446737577393343,0.029010533586599996,0.03252032520325199,0.027608695652173942,0.03313138962514195,-0.04035433070866146,-0.04035433070866146,-0.04081632653061229,-0.042105263157894646,-0.3485793485793486,0.4128440366972477,-31.736842105263158,-1.2083739045764363,-0.041241086914627134,0.013109531977456346,0.020685579196217496,0.03588516746411474,0.02868391451068608,-0.06249999999999989,-0.057169634489222076,0.025408348457350405,-0.00026295030239298356,0.030769230769230882,0.0,-0.017511640417756547
2007-09-30,-0.009611131218080216,-0.023630672926447605,0.0008390669575433218,-0.017820140903439752,-0.01290459064946059,-0.0016492578339747377,0.04717948717948728,0.04717948717948728,0.05319148936170226,0.05494505494505497,0.5031914893617022,-0.9724025974025974,1.9092465753424657,0.24766355140186924,-0.05366834170854273,-0.00036280082234851907,0.026056745801968706,0.031562740569669234,0.0016402405686168908,-0.027956989247312047,-0.052352551358515464,0.0265486725663715,-0.0034192530247237896,0.02510176390773422,0.011363636363636465,-0.0059097860770725985
2007-12-31,0.005156732174760537,-0.004648180798204837,0.05214621059691482,0.18860759493670876,-0.009858551221603062,0.07066813509544789,0.03036238981390804,0.03036238981390804,0.06060606060606055,0.0625,0.22505307855626322,2.2941176470588234,-0.056503825779870565,-1.6591760299625467,0.03738317757009346,0.0509315267360273,0.23194130925507905,0.23208955223880579,0.005458515283842891,0.0486725663716816,0.002447552447552459,0.02586206896551735,-0.014911586170493485,0.2217074784910653,0.0,-0.16260208926875586
2008-03-31,-0.001333064027469244,-0.0552334943639291,0.03059760956175306,0.04437344692935752,-0.012175324675324672,0.0012000685753472684,-0.2585551330798479,-0.2585551330798479,-0.2571428571428571,-0.2549019607843137,-0.38417099942229926,7.071428571428571,-0.15221459762944478,-5.1875,-0.15090090090090091,0.08863819500402892,-0.05588639486944569,-0.06299212598425197,-0.0016286644951141183,0.08227848101265822,-0.14091384722706668,0.025210084033613356,-0.010850636302746297,-0.08179848320693373,0.022471910112359605,-0.09537526367121052
2008-06-30,0.026656419383545016,0.03937276291119818,0.0007731560228854129,-0.02651257647858596,0.03582580115036982,0.05667808219178072,-0.0012820512820512775,-0.0012820512820512775,0.0,0.0,-0.07786116322701686,0.2765486725663717,-0.7785136129506991,-1.175033921302578,0.031106824210272555,-0.027175637094215888,-0.05143134400776317,-0.056237879767291665,0.034801522566612286,-0.025341130604288442,0.02354851806739755,0.024590163934426368,0.008938244853737842,-0.08023598820058997,0.03296703296703285,0.06769631932604558
2008-09-30,0.03337141956581702,0.0781403738930797,0.02827564894932011,0.0041899441340782495,0.03511555344016082,-0.000486144871171601,0.42747111681643135,0.42747111681643135,0.4358974358974359,0.4342105263157896,0.768056968463886,-0.8405545927209706,0.36544850498338866,7.372093023255815,0.2525724976613657,0.021847826086956568,0.01278772378516635,0.008904109589040976,0.03678402522333157,-0.0119999999999999,0.06545021816739394,0.025600000000000067,0.0017449664429529665,-0.0057729313662604476,0.010638297872340496,0.07364268269772678
2008-12-31,0.016356565502516407,0.02988820442619211,0.03456048084147256,-0.050417246175243347,0.010167066877841968,0.02821011673151741,0.3435251798561152,0.3435251798561152,0.357142857142857,0.33944954128440363,-0.2088607594936709,3.3260869565217392,-0.7834549878345498,-0.47685185185185186,0.10548917102315158,-0.1172215721731732,0.09999999999999987,0.09843856076035307,0.008109477952356725,-0.14777327935222684,-0.14892032762472074,0.02496099843993771,-0.006163741122872768,0.09612903225806457,0.0,0.08455818022747152
2009-03-31,0.023445999174700916,0.04881110618815532,-0.07785039941902683,-0.09520322226290734,0.05280194214040046,-0.05960264900662249,-0.24698795180722888,-0.24698795180722888,-0.26315789473684204,-0.2465753424657533,0.24290909090909096,0.012562814070351758,4.50561797752809,0.3292035398230089,0.12683668299273765,-0.04542715989878299,0.04775022956841135,0.05624227441285545,0.05379587732528912,-0.05463182897862229,-0.1487314085739282,0.0243531202435312,0.028717810435485935,0.07710417892878163,-0.021052631578947323,0.15917799378856934
2009-06-30,0.01264570046184299,-0.0007040766035344426,0.04110883603717119,0.057871307163091856,0.0039392774788624685,0.04728370221327971,-0.002666666666666706,-0.002666666666666706,0.008928571428571175,0.009090909090909038,-0.4347571679344646,-0.19354838709677424,1.9918367346938775,-1.7896138482023969,-0.08887889688249395,-0.05402676091895986,0.04951796669588093,0.05383265067290832,0.02146946564885499,-0.10050251256281406,-0.1269270298047278,0.023774145616641817,-0.0086500655307995,0.07267759562841536,-0.010752688172043001,-0.055376746289949375
2009-09-30,0.016216020559597588,0.02473050095117313,-0.024205748865355536,-0.05432287681713843,0.02885443583117997,0.019852705731668197,0.15418894830659546,0.15418894830659546,0.16814159292035424,0.18018018018018012,0.7308488612836439,0.23692307692307701,-0.25443383356070937,-1.4080944350758853,0.03980917914130622,0.021350413664264822,0.013361169102296566,0.019988895058300926,0.04016814572629612,-0.0027932960893854997,-0.053560918187168904,0.02467343976777947,0.012427287149656463,0.02954661232806921,-0.010869565217391353,0.08359731840282891
2009-12-31,0.03540516473731081,0.0257150715071508,0.0868217054263567,0.1395631067961165,0.020231617134086832,0.06263736263736264,-0.18223938223938219,-0.18223938223938219,-0.1742424242424242,-0.17557251908396942,0.10406698564593309,0.8955223880597014,-0.32753888380603846,0.7479338842975207,0.06691979117228297,0.04180820486020376,-0.1096003296250515,-0.10615133369624385,0.029636281993713487,0.0028011204481792618,-0.004353233830845515,0.025495750708215414,-0.014625228519195566,-0.10192973775358738,-0.01098901098901095,-0.09990651822894525
2010-03-31,0.0052633389521483664,0.022657192653170677,-0.010984308131241072,-0.062122825701100504,0.01034828592268422,-0.03855813266361352,0.14164305949008504,0.14164305949008504,0.14678899082568808,0.14814814814814814,-0.017334777898158182,-0.6968503937007874,0.4095238095238096,0.08747044917257685,0.06820877817319104,0.03423626787057943,0.002776492364646055,0.0012180267965893332,0.016572176188399457,0.005586592178770999,0.11992504684572136,0.023480662983425438,0.005035780545984414,-0.0033057851239668423,0.011111111111111072,0.09039409332099635
2010-06-30,-0.022346177537471812,-0.07996853696906137,0.03360738497043125,0.06888720666161996,-0.034291386545142855,0.03549477566072534,0.03060380479735314,0.03060380479735314,0.04800000000000004,0.040322580645161255,-0.3721058434399118,2.7705627705627704,0.3986486486486487,-3.7717391304347827,-0.17698500832870623,0.01442948951133749,0.02030456852791862,0.018248175182481674,-0.01973401973401967,-0.002777777777777879,-0.015616285554935883,0.022941970310391246,-0.012130801687763704,0.007739082365948002,0.01098901098901095,-0.1392525630368523
2010-09-30,0.10595400609051775,0.08285836420632653,0.2957019257605358,0.8360481586402266,0.04242395925804798,0.006677548597714855,0.02327447833065821,0.02327447833065821,0.03053435114503822,0.03875968992248069,0.4784899034240562,1.4431687715269805,-1.7301587301587302,-1.5435294117647058,0.11688311688311681,-0.05952665551039915,-0.013568521031207648,-0.03405017921146947,0.051203501094091886,-0.04178272980501385,-0.09405099150141638,0.0237467018469657,-0.05752802989855854,-0.01974766867800326,-0.021739130434782594,-0.4102368066313905
2010-12-31,0.003766299531586359,0.006184617409040083,0.6585891222401723,-0.2329797492767599,-0.26874635829859705,0.05704599056603765,0.06823529411764695,0.06823529411764695,0.11851851851851847,0.13432835820895517,0.03384798099762465,-0.8491541353383458,-2.5869565217391304,-1.3001443001443,-0.03141045001510123,0.12188612099644103,0.1361760660247593,0.04019789734075441,-0.20149875104079928,0.06686046511627897,0.11507191994996857,0.024484536082474362,-0.2714912901855261,0.04756575265808616,0.0,0.3118411626240918
2011-03-31,0.036827999369383635,0.07395540443340098,-0.06714285714285717,-0.280110636157908,0.13496782102359783,-0.02342769488216423,-0.03157121879588842,-0.03157121879588842,0.0066225165562914245,-0.019736842105263164,0.020677771395749556,-0.3862928348909658,-0.6408576533650983,-6.139423076923077,0.16666666666666674,0.07341112495751667,0.06900726392251832,-0.008323424494649179,0.12721584984358714,0.346049046321526,-0.014021312394840169,0.02264150943396226,0.094673405909798,0.0032051282051281937,-0.011111111111111072,0.4918083944453113
2011-06-30,0.0653529179211143,0.1406478324403313,0.1337185020186551,0.5798113866573524,0.012313009666792718,0.035270598315007895,-1.3623957543593632,-1.3623957543593632,-1.361842105263158,-1.3691275167785235,-0.25886325267304444,0.06598984771573613,-1.7877280265339968,0.5304022450888681,0.2186288921555526,0.11672823218997364,-0.3080407701019253,-0.36450839328537177,0.00046253469010171244,-0.010121457489878694,0.06712172923777038,0.022140221402213944,-0.04972473805718347,-0.3434504792332268,-0.03370786516853941,-0.27798696091761677
2011-09-30,0.010304864124229374,0.014305540728087873,0.03782157548965426,0.12182179969047091,-0.013603627634035775,-0.008000000000000007,-3.721757322175732,-3.6736401673640167,-3.6909090909090905,-3.6545454545454543,0.8223234624145785,9.766666666666667,-4.227368421052631,-1.8856968215158925,-0.15889900208356178,-0.06133635762215295,0.05400981996726695,-0.02075471698113207,-0.003698566805362846,-0.06134969325153372,0.39339019189765456,0.022864019253910906,-0.023733881517473465,-0.013787510137875159,-0.011627906976744207,-0.09582558729085677
2011-12-31,0.11069985590370979,-0.11277760235764656,0.271312784712773,0.7818289318092235,-0.03612763656030282,0.04546718576195774,-0.1252882398155265,-0.10954616588419408,-0.1148648648648648,-0.13013698630136983,-0.2829166666666667,1.2357363998230873,-2.1089367253750817,0.17736369910282956,-0.22242503259452417,-0.1421667337897704,-0.08333333333333337,-0.11368015414258192,-0.016241299303944357,-0.13943355119825707,-0.16870696250956385,0.0235294117647058,-0.1320826952526799,-0.07565789473684215,-0.04705882352941171,-0.5020827770360481
2012-03-31,0.005825341507466053,0.03576724598137493,-0.03113220717576437,-0.08450392655679684,0.0503871619346874,-0.029126213592232997,0.21880492091388404,0.195079086115993,0.23664122137404586,0.25984251968503935,-0.03718768158047647,-1.0053412462908011,-1.55,-1.4583821805392732,0.13112005365526502,0.08016431924882617,0.00959909655561808,-0.02499999999999991,0.051886792452830344,0.09873417721518973,0.1541647491946616,0.021839080459770344,0.04411116012351113,0.002669039145907437,-0.03703703703703709,0.13138842709283005
2012-06-30,-0.009458775923115836,-0.0005726720879624114,-0.0417387127761768,-0.1111513833514558,0.02644230769230771,0.017260273972602658,-0.03460706560922855,-0.03455882352941175,-0.03703703703703709,-0.03749999999999998,-0.5896197948098973,17.666666666666668,-0.32834224598930484,-0.4961636828644501,0.05840498072932099,0.1019232858850374,0.5335570469798658,0.5016722408026755,0.02780269058295959,0.048387096774193505,0.0697767145135566,0.021372328458942658,0.03633291085762558,0.5341614906832299,-0.012820512820512886,0.1244252737356022
2012-09-30,0.004059643568401272,0.023034609213843593,0.0198486291413964,0.06660323501427201,-0.012334113973458183,-0.026528413681659035,-0.034353995519044056,-0.03351104341203348,-0.02564102564102566,-0.025974025974025983,1.8455882352941178,-0.8630952380952381,0.8073248407643312,1.4137055837563453,0.13319327731092434,-0.004042993787594873,-0.008388037928519387,-0.026726057906458767,0.006108202443280808,-0.03076923076923066,-0.3585538576220648,0.022026431718061623,-0.016306563391765172,-0.0028918449971081506,-0.025974025974025983,-0.0408481578281763
2012-12-31,0.05563890654799741,0.03461409208020605,0.09382218508871087,-0.4295909264687141,0.01470123300663917,0.05491769262691926,-0.008507347254447017,-0.007880220646178104,0.013157894736842035,0.01333333333333342,0.20930232558139528,-23.92753623188406,-1.058149779735683,-0.0830704521556257,0.10777406995427019,-0.008514851485148522,0.0044133872747333935,0.013729977116704761,0.020815264527320076,-0.015873015873015928,-0.01568855316676343,0.022629310344827624,-0.03874844591794446,0.019721577726218076,-0.013333333333333308,0.8137827978728078
2013-03-31,-0.017873919013321138,-0.027771762667821553,-0.021162832494608153,-0.07149240393208223,-0.014072804694396868,-0.02924206661421458,-0.2925117004680188,-0.29308975377283564,-0.29220779220779214,-0.2894736842105263,-0.39743589743589747,-0.8855878634639697,-21.71212121212121,-1.1949541284403669,-0.018966863773290155,0.005492310764929176,-0.09337239106554385,-0.09781790820165526,0.0021240441801189114,-0.013824884792626668,-0.03482880755608031,0.021074815595363505,0.003880146583315369,-0.09328782707622307,0.0,0.04708134435048095
2013-06-30,0.036913492433347184,0.01943315329361317,0.22373192563690614,0.2100577478344563,-0.17744653955546197,0.02647575307307859,-2.781697905181918,-2.8157303370786515,-2.862385321100917,-2.8796296296296293,-0.47021276595744677,-0.9668508287292817,-0.33504023408924655,0.1705882352941177,-0.022631638803593757,0.04310259211441059,-0.6001615508885298,-0.6205170975813178,-0.16362865621025857,0.03971962616822422,0.13883792048929666,0.02063983488132104,-0.20678548421730725,-0.6210790464240903,-0.013513513513513487,-0.1575256873090809
2013-09-30,-0.014807455766865374,-0.04342363993882459,-0.0018755392175250352,0.002982700338039379,-0.03688288403662676,-0.002500328990656664,-1.5767326732673266,-1.5668316831683167,-1.5763546798029557,-1.5665024630541873,1.6947791164658637,147.66666666666666,1.0704070407040702,2.9045226130653266,-0.09041191528973702,0.08464248310006672,-0.15050505050505059,-0.20439560439560434,-0.021287379624936764,0.29662921348314586,1.9554242749731472,0.02123356926188058,-0.022468868435300604,-0.20529801324503316,0.0,-0.04628485098200796
2013-12-31,0.21034813925570228,0.19362759093245008,0.10973730692622796,0.1627676447264077,0.38833854132039103,0.043931398416886536,6.162017167381975,6.186681222707423,6.256410256410257,6.104347826086957,2.5086934923000497,1.022421524663677,0.3150903294367693,-4.670527670527671,0.3648458487910964,0.1134129213483146,3.5671819262782405,3.3535911602209936,0.39409632314862786,0.13864818024263448,0.33999636561875324,0.0217821782178218,0.14705067848241504,3.627083333333333,-0.04109589041095896,0.026555299539170463
2014-03-31,-0.032373886651722805,-0.07137389973210873,-0.04443089843882286,-0.09343563512361464,-0.015324202662580166,0.010109945659042108,-0.7776779026217229,-0.778368524988607,-0.7773851590106007,-0.7723378212974297,-0.838170748973524,-0.9196230598669624,-0.08363636363636362,-1.4453015427769986,-0.1190364607742056,0.07773573005361079,0.06040093725592288,0.03616751269035534,0.0014858841010401136,-0.22678843226788437,-0.7785462435584486,0.02034883720930214,0.01762433606953162,0.06348491670418732,-0.02857142857142847,0.02432523427417088
2014-06-30,0.04928350314684593,0.043581289923758426,0.21944218024595097,0.4707541846906149,-0.1842233245793211,0.03478043287876886,-1.8045822102425877,-1.8183687457162439,-1.8412698412698414,-1.8548387096774195,0.484689413823272,0.9103448275862069,-0.6137566137566137,-1.44251968503937,0.059793595063304616,0.04418434528163884,0.04075619936164987,0.007348438456827866,-0.16654302670623156,0.04133858267716528,-0.04470300061236976,0.019943019943019946,-0.2225385527876631,0.03513971210838274,-0.02941176470588236,-0.29044893040072306
2014-09-30,-0.0008987359084070556,0.0026162503702240603,-0.046325089366154204,-0.17531969309462914,0.09228568021938721,0.003506226574779392,-2.099664991624791,-2.0812395309882747,-2.088050314465409,-2.0628930817610063,0.49911608721272827,2.711191335740072,0.95662100456621,-1.4341637010676156,-0.024495532577050505,0.034888608659100484,0.0033026657230479373,-0.0012158054711246535,0.08856252781486429,0.24196597353497173,-0.012820512820512775,0.020484171322160183,0.09337808971620398,0.024948875255623726,-0.030303030303030276,0.21578845782667444
2014-12-31,-0.0041261708743179915,0.00787750480035454,0.0018893798567727327,-0.046984028531555255,-0.014900120074227696,0.0448192771084337,0.022086824067022004,0.03872966692486446,0.028901734104046284,0.01183431952662728,-0.5220125786163522,-0.8219844357976653,-0.4247374562427071,-0.5245901639344263,-0.011937840897396357,0.06586785810993767,-0.6303785563131907,-0.6451612903225807,-0.006541291905151292,-0.019786910197869045,0.009090909090909038,0.020985401459853836,-0.0108847334635781,-0.6520351157222666,0.03125,0.05756469280838217
2015-03-31,-0.007049444291717388,-0.0050315079869083235,0.006144112905678734,0.46924829157175396,-0.03108205440744638,-0.05477398523985244,0.04172876304023854,0.02684563758389258,0.0393258426966292,0.06432748538011701,-0.0625,-0.819672131147541,-0.502028397565923,-4.801724137931035,0.04593271534215182,0.09063194664973007,0.013994910941475647,-0.037735849056603765,-0.030864197530864224,0.09782608695652173,2.010939510939511,0.01966041108132277,-0.024266365688487612,-0.034403669724770714,0.0,-0.32280533205235984
2015-06-30,-0.017639962821603072,0.06691869599371558,0.00036276791922373874,0.22923588039867115,-0.05169258920402564,0.048920336708552004,-1.3912732474964233,-1.3972403776325346,-1.4,-1.4065934065934065,2.450877192982456,5.96969696969697,4.54989816700611,1.1360544217687076,0.09380601473809991,0.0038434661076169885,0.23337515683814303,0.23529411764705888,-0.05095541401273884,0.03536067892503536,0.014960461637101963,0.019281332164767795,-0.03441295546558709,0.21733966745843225,0.015151515151515138,-0.13207128923568
2015-09-30,0.0009864116758933061,-0.030831530992591283,0.05593665951467175,0.17072072072072064,-0.1086589483839846,0.006862060944405668,0.5722120658135283,0.5722120658135283,0.5675675675675675,0.5675675675675675,-0.5579562785968479,5.191304347826087,-0.550091743119266,-2.0265392781316347,-0.08803714493809178,0.07773523610627686,-0.6012207527975585,-0.6176046176046176,-0.10469798657718121,0.13524590163934436,-0.12676352916403455,0.0,-0.10961365678346802,-0.6253658536585366,0.014925373134328401,-0.17214077744291767
2015-12-31,-0.005932748773228247,-0.006125065286548548,-0.0018888443706713831,-0.02901115813774524,-0.015491814368826962,0.005891186323206732,-2.5848837209302324,-2.587209302325581,-2.594827586206897,-2.517241379310345,-0.3283496262219666,-0.7001404494382022,-0.10358890701468193,-0.47052740434332985,-0.05111310771688127,0.006889869738400334,0.07397959183673475,0.026415094339622636,-0.01349325337331353,0.12515042117930197,1.767301663853388,0.042992261392949205,-0.009754456777665732,0.01822916666666674,0.014705882352941124,0.02357006231875114
2016-03-31,0.047340629994537586,-0.008742595069749615,0.06577589173070297,0.10445395466793461,0.0031608603037174277,0.0031005971520441378,-0.14746881878209828,-0.15311355311355312,-0.15675675675675682,-0.125,-0.4246575342465754,7.283372365339579,-1.9335759781619655,2.623046875,-0.19516044187269854,0.005025125628140614,-0.12589073634204273,-0.18014705882352933,0.008611955420466222,0.018181818181818077,-0.02492157546183338,0.01978565539983501,-0.04211956521739135,-0.17902813299232756,0.0,-0.10247754536138409
2016-06-30,0.015704379068554486,0.053159188394621415,-0.023298358891579274,-0.3352468427095293,0.11500787725186656,0.06639954207212373,0.3700516351118761,0.37024221453287187,0.3717948717948718,0.3701298701298701,0.32291666666666674,-0.9228159457167091,-1.391812865497076,-1.1768194070080862,0.04287581699346399,0.1614893617021278,1.9293478260869565,1.8699551569506725,0.11300853842290315,0.15231092436974802,0.3938337801608578,0.019401778496362265,0.09787234042553195,1.8535825545171343,0.01449275362318847,0.5842568339042247
2016-09-30,0.009984405309801936,0.05363353468790044,-0.011513882767739125,-0.05537564766839376,0.057930949748126404,0.011164787976382096,-0.3944723618090452,-0.3939393939393939,-0.39252336448598135,-0.3981042654028436,1.1158605174353204,-2.4615384615384617,-0.49004975124378114,5.054878048780488,0.24893457006768616,0.03434694999084087,0.5,0.5343749999999998,0.05685920577617343,-0.07110300820419335,-0.6592934538693338,0.020618556701030855,0.04748062015503862,0.5283842794759828,0.0,0.11539765982703076
2016-12-31,-0.0008661758336941938,0.00608061153578876,0.011815192554199383,0.26716946634670324,-0.02729225945067071,0.026754432529992656,0.6556016597510372,0.6541666666666666,0.6538461538461537,0.6614173228346456,0.07602339181286544,-3.075187969924812,8.351219512195122,-1.460221550855992,-0.09173022882376558,-0.044540866023200176,0.008658008658008587,0.02851323828920571,-0.006831767719897575,-0.09617271835132468,-0.3919834399698908,0.02175602175602176,-0.026518655565834104,0.017142857142857126,0.014285714285714235,-0.20604332953249715
2017-03-31,-0.011590433651834653,-0.006734588154032162,-0.016028642247314817,0.40652899269546405,-0.001970031639902059,-0.029262744287043785,0.11591478696741864,0.11586901763224189,0.12558139534883717,0.12322274881516604,-0.30533596837944665,-0.6582125603864735,-0.21335419926969224,-0.5984682713347922,0.18209944751381224,0.10417052826691386,0.08093194359288791,0.11287128712871275,-0.007308684436801438,0.11183496199782827,0.048901268956979216,0.019771863117870714,0.009819448843839007,0.0969101123595506,0.014084507042253502,-0.2937909904734549
2017-06-30,0.02082141631392287,0.03959492350486782,-0.02057210031347967,-0.029044046932102274,0.10928340710611306,0.0435662547933533,-0.21560920830993824,-0.21557562076749437,-0.2148760330578513,-0.21518987341772156,0.2546230440967283,0.29681978798586584,-0.40716180371352784,-2.6403269754768393,0.056272200411291884,0.18423703206311903,-0.06437889960294951,-0.03736654804270456,0.10524036379385016,0.193359375,0.059309530835054636,0.01938851603281133,0.0865746549560853,-0.04481434058898848,0.0,0.07063449023861157
2017-09-30,0.040849490081811046,0.0811906852293156,0.0158031606321265,-0.009508716323296307,0.08811000269614455,0.010309278350515427,-0.3264137437365784,-0.32661870503597124,-0.3263157894736841,-0.32795698924731187,0.18934240362811794,-0.07356948228882831,-0.819910514541387,1.8322259136212624,0.15088495575221228,0.13551633708980093,-0.04516520157623527,-0.016635859519408602,0.08463949843260199,0.02782324058919805,0.17298050139275767,0.0,0.045323325635103995,-0.016756032171581836,0.0,0.09161706977333162
