Quarter end,Assets,Current Assets,Liabilities,Current Liabilities,Shareholders equity,Revenue,Earnings,Earnings available for common stockholders,EPS basic,EPS diluted,Cash from operating activities,Cash from investing activities,Cash from financing activities,Cash change during period,Cash at end of period,Price,ROE,ROA,Book value of equity per share,P/B ratio,P/E ratio,Cumulative dividends per share,Equity to assets ratio,Net margin,Asset turnover,Current ratio
1993-12-31,-0.001119032162406941,0.0032330056095060122,-0.0024081456402426094,-0.019989635515633042,0.0003558535401342322,0.1457082009818076,1.221863325031133,1.221863325031133,1.3030303030303028,0.41999999999999993,-0.2877855465647122,-1.01044547291198,0.4195362037685688,-1.2915612182563923,0.12075758123396096,0.02300109529025174,0.034682080924855585,0.013431013431013383,0.013015184381778733,0.014778325123152802,0.0599747474747474,0.9459459459459458,0.0017893088794453949,0.01106194690265494,0.0117647058823529,0.023690572119258624
1994-03-31,-0.001119032162406941,0.0032330056095060122,-0.0024081456402426094,-0.019989635515633042,0.0003558535401342322,0.1457082009818076,1.221863325031133,1.221863325031133,1.3030303030303028,0.41999999999999993,-0.2877855465647122,-1.01044547291198,0.4195362037685688,-1.2915612182563923,0.12075758123396096,0.02300109529025174,0.034682080924855585,0.013431013431013383,0.013015184381778733,0.014778325123152802,0.0599747474747474,0.9459459459459458,0.0017893088794453949,0.01106194690265494,0.0117647058823529,0.023690572119258624
1994-06-30,0.022682527854196444,0.07738741063657195,0.0030080385831918743,-0.006137543008629898,0.04513008369246019,0.02862885821673755,0.017182491724029303,0.017182491724029303,0.026315789473684292,0.41999999999999993,0.7058780272575742,-69.91906721536351,-0.12574183506902703,5.138281951511524,0.6613777089783281,0.02997858672376874,0.034682080924855585,0.013431013431013383,0.05781584582441113,0.014778325123152802,0.0599747474747474,0.5555555555555558,0.024335789238669303,0.01106194690265494,0.0117647058823529,0.08406801007556663
1994-09-30,0.032848117176285774,0.13888154370252348,0.049399039438799086,0.20302529414059878,0.014725460761324527,0.09891605971319528,0.48622447222509213,0.48622447222509213,0.44871794871794846,0.41999999999999993,0.03609558432600979,-0.7385454400700608,0.2697785497177594,1.1161010337429298,0.842398478142713,0.14760914760914767,0.034682080924855585,0.013431013431013383,0.05668016194331971,0.08252427184466016,0.0599747474747474,0.357142857142857,-0.016782911944202228,0.01106194690265494,0.0117647058823529,-0.053344951108529326
1994-12-31,-0.0429335601179035,-0.06861854538574097,0.014560991847251126,0.006467439457130242,-0.1080391767800909,-0.17294681143121526,-0.6113589229646279,-0.6113589229646279,-0.5929203539823008,0.41999999999999993,-0.2683239719852992,-1.2407125456760049,-0.04403332991371156,-0.4441090397953775,0.25416960795676036,0.07608695652173925,0.034682080924855585,0.013431013431013383,-0.09770114942528729,0.022421524663676973,0.0599747474747474,0.26315789473684204,-0.07204610951008639,0.01106194690265494,0.0117647058823529,-0.07460625894866024
1995-03-31,0.0088607925637334,0.017398271989639946,-0.023817608252509892,0.018268425153945778,0.05095137532696792,0.16742547297616084,0.9356367755783448,0.9356367755783448,1.0,0.41999999999999993,-0.28808226318532915,-17.314674256799496,0.11433715689313906,-3.963107279058199,-0.6005023648109411,0.10606060606060597,0.034682080924855585,0.013431013431013383,0.05732484076433142,0.22368421052631593,0.0599747474747474,0.20833333333333326,0.04419493549928322,0.01106194690265494,0.0117647058823529,-0.0008288666629828745
1995-06-30,-0.0006814880762532338,0.04956400887495116,-0.017083442155927053,0.03604965620414857,0.018941632930175256,0.01624764194856243,0.026505875648785704,0.026505875648785704,0.032608695652173836,0.41999999999999993,1.1178678878564394,-1.8645589004981875,0.3949922422556311,-2.0231107131865365,1.5378824518978025,0.08143074581430754,0.043575418994413306,0.013431013431013383,0.03614457831325302,0.021505376344086002,0.029184038117927358,0.1724137931034484,0.02081903454587053,0.015317286652078765,0.023255813953488413,0.013051653578143974
1995-09-30,-0.01610346788917394,0.006210756417680541,-0.019725249764592556,-0.0002860153754090655,-0.011923604143408317,0.025590260419033672,0.29891972993248306,0.29891972993248306,0.24210526315789482,0.41999999999999993,-0.1672952416870953,0.340201793721973,-0.13154967822104946,0.06403314463860865,0.6447729287673276,0.04785362420830408,0.016595289079229136,0.013431013431013383,0.013565891472868241,0.01403508771929829,-0.00405092592592593,0.1470588235294117,0.004034065441506085,0.0,0.022727272727272707,0.0064963423954578214
1995-12-31,-0.019618570397448964,-0.03252159292755352,-0.0029566803237733863,-0.017735248980952356,-0.038696067249005095,-0.11380336068820163,-0.48572880690284503,-0.48572880690284503,-0.44915254237288127,0.41999999999999993,-0.3293602566521985,-1.4649423652819835,-0.47358658882343074,-0.991017386946297,0.0035213041419401847,0.15983881799865673,0.038441284886782334,0.051807228915662584,-0.03632887189292555,0.1418685121107266,0.14352120859965134,0.15384615384615374,-0.02075892857142847,0.02586206896551735,0.022222222222222143,-0.015078375006779776
1996-03-31,-0.026473657775349047,-0.025828729819479923,-0.03478419379774067,0.010659370957137648,-0.016604514112832702,0.10280731636806872,0.6798436727909798,0.6798436727909798,0.6923076923076923,0.41999999999999993,0.017266413786117152,-0.6125724155302077,1.041728187919463,-61.88841201716738,-0.21365427574609075,0.17776491024898666,0.05070993914807298,0.05383734249713634,-0.001984126984126977,0.22424242424242435,0.11737804878048763,0.1333333333333333,0.009801686801914622,0.03256302521008392,0.021739130434782483,-0.03607026818657422
1996-06-30,0.01636993596149794,0.05537288238547533,0.04024773226847134,0.2394670427138068,-0.011461838251313194,-0.018109036806121415,0.03178232384008561,0.03178232384008561,0.04545454545454519,0.41999999999999993,0.32488354337939973,3.4542583820934336,-0.6746982011225522,-1.7317732196142008,0.19882663874773376,-0.014257620452310715,0.05984555984555984,0.05108695652173911,0.0,-0.012376237623762387,-0.0600272851296042,0.0980392156862746,-0.027539503386004416,0.042726347914547214,0.0,-0.1485374771480804
1996-09-30,-0.006846473813380438,-0.0330280593099489,-0.023897089788149195,-0.13527905947790908,0.014067187021732375,0.055135688979644826,0.12701025049567827,0.12701025049567827,-0.4956521739130435,0.41999999999999993,0.34863327737829786,-0.5131466460935382,3.8197549576859924,-2.6900947182533312,-0.28030395816581377,0.0009975062344138586,0.015482695810564717,0.010341261633919352,0.027833001988071482,0.0,-0.04789550072568949,0.10714285714285698,0.022051996285979536,-0.0019512195121950127,0.010638297872340496,0.11822329575952772
1996-12-31,-0.02340477660366702,-0.04158152816208127,-0.05014607856860265,-0.11738991962115697,0.008167173892209556,-0.10305942274578028,-0.3318461963020881,-0.3318461963020881,-0.2413793103448275,0.41999999999999993,-0.13929553392286542,-0.5469184975801962,-0.42448241522092356,-1.332953379687678,0.1296771758995494,0.027902341803687003,0.04932735426008983,0.05936540429887405,0.009671179883945724,0.0,0.03302845528455278,0.09677419354838723,0.03293209175562106,0.04203323558162264,0.021052631578947434,0.0859234369374775
1997-03-31,-0.010234866153718603,0.009216766850691505,-0.00718182748002838,-0.0263669665344054,-0.013630926807214894,0.06619101279507889,0.42271287946582237,0.42271287946582237,0.4318181818181819,0.41999999999999993,-0.49404993164975897,1.7782399092541827,-0.6617487682485906,-1.0795389706721443,-0.009130386371228094,0.14202617547261265,0.026923076923076827,0.03188405797101468,-0.007662835249042099,0.13032581453634084,0.08066896212493857,0.10294117647058809,-0.0035180299032541162,0.02908067542213888,0.0,0.03652337274836981
1997-06-30,0.08762208966380913,0.05907644124379474,0.14928777130060955,0.2899881219640379,0.01857952109394856,0.01048616504125377,-0.15147996274388842,-0.15147996274388842,-0.1428571428571428,0.41999999999999993,0.5205056739000598,7.376611887992922,-3.936404512533319,20.722381635581062,-0.20016128712413161,0.018675721561969505,-0.029962546816479474,-0.03370786516853941,0.01930501930501949,0.026607538802660757,-0.01820664542558026,0.08000000000000007,-0.06244483671668133,-0.027347310847766648,0.0,-0.17900740977664054
1997-09-30,0.013913507745105802,0.003532907029728083,-0.0005219071253002028,-0.20143911152348948,0.032149798961318865,0.0600660402327402,0.27084164908479225,0.27084164908479225,0.11111111111111094,0.41999999999999993,0.18316577039981286,-0.683590782990857,-1.4959884835092288,-0.7238202172979756,-0.0691145600899159,0.06624999999999992,-0.00471900471900466,-0.008720930232558155,0.043560606060605966,0.04751619870410373,0.08344923504867885,0.08641975308641969,0.019534008001882652,0.0009372071227742307,-0.010309278350515427,0.2566716446983961
1997-12-31,-0.0009969963496493373,-0.02449244215147084,0.0005434208608707802,-0.014399945738480135,-0.002881409638719412,-0.06320345857955778,-0.2784838525132646,-0.2784838525132646,-0.1333333333333333,0.41999999999999993,0.2961742154770375,0.1425050385755915,0.2581849777235501,-1.6980748535214636,0.05182929535951142,-0.06916764361078542,0.011206896551724022,-0.0009775171065493637,-0.010889292196007205,-0.10927835051546375,-0.07744972186563981,0.07954545454545459,-0.001615881809787556,0.0037453183520599342,-0.01041666666666663,-0.010230443319210525
1998-03-31,0.031010525542696454,0.025921153335520142,-0.006028046752450278,0.1291517000258815,0.07647594070249841,0.05243857248731554,0.43553427340992834,0.43553427340992834,0.4423076923076923,0.41999999999999993,-0.5257746418748742,0.13671910112359553,-1.2866189629586096,-1.9191503939705379,-0.04529149117550246,0.26070528967254414,-0.0012787723785165905,0.0,0.07155963302752277,0.2754629629629628,0.2272727272727273,0.0736842105263158,0.04739884393063565,0.017723880597015018,-0.010526315789473717,-0.09140739193986225
1998-06-30,0.17103542009313477,0.13381027380940602,0.32617331882542944,0.42865679156288095,-0.00480334721280784,0.1288241451831107,-1.108138842259165,-1.108138842259165,-1.12,-1.1267605633802817,0.5343029461311934,4.173701170330539,19.294509663197825,0.8056280283265003,-0.08565921970453805,0.21711621711621687,-0.272300469483568,-0.2925636007827789,-0.008561643835616417,0.13611615245009068,0.17573696145124718,0.06862745098039214,-0.15011037527593807,-0.2850595783684693,-0.010638297872340274,-0.20637747773628268
1998-09-30,0.035207472799829054,0.03580629112728273,-0.0013738715664953771,0.012631075227234057,0.09045944274956175,0.011610428031061826,-10.003204807210816,-10.003204807210816,-5.0,-4.777777777777779,0.17094676143221132,-0.8926526471447978,-1.2668401177109514,1.0818453916812882,-0.19503587244493437,0.05170998632010937,-0.036950146627566016,-0.052558782849239205,0.08981001727115712,0.060702875399361034,0.4368370298939248,0.07339449541284382,0.05688311688311676,-0.02692307692307694,-0.032258064516129115,0.02287699992760439
1998-12-31,0.023190878509260715,0.030565310786757838,0.0162578206967241,0.027162420449248215,0.032780607502695513,-0.08808060348252389,-0.15283046152819335,-0.15283046152819335,-0.16666666666666663,-0.1470588235294119,-0.37823889827354196,1.060690195240892,-1.7211609458717507,-3.247136978830995,0.5444619283852445,0.12591050988553598,0.0,-0.01167883211678844,0.030110935023771823,0.03313253012048212,0.07583892617449672,0.06837606837606836,0.0105677070533301,0.027667984189723382,-0.033333333333333326,0.0033264916129944755
1999-03-31,0.04999706497534717,0.027456150226709886,0.07897257626044252,0.15852749533690202,0.010559649419639161,0.13654439858199185,0.1832506105727567,0.1832506105727567,0.19999999999999996,0.1724137931034484,-0.5603292465319749,1.142118081945692,1.0894305741513741,-2.2072936660268714,-0.42560158036367035,-0.1256931608133086,-0.040194884287454435,-0.069423929098966,0.007692307692307665,-0.15160349854227406,-0.16281971303805376,0.06400000000000006,-0.03696498054474706,-0.048717948717948656,-0.02298850574712641,-0.1131489841986455
1999-06-30,-0.011795794801573334,-0.02497597286923736,-0.013316397423007054,-0.030652499822991452,-0.009586053023115548,-0.0011007318379246955,-0.63242115542535,-0.63242115542535,-0.6388888888888888,-0.6470588235294118,3.743846878927524,-0.5646411824709805,-1.4985770557304132,-0.8744403632841766,-0.09303364701103511,-0.061839323467230534,0.14022842639593924,0.14761904761904776,-0.012213740458015265,-0.06872852233676985,-0.046696472925981,0.06766917293233066,0.002020202020202033,0.1603773584905659,-0.0117647058823529,0.005886096086541448
1999-09-30,0.086626530248888,0.057104917847523584,0.1048439690029046,0.05540025231373602,0.06025263521355062,0.033766245667249395,1.3041601255886972,1.3041601255886972,1.3076923076923075,1.4166666666666665,-0.306987089972789,2.1863788329212164,-3.6301000478818577,0.026342599330519523,-0.10527887256658308,-0.22281690140845067,-0.06956037840845863,-0.08022130013831252,0.05873261205564151,-0.2140221402214022,-0.3405419489317354,0.06338028169014098,-0.021925403225806384,-0.06271777003484325,-0.023809523809523836,0.0015815277558122176
1999-12-31,0.01232443489435786,0.011233425886056247,0.006804408849179433,0.019062349077198837,0.020652031336222176,-0.047996631504299225,-0.01348217444282851,-0.01348217444282851,0.0,0.0,-0.03443030312684181,-0.724334567607001,-1.0719541992047141,-2.5604083947816223,0.18360808916772342,-0.045306270387821646,-0.023923444976076458,-0.03609022556390973,0.020437956204379715,-0.096244131455399,0.000790201501382759,0.0596026490066226,0.009275959804174061,-0.029739776951672847,0.0,-0.007658297805147707
2000-03-31,0.00869593095262955,0.0032837260276548097,-0.011216017117166133,0.08118039776711838,0.0383278446057671,0.07678161561704178,0.58274231678487,0.58274231678487,0.5666666666666667,0.5517241379310347,0.2043881717325855,0.0678468253800899,2.330914175377855,-1.5336241366775718,-0.08277884290064286,0.1093394077448746,0.07475490196078427,0.08112324492979717,0.03719599427753928,0.08571428571428563,0.10935649427556271,0.0625,0.03089098800102108,0.09067688378033223,-0.012195121951219412,-0.07208210677062621
2000-06-30,0.006645110027148071,-0.00011942185771240954,-0.019144334495980297,-0.016533823467159703,0.04319237304638013,-0.011881547714272078,-0.0398838643629742,-0.0398838643629742,-0.04255319148936165,-0.04444444444444451,0.17714739682496194,-0.11439460510855937,0.38363283826733574,-3.0224795640326976,0.18252797245788766,-0.05989048596851476,0.21664766248574696,0.23376623376623384,0.04137931034482767,-0.09330143540669844,-0.14982206405693954,0.05294117647058827,0.037642397226349766,0.2529274004683839,-0.012345679012345734,0.01671954042699131
2000-09-30,-0.01221516279903978,-0.027721474965837767,-0.021625505384499033,-0.06031582498969046,0.0003237247265854837,0.006298816373859539,-0.2657274205107588,-0.2657274205107588,-0.28888888888888886,-0.2558139534883721,0.026087968350011703,0.3108534477953062,0.231323769485257,-3.3361401145166725,-0.3605926696126852,-0.041135784492173255,-0.006560449859418949,0.01637426900584793,-0.005298013245033095,-0.079155672823219,-0.2448723315194643,0.05027932960893855,0.013126491646778149,0.01495327102803734,0.0,0.03466014504975545
2000-12-31,0.02001555571734759,0.03349959082952303,0.006290068094675139,0.0066093452862054924,0.03790290174120825,-0.08331467184405228,-0.27842978551193853,-0.27842978551193853,-0.25,-0.28125,-0.4602639994556712,-0.06995415770091085,-1.522826201734111,-2.074682814302191,0.6060655337832344,0.17084282460136668,-0.06603773584905648,-0.04257767548906799,0.031957390146471365,0.17765042979942702,0.14745011086474502,0.0478723404255319,0.018845700824499323,-0.03314917127071826,-0.012499999999999956,0.02673404515445421
2001-03-31,0.010433123813453404,0.0009980720254918474,-0.021653466566243007,-0.04200783275253139,0.05097540263312417,0.1398411160535875,0.9524595031506713,0.9524595031506713,0.9166666666666667,0.9130434782608694,1.3194558251917217,0.5230265564415832,-2.154709274926505,-0.9693453179500939,0.011567863109401166,0.1400778210116731,-0.03535353535353536,-0.008413461538461453,0.047741935483870845,0.1046228710462287,0.18792270531400979,0.050761421319796884,0.04161849710982657,-0.012380952380952381,0.012658227848101333,0.04485194887671673
2001-06-30,0.00955502560620225,0.011032454764839938,-0.01673342397238109,-0.03781270853300789,0.040475754151506615,-0.007269197516799664,0.05015967962690726,0.05015967962690726,0.04347826086956519,0.045454545454545414,-0.055550774721566776,-0.27482497328065525,0.8633368963171704,-10.447483588621445,-0.10803743462702997,-0.05944254835039808,-0.00732984293193728,0.019393939393939297,0.03817733990147798,-0.10352422907488978,-0.05286701911346081,0.04347826086956541,0.03174250832408432,0.015429122468659573,0.0,0.05082814161981464
2001-09-30,0.02447106468864413,0.014948968782527716,0.0024015295871200326,0.006992628358762687,0.049002177043698136,0.04347343092375544,-0.2086098842307661,-0.2086098842307661,-0.22916666666666663,-0.21739130434782616,0.2187661851873166,0.20269923411302004,0.025772335676589098,-2.2551244933410537,0.15202479976434624,0.0740852736619293,-0.00843881856540074,0.02021403091557672,0.04982206405693956,0.03439803439803435,0.0519536281665951,0.04166666666666652,0.025172117039586883,0.01614434947768273,0.0,0.007880847371845912
2001-12-31,-0.008127377643193712,-0.024649137634703777,-0.026289255797406152,0.03529046174672401,0.011163418238063327,-0.050948402790471525,0.013256208764956368,0.013256208764956368,0.027027027027026973,0.0277777777777779,-0.38819636266339286,-0.4880762240458225,-0.9076655583686667,5.589315371839823,0.8695466887457537,-0.012950450450450512,0.05691489361702118,0.08741258741258728,0.011299435028248483,-0.05938242280285033,-0.0395918367346938,0.04444444444444451,0.019937040923399874,0.06822429906542049,0.02499999999999991,-0.057890961262554
2002-03-31,0.0172598287264365,0.05329961785113824,0.010615766788610204,0.021279959551121275,0.02405548921250711,0.07198824059787534,0.2961183068634434,0.2961183068634434,0.3157894736842106,0.29729729729729737,-0.12114995015596364,0.29717590102205493,0.3386190948133465,-0.6277672757823987,0.1731295263898296,-0.003422703936109661,-0.00704579768495206,0.01393354769560573,0.025698324022346508,-0.015151515151515138,-0.0888227794305142,0.042553191489361764,0.007201646090535085,0.01049868766404205,0.0,0.03137135460290885
2002-06-30,0.016079348339789634,0.013588164327893892,-0.010445095665227777,-0.04252042935485345,0.04285295443452353,-0.01432518798662552,-0.07324983744620239,-0.07324983744620239,-0.07999999999999996,-0.08333333333333326,0.7582986944558281,-0.26263244106243133,13.522869364922672,-1.1559643381108227,-0.023017093495145136,0.03205495134516334,-0.04105423213380632,-0.022198731501057112,0.05119825708060999,0.007692307692307665,0.006996268656716431,0.04081632653061207,0.027374872318692622,-0.020779220779220786,0.0,0.05854558877814675
2002-09-30,0.023779995133426546,0.05063993092722563,0.05972215821645177,-0.021759539862158617,-0.010645612179366104,0.07835266310117572,0.09748172896220497,0.09748172896220497,0.10869565217391308,0.13636363636363646,0.2637221769024589,0.6756133567662566,-0.3431347003511952,-17.19247467438495,0.38148436478938064,-0.18469217970049923,0.0554968287526425,0.06054054054054059,-0.011398963730570033,-0.22391857506361335,-0.17461787864752198,0.03921568627450989,-0.03340624378604107,0.05216622458001763,0.0,0.07399916306318888
2002-12-31,0.004226003182249194,-0.002094149085371755,-0.024706110043306806,0.018047783030580744,0.03390831254667459,-0.023260133817284756,-0.13514871076745105,-0.13514871076745105,-0.13725490196078427,-0.14,-0.6257871370606524,-0.35180150698954504,-0.5215284185472953,-1.2485774719218279,-0.06864241202722987,0.024829931972789154,0.006009013520280382,0.013251783893985625,0.042976939203354325,0.03606557377049202,-0.05555555555555569,0.037735849056603765,0.0304464102036619,0.0025210084033613356,0.012195121951219523,-0.019741541658549244
2003-03-31,0.036600503263587436,0.08491958093551721,0.02116112000205672,0.03073431226996126,0.05154223571794825,0.07834655702288229,0.24993400095038631,0.24993400095038631,0.27272727272727293,0.2558139534883721,0.5772334826575605,0.226896739200787,-0.5109489051094891,-4.5381112176414184,0.2607639548287086,0.08230999004314632,-0.003982080637132901,0.006036217303822866,0.05326633165829153,0.03797468354430378,0.047534165181224,0.036363636363636376,0.015372329806348617,-0.003352891869237151,0.012048192771084265,0.05253395163961572
2003-06-30,0.05930314021815031,0.12855931919295438,0.04641983428680896,-0.22949297885858422,0.07141095802797937,0.027625103501548898,-0.08463813010419596,-0.08463813010419596,-0.0892857142857143,-0.09259259259259267,0.20603202946264165,-0.23833338608763543,-1.6759535655058042,1.874906849129463,0.5946173166451234,0.10886231217417963,-0.016991504247875988,-0.01100000000000001,0.07538167938931295,0.051829268292683084,0.07373794668179245,0.03508771929824572,0.012780180888714021,-0.01766190075693863,0.011904761904761862,0.4647532729103725
2003-09-30,0.0025303205774398485,-0.00763274880800624,0.00571104846534376,0.030355458778335676,-0.0003892229412417736,0.009879274289945839,0.24105893030195813,0.24105893030195813,0.23529411764705888,0.24489795918367352,0.8356012270222501,0.45636514752735846,-13.397066841129648,-0.6190248960211139,0.14206191772275645,0.0439712389380531,0.017793594306049654,0.032355915065722884,-0.002661934338952898,-0.02898550724637683,0.017432646592710155,0.03389830508474567,-0.0027179188507084895,0.03424657534246589,-0.0117647058823529,-0.036868339635613534
2003-12-31,0.006580103236518475,0.012304105630408957,-0.04163833649995763,-0.09829552969500865,0.05110919952474213,0.019244920051457948,-0.2228433316807139,-0.2228433316807139,-0.2063492063492064,-0.21311475409836067,-0.46265507871773026,-0.3497978789175822,-0.41365161596749156,-0.7718535929115959,0.028379298538525832,0.02198675496688729,-0.020979020979020935,-0.003917727717923536,0.06049822064056931,0.023880597014925398,-0.03219106957424722,0.049180327868852514,0.045162546233210143,-0.010761589403973537,0.011904761904761862,0.12264656018559839
2004-03-31,0.018907921472925526,0.049417427047960594,-0.003660433463967494,-0.05246408698840899,0.037910486483646144,0.05918313074026438,0.3170443852570135,0.3170443852570135,0.30000000000000004,0.29166666666666674,0.4753521622268193,0.21976623414619878,-0.21426107044281772,7.528466856445709,0.23535276073619626,0.17833074131674453,0.0010204081632654294,0.019665683382497523,0.036073825503355694,0.11078717201166177,0.15021459227467804,0.046875,0.01937046004842613,0.011715481171548081,0.0117647058823529,0.10749910582998834
2004-06-30,0.0006162759852541555,0.010519934742995174,0.03352764258163665,0.12861206834661498,-0.025985198957238054,-0.010049404851387944,-0.3376362315330589,-0.3376362315330589,-0.3384615384615385,-0.33870967741935487,-0.06545211751239988,0.28696841044829813,0.7653134277068756,-1.0076135072201162,-0.0014504844284894958,0.11086669599648036,-0.049949031600407756,-0.04243008678881388,-0.01538461538461533,0.0734908136482939,0.07042910447761175,0.04477611940298498,-0.026493696327425487,-0.053763440860215006,0.011627906976744207,-0.10463614181139658
2004-09-30,0.005960485400526849,0.05212896729133165,0.016873938987169712,0.04370703741546622,-0.0033995727550800714,-0.04040453029405566,-0.38348751325459796,-0.38348751325459796,-0.37209302325581395,-0.36585365853658536,0.0,0.0,0.0,-63.49164926931106,0.0907748316555752,-0.02752475247524755,-0.1791845493562232,-0.17421953675730106,-0.01398026315789469,-0.012224938875305624,0.009586056644880214,0.04285714285714293,-0.00919669669669676,-0.1722027972027972,0.0,0.008095543443411346
2004-12-31,0.038390780900183996,0.06598597526855743,-0.019928737341305403,0.10988665647063756,0.08942674428421338,0.06747085180987233,1.896491904394757,1.896491904394757,1.8888888888888888,1.8846153846153846,-0.125147141875387,-0.25951915012580373,-0.5797410996236536,0.7147844388394273,0.14270522590348889,0.09285277947464876,0.1189542483660131,0.13170731707317063,0.10175145954962472,0.10891089108910901,0.3085886922744927,0.049315068493150704,0.059859821935972723,0.1298838437170009,0.0,-0.03955633298878902
2005-03-31,0.005028773274963649,0.02754201997780248,-0.01713278248473238,-0.022745291178166482,0.022475833370235065,0.05989045063952947,-0.03686185379138063,-0.03686185379138063,-0.05128205128205132,-0.040000000000000036,-0.24842017662911386,-0.004329167767835762,0.49354743248285526,-0.9662961844553327,0.004209056283354551,0.06092789267747345,0.01927570093457942,0.030172413793103647,0.024224072672217822,-0.037946428571428714,-0.07948548812664913,0.04699738903394257,0.017336907953529934,0.02336448598130847,0.0,0.051450805082991824
2005-06-30,0.0011183543367629944,0.018219442805528674,0.05027042306022156,0.10756275664793336,-0.036078448356334225,0.011553023368215953,0.008068030826468231,0.008068030826468231,0.013513513513513598,0.01388888888888884,0.6948382556864043,0.6709051152091208,-0.10600447966919369,25.847976878612716,0.11253099647848508,-0.025992272567614938,0.12206303724928369,0.12866108786610875,-0.025868440502586854,-0.04872389791183296,-0.0713006091006807,0.04488778054862852,-0.037069571328179896,0.11598173515981736,0.011494252873563315,-0.08066293992599005
2005-09-30,0.010281059895397515,0.00998986722156503,0.026463299558675102,0.030045827377993772,-0.0030621981099798745,-0.0013248331651349865,-0.2139211675137609,-0.2139211675137609,-0.20000000000000007,-0.21917808219178092,0.3614504912107168,-0.3098481811236261,1.1867598169115876,0.3402264947144056,0.1355620863009328,-0.0358817165524703,0.10623084780388137,0.11306765523632989,-0.011380880121396042,-0.009756097560975618,-0.16126543209876554,0.042959427207637235,-0.013318737456668672,0.09165302782324058,0.022727272727272707,-0.019483578127007295
2005-12-31,0.026150825210075945,0.05752367649263235,0.013392673000200528,0.19460202020202022,0.03698227014280353,0.025071113959213465,0.4612258038552859,0.4612258038552859,0.4666666666666668,0.4912280701754388,-0.6162182646640685,0.011311324477180085,-1.2080235842612952,0.012722993758986112,0.12089769774376968,0.0359079857864224,0.026315789473684292,0.019983347210657865,0.05679201841903292,0.046798029556650356,-0.08003679852805878,0.048054919908466776,0.010539940828402372,0.007496251874062887,0.011111111111111072,-0.11472617695868637
2006-03-31,-0.017329839268300673,-0.1080113714914992,-0.0748411881546962,-0.17068087584619862,0.030385564104070006,0.024932446337180725,-0.2928118975488846,-0.2928118975488846,-0.2954545454545454,-0.2941176470588235,0.20895827612197548,2.6944661204317857,-6.478488359777152,-4.112544910892032,-0.3357126298041101,0.1260155262682794,-0.052181736392262756,-0.050612244897959124,0.030501089324618702,0.0658823529411765,0.08650000000000002,0.04585152838427953,0.04867337602927724,-0.05952380952380942,0.01098901098901095,0.07552661437521602
2006-06-30,0.014440340642760452,0.006285872890828159,0.015615346093561966,0.061830235244492604,0.0135650315271989,0.023722208460950966,0.3394929511644209,0.3394929511644209,0.35483870967741926,0.3500000000000001,0.44772173677698723,-0.6101601438625209,-0.11198926622922167,-0.8584773684572634,-0.07152165906450969,-0.009139009139009113,0.0037968675842430244,0.015477214101461634,0.023960535588442466,-0.03752759381898452,0.034054302807178916,0.045929018789143905,-0.0008724480893387287,0.004746835443038,0.010869565217391353,-0.052288780845794136
2006-09-30,0.09874624729902926,0.1278214097674677,0.12566334679363544,0.15322047885240475,0.07865404854753577,0.002731687985021214,-0.15696820805047174,-0.15696820805047174,-0.16666666666666674,-0.1728395061728395,0.3312858244505943,0.659189248169525,-1.430649656013237,-6.028790579592719,0.38737300536064745,0.047734627831715226,-0.005673758865248235,0.003386960203217493,0.07019958706125262,0.022935779816513735,0.018246550956831253,0.041916167664670656,-0.01833740831295838,0.014960629921259683,-0.010752688172043001,-0.02202110153905701
2006-12-31,-0.0020490803389247025,-0.113061976552569,-0.036401711864287645,-0.06601350352623092,0.024710886073837646,0.009258941852500868,-0.17875720632949954,-0.17875720632949954,-0.17142857142857149,-0.16417910447761186,-0.2839328164337944,1.038854722252458,-4.0936169782514185,-2.671586213810537,-0.4667291152856824,0.10115830115830104,-0.13124108416547786,-0.11983122362869192,0.0334405144694534,0.029147982062780242,0.06337412587412583,0.04597701149425282,0.02686354741149266,-0.11249030256012404,-0.010869565217391353,-0.050378581679616063
2007-03-31,0.020744460682345256,0.009018371595987729,-0.019866707923241966,-0.08517187744095855,0.050493004324599244,0.04954692759232948,0.6974712868931054,0.6974712868931054,0.7068965517241381,0.6964285714285712,-0.1703395795614917,-0.5334372907597271,-0.5024545050462794,-0.7348906748003701,-0.23202887003796224,0.03786816269284721,0.08483853311439504,0.09587727708533067,0.049159925326695664,0.002178649237472685,0.15207562679819175,0.04578754578754585,0.029106029106028997,0.10664335664335645,-0.01098901098901095,0.10297566314034068
2007-06-30,0.02460117649732685,0.038810776678593895,0.025729059707320312,0.05041748522875933,0.023830315041477368,0.03505059260547161,0.009384289972910853,0.009384289972910853,0.010101010101010166,0.010526315789473717,0.5459422498174467,-0.4199723467149804,0.4031254721381041,-1.2788155449624303,0.08423917686834037,0.04405405405405416,0.006559031281534011,0.015748031496062964,0.030249110320284878,-0.004347826086956386,-0.07813057438458804,0.04378283712784592,-0.0006734006734006037,0.025276461295418606,-0.011111111111111072,-0.011055988660524263
2007-09-30,0.028994032581082463,0.057182917662028654,0.02502910240245937,0.04525721313561126,0.03170892370789713,0.012225662856901076,0.0612845115988383,0.0612845115988383,0.06000000000000005,0.0625,-0.03975318080052426,0.9507377419752578,-0.7461353358114624,0.9507374887710451,0.15156113507623314,0.015014237639140449,0.07167919799498734,0.086993970714901,0.02936096718480119,-0.015283842794759916,-0.033668730650154854,0.04026845637583887,0.002526954177897389,0.07781201848998465,0.011235955056179803,0.011418470211647769
2007-12-31,0.03235873776241194,0.06851828071984434,0.025224033904336807,0.01216992863851929,0.0372124255236812,0.033108816480639236,0.04517112373562426,0.04517112373562426,0.04716981132075482,0.0490196078431373,0.3453454648848451,-0.415423252442935,0.8640135728248441,2.5544728007368014,0.46781704928032664,0.05585309869931132,0.10523854069223582,0.11489698890649747,0.03691275167785246,0.026607538802660757,-0.05006007208650376,0.04516129032258065,0.0047050915812469896,0.10936383130807736,0.011111111111111072,0.055644780349551226
2008-03-31,0.03102107252805575,0.02317860897853463,-0.0329288311510727,-0.07876705464836453,0.07402289338669887,0.024128735049980365,0.017076170695420334,0.017076170695420334,0.018018018018017834,0.01869158878504673,-0.5503679531995656,0.43128378865422046,1.1045727062268744,-1.7930583416917418,-0.2527605286362389,0.06509661835748792,-0.008887008040626365,0.003553660270078085,0.0738942826321467,0.02807775377969768,-0.0704047217537942,0.04475308641975295,0.04181301220939959,0.007087628865979356,-0.01098901098901095,0.11065867191695
2008-06-30,0.04203810258245588,0.06599396190207396,0.038412619643245494,0.06312390900909204,0.04423321978870498,0.06907108204416335,0.0756883972699458,0.0756883972699458,0.07964601769911517,0.08256880733944949,1.5582311383944307,0.17522486679223626,-0.3693013547944304,-1.9217234128887086,0.31178130442300245,-0.05125297652795102,0.00256191289496166,0.014872521246459103,0.046207935710698145,-0.11764705882352933,-0.08344671201814058,0.041358936484490405,0.0020870123615346348,0.01407549584133072,0.0,0.0026993271826276644
2008-09-30,-0.026603213155134697,-0.009263329963886235,-0.025438832794942745,-0.03367784281717845,-0.027304279585417146,-0.017110849454402888,-0.05020381097920157,-0.05020381097920157,-0.05737704918032793,-0.05084745762711851,-0.1604355303386642,-0.08989736667309467,0.027518149158505034,-0.45932456305850466,0.12850655244949105,-0.0008366200549779768,-0.009795570698466816,0.0013956734124214165,-0.025444071051368145,-0.0452380952380953,-0.05145967342899549,0.039716312056737646,-0.0008010253123997835,-0.006309148264984188,0.011111111111111072,0.025273224043715903
2008-12-31,-0.03187815203521627,-0.04136941772081859,-0.02809622570217052,0.15644521060950356,-0.03415959419462966,-0.05563536462393581,0.1059913386775535,0.1059913386775535,0.1217391304347828,0.125,-0.4137848023145372,-0.39226469909641815,1.666054926083361,-3.4623079444638307,-0.28039066705038185,-0.159688995215311,0.0227956989247311,0.032752613240418116,-0.020197044334975378,-0.1371571072319202,-0.17840375586854462,0.045020463847203374,-0.002244668911335679,0.031746031746031855,0.0,-0.17106242896892254
2009-03-31,-0.011077718425735128,-0.016547970095274755,-0.04213086122302001,-0.07783500875353133,0.00777265059930099,0.004210544532608829,-0.1628033657820701,-0.1628033657820701,-0.15503875968992242,-0.15873015873015872,-0.0439402084639966,0.47681472700648486,-0.6952252426286334,-0.7642039354456364,-0.0918762623008974,-0.034021352313167275,-0.009671993271656909,-0.005398110661268496,0.008547008547008517,-0.014450867052023031,-0.07365079365079363,0.04308093994778073,0.018961915474851487,-0.01169230769230778,0.01098901098901095,0.0664712556732221
2009-06-30,0.16805511739307777,0.31801776925092673,0.312173250157749,0.08987632778993926,0.08490238285703455,0.04564040523803947,0.30524659935546583,0.30524659935546583,0.3027522935779814,0.31132075471698095,1.0850468968425657,1.0691145841530658,-6.727458577346093,-15.367730890414702,1.4536052270817672,-0.026083112290008814,0.030573248407643305,0.014925373134328401,0.08524426719840483,-0.035190615835777206,-0.01919122686771757,0.041301627033792254,-0.07112442832360832,0.044831880448318984,-0.03260869565217395,0.20932706800248257
2009-09-30,0.05149030052818482,0.034602186289459436,0.14429691201017514,0.07934042814228337,-0.013274247989599197,0.02530140007856052,-0.06980972181088296,-0.06980972181088296,-0.07042253521126751,-0.07913669064748197,0.23395034908458934,-0.09003387458290657,-1.3767494275734258,-0.9205933914657195,0.04704337109990164,0.03903767589650475,0.018541409147095234,-0.014037433155080326,-0.003674781809829941,-0.042553191489361764,-0.0062893081761006275,0.03966346153846145,-0.06162988115449919,0.02502979737783062,-0.03370786516853941,-0.04145894428152497
2009-12-31,-0.02260682430585048,-0.1269780161370222,-0.0787606753818918,-0.13407626950305918,0.02283756119339375,0.027039452181041757,-0.0026606140848622895,-0.0026606140848622895,0.007575757575757569,0.015625,-0.4012369287741505,-0.6048115423517708,0.9307144925737454,-4.383267084909726,-0.15200926093280664,0.06538517547691858,-0.020631067961164984,-0.03728813559322042,0.029045643153526868,0.06984126984126982,0.030942334739803012,0.04277456647398825,0.046499004885109496,-0.021511627906976583,-0.023255813953488413,0.008222111744234928
2010-03-31,-0.01659109532193659,-0.02893840187552399,-0.010526282844263712,-0.046373633943256776,-0.02101172226923176,-0.037521377063754024,-0.05924912129870785,-0.05924912129870785,-0.052631578947368474,-0.04615384615384621,-0.25981765136786816,1.330026510985137,-0.3336769000992129,0.6590606686861251,-0.29740016543940406,0.057818480043739795,0.012391573729863659,-0.00985915492957734,-0.01120071684587809,0.029673590504451175,0.049795361527967374,0.041019955654102214,-0.004495159059474507,0.01485442661913261,-0.023809523809523836,0.018282506448186853
2010-06-30,0.009871086943298524,0.04659685903744459,0.022151650157969938,0.043585336900480165,0.0008239420510274265,0.018090862474754,0.031169468234155673,0.031169468234155673,0.04761904761904767,0.040322580645161255,0.7386341844282505,0.23153575438097462,-0.4257818655432458,-0.7708251568463503,-0.09700633691590588,-0.04948959813929443,-0.024071807425540714,-0.031294452347084056,0.005890348889895813,-0.04034582132564846,-0.08252111760883696,0.03940362087326932,-0.009030913511635985,-0.03454332552693218,0.012195121951219523,0.0028682112791476033
2010-09-30,0.0685389074648739,0.09269545126788081,0.08724491953676772,0.09157935153249319,0.05446443522032052,-0.0776012935589856,0.29255346879195065,0.29255346879195065,0.31060606060606055,0.3875968992248062,0.08334498699057935,-1.4266629318118715,0.4925457559533144,-6.781477252984537,0.621089552676555,-0.036840674279499885,0.04933110367892968,0.05359765051395016,0.06441441441441431,-0.042042042042042094,-0.018413597733710985,0.037909836065573854,-0.013144058885383725,0.08368708308065509,-0.036144578313252906,0.0010400029714370262
2010-12-31,0.04357987104347116,0.09890483325009702,0.23178286924879177,-0.035485408928660145,-0.10242686647358212,0.0632210778100244,-0.20357705542041116,-0.20357705542041116,-0.19653179190751446,-0.24022346368715075,-0.15256606984422494,-4.2677865954089445,-1.5102644247907153,-0.9283811600766716,0.027439392955034947,0.12208892025405804,0.018326693227091573,-0.025783972125435373,-0.06644096487515871,0.053291536050156685,0.02092352092352101,0.040473840078973256,-0.13993961996093063,0.010072747621712397,-0.03749999999999998,0.13932692664465152
2011-03-31,0.02710214302664915,-0.019029292195002823,0.009979132877377284,-0.020741115624184014,0.04533231596251941,0.0434407072727816,-0.012401206569664258,-0.012401206569664258,0.014388489208633004,0.014705882352941124,-0.4817542677785668,-0.19520817729215312,-3.143418120849787,-16.008301864173113,-0.4008204233384426,0.019874213836478027,0.013302034428795073,-0.025751072961373578,0.05666364460562101,0.09523809523809534,0.008480565371024706,0.03889943074003788,0.01775758827173246,0.0005540166204986985,-0.025974025974025983,0.0017260470266395878
2011-06-30,0.02673917605991294,0.0445788540613552,0.01472919234906378,0.050043986013144526,0.03909327619340108,0.047896409148069585,0.09947791640893655,0.09947791640893655,0.1134751773049647,0.10869565217391308,0.9276243071050965,-1.422634832555583,-0.13282008528974842,-1.8176437345112597,0.5469617466483567,0.06660088801184028,0.020077220077219904,-0.012481644640234824,0.045474045474045655,0.008152173913043459,0.041345480028030845,0.037442922374429255,0.012172854534388433,0.008305647840531671,-0.013333333333333308,-0.005201729575083691
2011-09-30,-0.017926207009082873,-0.07979329538571134,0.052576469458717856,0.09970408811973508,-0.0887484901102219,0.018228661111444833,-0.12557060322161262,-0.12557060322161262,-0.12101910828025486,-0.11764705882352933,0.16549872754410644,-2.0799274611398966,0.21113058477704416,-0.9578824224750824,0.014891579457305681,-0.05758556891766886,-0.04277062831188483,-0.0884758364312268,-0.0779647107098893,-0.09973045822102433,-0.09488559892328396,0.03609154929577474,-0.07215874924834642,-0.10873146622734764,0.027027027027026973,-0.16320794797215588
2011-12-31,0.09423726428100543,0.21973870318964095,0.19341432812834403,-0.11893959504790408,-0.02084037964655383,-0.07955451422497128,-0.1233248883258884,-0.1233248883258884,-0.10869565217391297,-0.10370370370370374,-0.42038006475068035,0.20919175150892877,-4.133211815933805,58.20533487967527,0.8687242721321351,-0.07791411042944774,-0.03440094899169632,-0.07177814029363783,0.001335113484646211,0.0,-0.005947955390334547,0.03823279524214107,-0.10520630805789577,-0.04682686383240908,-0.02631578947368418,0.3843780511618824
2012-03-31,-0.0190978767607759,-0.06911644665115602,0.004979950818218004,0.00940939034122823,-0.05314926069591164,0.05465699323760553,0.10665247067323236,0.10665247067323236,0.14634146341463405,0.14876033057851235,-0.06823860782431224,-1.1032349708562972,-1.7106749919461366,-1.3494509283092198,-0.16245120153277504,0.01942781104457736,0.014332514332514368,-0.03602811950790852,-0.01866666666666672,0.017964071856287456,0.04786836200448774,0.03682487725040917,-0.03476581361661035,-0.025856496444731758,-0.013513513513513487,-0.0777780912348014
2012-06-30,-0.015231981157962093,-0.0029940091518200207,0.010604985426628355,0.1653911929097267,-0.054014397643761924,-0.0051677250255924845,0.1231234945865245,0.1231234945865245,0.14893617021276606,0.14388489208633115,0.9886964205900517,-17.225728341917133,-0.5102162967831281,-0.493337780418624,-0.09827234722667699,-0.01696906409084975,0.04400484457004428,-0.022789425706472244,-0.03894927536231885,0.002941176470588225,-0.01927194860813697,0.03551696921862657,-0.03926963481740864,-0.00928998009289983,-0.013698630136986356,-0.14450902416641165
2012-09-30,0.030480648105953856,0.007068687715420685,0.0640113337142656,0.04677327087442307,-0.023288441810422222,-0.06621510403780806,-0.11571408467078248,-0.11571408467078248,-0.11111111111111116,-0.1132075471698114,-0.022593257879503725,-0.4032087284235162,-0.060039417247741644,-1.0688495389194064,0.007503380620828448,0.013544018058690765,0.02977571539056445,-0.029850746268656803,-0.010367577756833168,0.055718475073313734,0.0029112081513826826,0.03429878048780499,-0.052330122363967724,0.016744809109176195,-0.04166666666666674,-0.037903168132732756
2012-12-31,0.023636136861935997,0.029199347396906106,-0.009003712100450922,0.013006210646316685,0.080654969221853,0.027470153656153462,1.1638164563750029,1.1638164563750029,1.2083333333333335,1.2198581560283688,-0.5902258014688329,-2.5520556318517755,0.20711939047667594,18.79005302908565,0.14738640409534676,0.009301716232150037,0.32932782576042063,0.3038461538461539,0.0971428571428572,0.019444444444444375,-0.0014513788098693414,0.03610906411201187,0.05576923076923079,0.3076416337285903,-0.014492753623188248,0.015981565450085444
2013-03-31,4.179050112229632e-05,0.004112481086165243,-0.016596023892844203,-0.06275283439016821,0.02669511747368647,0.052722566982704944,-0.5592882405234109,-0.5592882405234109,-0.5534591194968554,-0.5559105431309904,-0.10278860569715143,-0.9395567580838201,-0.6798902900345021,-0.5680674930066949,0.055483469902037674,0.1361630321910694,-0.01638418079096038,-0.019911504424778848,0.02517361111111116,0.03542234332425065,-0.1540697674418604,0.03556187766714092,0.02680197762164993,-0.011586901763224189,0.0,0.07133450395083396
2013-06-30,-0.003686696807880807,-0.011906731602447818,-0.024231015967440483,-0.0986252149183271,0.027837016445758422,0.02613959882522021,0.09401132649100075,0.09401132649100075,0.09154929577464799,0.09352517985611519,0.8762258061435924,-6.015231647979691,1.7219432143357825,-1.5806481934052714,-0.030522862253317906,0.11675996801096766,-0.043365881677197016,-0.02859292701279159,0.02836579170194753,0.08947368421052637,0.11683848797250862,0.033653846153846256,0.03167764825139385,-0.025484199796126372,0.0,0.09618930547019056
2013-09-30,0.048498379267815084,0.08068600836395401,0.034272916764609196,0.2582576852666296,0.06922052699871939,0.02343539907164538,-0.7002918255678992,-0.7002918255678992,-0.6967741935483871,-0.7039473684210527,0.7026512597237031,4.1219302315771715,-0.582365612247062,0.16426004467899125,-0.036739470135355945,0.0314066496163683,-0.17502251576103278,-0.14717273431448485,0.06957595718402643,0.0024154589371983004,0.04076923076923067,0.03322259136212624,0.019651191353475816,-0.16056485355648542,0.014705882352941124,-0.14110830763480053
2013-12-31,-0.009383488352950886,-0.022135194959986393,-0.02096819589079646,-0.0624413145539906,0.006940313305572099,-0.04082743033622449,1.9985505161711496,1.9985505161711496,1.978723404255319,2.0444444444444447,-0.46944686472987374,-0.5602245325532672,1.1617857220581942,1.9337745581957981,-0.11164021164021165,0.03620313429875033,-0.29657933042212514,-0.2806539509536784,0.01270207852193983,-0.03132530120481947,0.18994826311899504,0.03536977491961424,0.01638159479643453,-0.28411214953271025,0.0,0.042976825155043086
2014-03-31,0.017864561695056125,0.035347379418422475,-0.003162282593071719,0.009514271407110586,0.04667191807798354,0.028287841191066976,0.05904059040590415,0.05904059040590415,0.05714285714285716,0.058394160583941535,0.16338028169014085,-0.1348314606741573,-0.5838926174496644,-1.2464454976303316,0.030970815961882003,0.06480329281133335,-0.024831867563372967,-0.0012626262626262985,0.04561003420752585,0.052238805970149516,0.4608695652173911,0.03354037267080745,0.02844275894761794,0.003481288076588207,0.0,0.025592878503372996
2014-06-30,0.010122448979591914,0.01664984863773955,0.008795962509012156,0.03819444444444442,0.011853245531514567,0.04102316602316591,0.13588850174216027,0.13588850174216027,0.14189189189189189,0.13793103448275867,0.06295399515738498,0.0043290043290042934,1.25,-2.3461538461538463,-0.0404390525707683,0.04054297015462072,-0.006366047745358094,0.010113780025284402,0.018902217375499797,-0.004728132387706974,0.027210884353741527,0.03305288461538458,0.0016132749481447828,0.013009540329575131,-0.014492753623188248,-0.0207499830473995
2014-09-30,0.005899466623565441,0.014226633581472248,0.05688965122927381,0.06784519827998081,-0.06043138713276308,0.020862308762169768,-0.07668711656441718,-0.07668711656441718,-0.07692307692307687,-0.07878787878787874,0.22779043280182232,-0.06034482758620685,-0.6200716845878136,-3.857142857142857,0.12040939193257083,0.005788336933045368,0.2151628403630539,0.20775969962453078,-0.0610060649304317,-0.014251781472684022,-0.020695364238410563,0.03141361256544495,-0.06580763920846744,0.20119863013698636,0.014705882352941124,-0.05020427948203032
2014-12-31,0.4865429420743954,0.9753710650791061,0.8170137949688936,-0.06890380313199107,0.002968533544428942,-0.06857402361489551,-0.21594684385382057,-0.21594684385382057,-0.21794871794871795,-0.21052631578947367,-0.4693877551020408,-2.688073394495413,-57.91509433962264,32.395,3.588930682428802,0.09457137948806049,-0.02899824253075567,-0.14196891191709848,-0.0018996960486322712,0.16626506024096366,-0.10101437024513948,0.03384094754653111,-0.32536945812807894,-0.03349964362081259,-0.1159420289855072,1.1215368912219308
2015-03-31,0.5291033886396801,-0.4223433242506812,0.5730554521771491,1.1609802979336856,0.41258879242304647,0.0,-0.0847457627118644,-0.0847457627118644,-0.0983606557377048,-0.09999999999999987,-0.2027972027972028,-23.27445652173913,-0.7747389358528095,-1.9923641263662226,-0.776112412177986,0.12838421093933916,-0.1380090497737556,-0.2717391304347826,0.30148458317472393,0.1301652892561984,0.16173013634226607,0.032733224222585955,-0.07630522088353409,-0.05973451327433621,-0.2295081967213115,-0.7326884085363758
2015-06-30,-0.04290813982257091,-0.09905660377358494,-0.06189079208857762,0.0044474093840338735,0.013130325464450365,0.5212091662603608,-0.712962962962963,-0.712962962962963,-0.7272727272727273,-0.7314814814814815,1.3552631578947367,-0.9787727217274612,-1.5334805003679177,-0.9467410983705492,-0.18462343096234313,-0.014187356561652376,-0.30236220472440956,-0.3731343283582089,0.009066978648727853,-0.24131627056672755,0.052610279239174496,0.031695721077654504,0.058498023715414904,-0.32156862745098047,-0.06382978723404253,-0.10304043195988954
2015-09-30,-0.009564607260238556,-0.04093288910042836,-0.00857459901139912,-0.029001549701129115,-0.01227078450296426,-0.019230769230769273,1.9193548387096775,1.9193548387096775,1.8666666666666667,1.8620689655172415,0.26443202979515834,0.8103448275862069,-0.3420689655172414,-0.6203966005665722,-0.08595253367543298,0.0026807760141092096,-0.21519939804364174,-0.2698412698412699,-0.01449275362318836,-0.0072289156626507145,0.33602460592079963,0.030721966205837115,-0.002613890963405474,-0.21849710982658965,-0.06818181818181823,-0.012326214705460692
2015-12-31,-0.0288590604026846,-0.06683209263854428,-0.04237891737891741,0.03260373917008663,0.008235622557230649,-0.024183006535947738,0.26519337016574585,0.26519337016574585,0.2558139534883721,0.2771084337349399,-0.31958762886597936,-0.5396825396825398,-0.6960167714884695,-2.1791044776119404,0.11017543859649126,0.01210159712938852,-0.08341323106423781,-0.07971014492753625,0.002941176470588225,0.02669902912621369,0.21755395683453238,0.032786885245901676,0.038187944590041045,-0.09319526627218921,0.0,-0.09628500943259322
2016-03-31,0.007294786147584942,0.17213260060272995,-0.013441003028210163,-0.03289909472289687,0.06133185656929263,0.02712659075686541,0.4759825327510918,0.4759825327510918,0.4722222222222221,0.47169811320754707,0.20779220779220786,-0.8275862068965517,1.9724137931034482,-0.2784810126582279,0.07206068268015176,-0.007924921793534878,0.15690376569037645,0.20078740157480324,0.05953079178885634,-0.009456264775413725,0.0347435594422123,0.031746031746031855,0.05373241976199061,0.07993474714518745,0.12195121951219523,0.21204335608189484
2016-06-30,-0.008385424607409653,-0.011796733212341204,-0.03161012385568118,-0.036757990867579915,0.04787372815027391,0.04271274861428109,0.15384615384615374,0.15384615384615374,0.15094339622641506,0.15384615384615374,0.4946236559139785,4.92,0.6241299303944317,-1.087719298245614,-0.005896226415094352,0.13888304954102715,0.3679927667269438,0.41967213114754087,0.04428452809299732,0.07398568019093066,-0.007309273640931924,0.030769230769230882,0.056810403832991074,0.39577039274924486,0.021739130434782483,0.025900900900900803
2016-09-30,-0.016528290282902813,-0.025558616467707407,-0.0016682422287715992,0.042901161412657096,-0.0497945972861944,0.010631644777986171,-0.9512820512820512,-0.9512820512820512,-0.9508196721311475,-0.9555555555555556,-0.1546762589928058,1.3716216216216215,-0.30714285714285716,13.5,-0.08600237247924081,0.0803543961114872,-0.1553205551883674,-0.13163972286374126,-0.04717731248343482,0.03333333333333344,-0.23032673722963637,0.029850746268656803,-0.03400259067357514,-0.15367965367965353,0.02127659574468077,-0.06566797959579007
2016-12-31,-0.04955835222387239,-0.1853306109627768,-0.06784381440427789,0.03863636363636358,-0.006550504388837974,-0.09591584158415845,28.57894736842105,28.57894736842105,28.333333333333336,31.25,-0.5531914893617021,-1.1367521367521367,0.9690721649484537,3.2896551724137932,-0.4036340038935756,-0.026197391651005097,0.3255086071987481,0.3643617021276595,-0.00890125173852574,0.023655913978494425,0.1360239162929744,0.03205972771190169,0.045256453234998384,0.3478260869565215,0.02083333333333326,-0.21561852107809254
2017-03-31,-0.008100995147627299,-0.05706574127626762,-0.034478637585897864,-0.12078774617067833,0.05011209283924578,0.01608487337440101,-0.3879003558718861,-0.3879003558718861,-0.39015151515151514,-0.3875968992248062,1.3015873015873014,-5.229166666666667,-0.051308900523560186,-0.4035369774919614,-0.40369967355821545,0.023861044505526507,-0.005312868949232441,0.025341130604288553,0.04771260174010661,0.03151260504201692,-0.23473684210526324,0.0310638297872341,0.05869146889031418,0.012333965844402384,0.0,0.07251101321585907
2017-06-30,0.5408150574188466,2.7235739112655897,0.5211659858893427,-0.18541562966650071,0.5806856712294362,0.022229706972044516,-1.3837209302325582,-1.4796511627906976,-1.4658385093167703,-1.4746835443037973,-0.46896551724137936,0.8768472906403941,-15.673289183222957,-36.85983827493261,24.277372262773724,0.06306049008967851,-0.49554896142433236,-0.45817490494296575,0.48138226627377434,0.016293279022403295,0.059491059147180225,0.030127940569541822,0.02574977279612245,-0.4142455482661669,-0.10204081632653061,3.571017826336975
2017-09-30,0.015282785341441008,0.023116626400175644,0.008421823507872572,0.02108157653528875,0.028680384523714908,0.04349258649093901,-3.4696969696969697,-2.9757575757575756,-2.6799999999999997,-2.6133333333333333,1.9220779220779223,-0.08923884514435698,-1.0343011885060929,-0.975420926037282,0.02360669939358928,0.06705711675890602,0.22235294117647064,0.25263157894736854,0.026943942133815568,-0.28056112224448904,0.8468029860434925,0.029246794871794934,0.013290017720023695,0.4112,-0.11363636363636365,0.001994860090217987
2017-12-31,0.4671913923782265,-0.595234261793592,0.37642217380779464,0.46469180131657684,0.6409484090206983,-0.027470792548152878,-1.4171779141104295,-1.5337423312883436,-1.6031746031746033,-1.6280991735537191,-0.7155555555555555,43.13544668587896,-5.25,-40.92354740061162,-0.9207278369419564,0.06435369353945308,-0.7670837343599615,-0.7086834733893558,0.40517696777601686,0.03621169916434552,-0.19595782073813706,0.029194239003503375,0.11833284756630702,-0.6938775510204082,-0.17948717948717952,-0.7236431466800588
2018-03-31,-0.01426945794122425,-0.003977724741447863,-0.020371673115253786,-0.09581205311542396,-0.004471219466277598,0.3707792207792209,-0.9117647058823529,-0.7126436781609196,-0.75,-0.75,1.178125,-0.9853085210577864,-1.192466460268318,-1.0096514745308312,0.11298932384341631,0.08411789752566601,-1.1528925619834711,-0.9038461538461539,-0.008145363408521233,-0.228494623655914,2.9130054644808747,0.028366111951588557,0.010164190774042181,0.0,-0.09375000000000011,0.1015057113187956
2018-06-30,-0.010921151485166702,0.0017305644302449963,-0.023966966877113194,0.37957523723452335,0.00969175491679275,0.013263855992420748,-50.5,-12.12,-11.947368421052632,-11.684210526315788,-0.22238163558106172,-2.075555555555556,0.6514745308310992,0.06349206349206349,0.10631494804156683,-0.011869954178485687,-10.270270270270268,14.299999999999999,0.008338597599494513,-0.0034843205574913716,0.0,0.027583670467083543,0.02063983488132104,0.6518518518518519,0.0,-0.27386283290124913
2018-09-30,-0.0013524278859514682,-0.015149501661129605,0.008890251379521708,0.18178840484769077,-0.016996769209158602,0.02921926133707342,-1.2272727272727273,-1.3111510791366907,-1.3076923076923077,-1.3152709359605912,1.4095940959409594,-3.1942148760330578,0.6347402597402598,-2.8208955223880596,-0.17630057803468213,0.10365234288742653,-0.7813411078717201,-0.6274509803921569,-0.019546422754040838,0.09440559440559437,-0.39040330689308467,0.02684323550465284,-0.01567239635995954,-0.7780269058295964,0.0,-0.16666666666666652
2018-12-31,-0.018032056990204826,-0.06341924166779112,-0.041993315101792716,-0.009839246119733969,0.01952938934933801,-0.055189643424937596,-5.437037037037037,-4.2485549132947975,-4.265625,-4.203125,-0.8124042879019908,-1.5630885122410545,-0.2711022840119166,-0.20491803278688525,-0.0859649122807018,-0.050620248099239706,4.626666666666667,2.4035087719298245,0.016485623003194894,-0.03194888178913746,3.940896178869239,0.026838619728128288,0.0382639958911144,4.303030303030303,0.10344827586206917,-0.054138266796494694
2019-03-31,-0.006309982619209564,-0.01397493156605678,-0.007580563308804855,-0.005178446466060138,-0.004438422724724389,0.008413461538461453,-0.9666110183639399,-1.0320284697508897,-1.0334928229665072,-1.0341463414634147,2.195918367346939,-1.899665551839465,0.08719346049046317,0.41752577319587636,-0.263915547024952,-0.01395152792413068,0.033175355450236976,0.04123711340206171,-0.006914759869248277,-0.02970297029702962,-0.8665059347181009,0.026137135098438513,0.001978728666831575,0.036190476190476106,0.0,-0.008750257360510716
