Quarter end,Assets,Current Assets,Liabilities,Current Liabilities,Shareholders equity,Revenue,Earnings,Earnings available for common stockholders,EPS basic,EPS diluted,Cash from operating activities,Cash from investing activities,Cash from financing activities,Cash change during period,Cash at end of period,Price,ROE,ROA,Book value of equity per share,P/B ratio,P/E ratio,Cumulative dividends per share,Equity to assets ratio,Net margin,Asset turnover,Current ratio
1993-12-31,-0.05729994566987695,-0.08667457741362139,-0.12069063185970208,-0.13566500226111466,0.01078201109571797,0.04075496107672261,-1.8534779740526277,-1.8534779740526277,-1.6363636363636365,0.0,-7.2654226430859215,-7.209362962962963,-5.1552605236815765,-1.2130534443238026,-0.11556835285648848,-0.10316368638239337,0.05263157894736836,0.10714285714285698,0.01070472792149868,-0.005747126436781658,-0.5554652108258799,1.0,0.0723643169058017,0.059374999999999956,0.0,0.05664629357735507
1994-03-31,-0.05729994566987695,-0.08667457741362139,-0.12069063185970208,-0.13566500226111466,0.01078201109571797,0.04075496107672261,-1.8534779740526277,-1.8534779740526277,-1.6363636363636365,0.0,-7.2654226430859215,-7.209362962962963,-5.1552605236815765,-1.2130534443238026,-0.11556835285648848,-0.10316368638239337,0.05263157894736836,0.10714285714285698,0.01070472792149868,-0.005747126436781658,-0.5554652108258799,1.0,0.0723643169058017,0.059374999999999956,0.0,0.05664629357735507
1994-06-30,0.011359882945816135,0.04956614279230198,0.006956356012959741,0.026101549202820484,0.015474140066047193,-0.09151159356077387,-0.027353143249742362,-0.027353143249742362,0.0,0.0,0.7147492887624467,-1.0813872479314393,-0.7506244373724182,-16.071347678369197,1.969367369589345,0.0035787321063394106,0.05263157894736836,0.10714285714285698,0.012356575463371655,-0.005747126436781658,-0.5554652108258799,0.5217391304347825,0.004072134962187279,0.059374999999999956,0.0,0.02287856265753252
1994-09-30,-0.03859828153659817,-0.06425403241977268,-0.09509074890337577,0.15217276318267126,0.011652884448557943,0.08317246144154766,0.0597324621429518,0.0597324621429518,0.1428571428571428,0.0,0.5011795204147764,-21.993667917448406,5.8816127310166,0.09137360985873166,0.723829458523336,0.031584309730005256,0.05263157894736836,0.10714285714285698,0.01046207497820384,0.023121387283236983,-0.5554652108258799,0.3142857142857145,0.05233680957898801,0.059374999999999956,0.0,-0.18784355847602197
1994-12-31,0.01061945899598693,0.03590163372362132,0.04719445526645849,-0.10437390165836957,-0.017605427495862025,-0.0511703311821502,-0.5986918846858857,-0.5986918846858857,-0.6875,0.0,-1.0871900255577813,-1.1132354748260107,-1.2165887211767923,-0.04378958964472601,0.4015091284927508,-0.06469135802469128,0.05263157894736836,0.10714285714285698,-0.018119068162208762,-0.07909604519774016,-0.5554652108258799,0.23913043478260843,-0.028078546522297798,0.059374999999999956,0.0,0.15664384627353356
1995-03-31,0.02414055972267537,0.04510727086427613,0.03915575588064235,0.018106255074508137,0.010876439620135292,0.07528541794017962,1.9066749714522992,1.9066749714522992,2.5999999999999996,0.0,-5.287680728857199,-0.10733487890297444,-0.8678855895345465,0.14814948156682028,0.3289257903150946,-0.010031678986272552,0.05263157894736836,0.10714285714285698,0.010544815465729274,0.012269938650306678,-0.5554652108258799,0.21052631578947367,-0.01283987915407836,0.059374999999999956,0.0,0.02650075668404228
1995-06-30,-0.013392512046174865,-0.03438740993263045,0.06829107186243522,0.06186727565283756,-0.08756874822156513,0.024202853469688534,0.15149999999999997,-0.4770714285714286,-0.5,0.0,-0.07065154629651016,0.9922086533679615,-16.44526207074619,-4.602803298736321,-0.8917389752107167,0.1632,-0.07500000000000007,0.10714285714285698,-0.08782608695652172,0.1515151515151516,0.07525476874836667,0.15942028985507273,-0.0753634276970161,-0.12389380530973448,0.03703703703703698,-0.09065295023424957
1995-09-30,0.0337728605287384,0.06919061925412917,0.04719184690714506,0.1002249262257151,0.019505646796847964,0.06153464072626735,0.10135847652130758,1.425215134544461,1.7777777777777777,0.0,0.3378895571350464,-0.4544975452805592,-0.6468877205593494,-0.9379270128898056,-0.5112911319807871,-0.005502063273727487,0.17255717255717262,0.10714285714285698,0.014299332697807365,0.08947368421052637,0.09817739975698658,0.13749999999999996,-0.011170872983036872,0.12121212121212133,0.011904761904761862,-0.02821011673151752
1995-12-31,0.017831794507089826,0.05470998169112651,0.027230737121026527,-0.062073910892539774,0.00756735900888339,-0.020910907722533345,-0.0876372852717544,-0.0876372852717544,-0.07999999999999996,0.0,-1.935096778987257,-0.4498398332231657,-2.488969369881172,-1.1695176668536176,0.17735074079507118,-0.0027662517289074318,0.2765957446808509,0.19648093841642233,0.005639097744360777,-0.019323671497584516,-0.16021243637972993,0.13186813186813184,-0.010041841004184038,0.21921921921921905,0.0235294117647058,0.1245319393467541
1996-03-31,0.015055272060034985,0.024025918156888038,0.0024369889935023092,0.03826545614937871,0.029104428678215832,0.07215375912088295,0.2827643681708747,0.2827643681708747,0.26086956521739113,0.0,-2.4270957489074294,1.717837338262477,-1.5467942705435354,5.491315136476427,0.9778220782457014,0.21359223300970887,0.13194444444444464,0.09068627450980382,0.021495327102803774,0.20689655172413812,-0.07773386034255603,0.10679611650485432,0.013736263736263687,0.0862068965517242,0.02298850574712641,-0.013714888566530359
1996-06-30,0.0030954452908242835,0.026762062601807468,-0.026125424834105404,0.10823608128990458,0.03478679737945756,0.028234933984227162,0.1278664067951587,0.1278664067951587,0.13793103448275867,0.0,0.30359131403118034,-1.1720678749957494,2.184794301497311,-2.173802242609582,-0.5803200201587502,0.1859047619047618,0.23067484662576687,0.08539325842696632,0.02836230558096986,0.16326530612244894,0.034285714285714475,0.10526315789473695,0.03168647071086084,0.21541950113378694,0.011235955056179803,-0.07350581628559971
1996-09-30,0.004778609187654714,-0.010900652275761868,-0.02985221389592352,0.014745530979670685,0.040126425301808766,0.07378318526294891,0.18447720436071946,0.18447720436071946,0.15151515151515138,0.0,-0.1508061932728243,-2.132806324110672,-0.3501519978820715,-1.1141988710377768,0.15791053737616334,0.03629938965627999,0.09770687936191425,0.11801242236024834,0.03558718861209975,0.007017543859649145,-0.18977900552486204,0.08730158730158744,0.03515861790260644,0.08582089552238803,0.03333333333333344,-0.025291337446332607
1996-12-31,0.01905780026020576,0.046610537330320057,0.017865526330680392,-0.053927154819618406,0.02019288317786616,-0.01670681539327712,-0.31039265129683,-0.31039265129683,-0.2894736842105263,0.0,-1.0202446967696506,5.297976273551988,-1.6819273723396782,9.49809885931559,1.431682654913145,0.059826410415375175,0.0018165304268846771,0.022222222222222143,0.018041237113401998,0.024390243902439046,-0.052165018752130865,0.08029197080291972,0.0011711887565879486,-0.0034364261168384758,0.021505376344086002,0.10627035830618903
1997-03-31,0.015317399309749735,0.02235310162853943,0.010312099856314871,0.07025267070287611,0.0200717336720595,0.030385100541663546,0.5142215373364327,0.5142215373364327,0.4814814814814814,0.0,-50.30124223602485,0.3839612188365651,-1.8440557855921553,-2.0434625135820355,-0.6143512101503359,0.10236911377595792,0.06074342701722579,0.0778985507246377,0.018565400843881807,0.08163265306122458,0.06762589928057561,0.08108108108108114,0.004679274712419579,0.06034482758620685,0.021052631578947434,-0.044735169137083086
1997-06-30,0.037658047994240995,0.04127031662628289,0.033999438865347065,0.09582844306955707,0.041099965925426085,0.0769104285937181,0.41479948253557564,0.41479948253557564,0.40000000000000013,0.0,0.20530393700787397,0.31428514241108063,-0.4168354770214532,-1.4586948976049983,0.7307160630356648,-0.034757230034491826,0.14188034188034182,0.1546218487394957,-0.10107705053852534,-0.053459119496855445,-0.11185983827493262,0.06874999999999987,0.003299049097613027,0.13170731707317063,0.020618556701030855,-0.0498073555166374
1997-09-30,0.34351963558904797,0.16113985708645662,0.2582893767324359,0.3282169860837245,0.4231550373492139,0.2775616285380893,-1.9910025236823818,-1.9910025236823818,-1.857142857142857,0.0,-0.7275663471689435,0.029133606445029825,-2.6373985100862143,-1.738933030646992,-0.3130990415335463,0.17674546454095652,-0.6332335329341316,-0.6259097525473072,0.4175115207373272,0.31229235880398676,0.008725341426403688,0.06432748538011701,0.05918762088974838,-0.6221264367816092,-0.010101010101010055,-0.12577410793276322
1997-12-31,0.03134789647415004,0.04809727538842612,0.05651345447785472,0.00277688774965279,0.010558243108346854,-0.011269986801230703,-1.976809989542966,-1.976809989542966,-1.9791666666666665,0.0,-3.2981890730509513,0.7876169054102049,3.6518760862897457,-0.9487967229902714,-0.023255813953488413,0.035038542396636396,0.27755102040816326,0.2957198443579767,0.00975292587776333,-0.2708860759493672,1.221887927792403,0.06593406593406592,-0.020087655222790324,0.3079847908745248,-0.010204081632653073,0.04520155169505835
1998-03-31,0.04652016145472326,0.054354831779314994,0.07416531034179386,0.1370753008840131,0.02264351658371644,0.021175224986765384,-0.0012594458438287548,-0.0012594458438287548,0.0,0.0,-0.8046744574290484,0.38741721854304645,-0.016483516483516536,-5.5,0.1071428571428572,-0.10832769126608,0.04472843450479225,0.04504504504504481,0.0212491951062459,-0.11805555555555547,-0.28859174001354093,0.05670103092783507,-0.02292210212448742,0.06976744186046502,-0.020618556701030966,-0.07277715023398423
1998-06-30,0.014161601994701511,-0.007376314288043084,0.001679020434907308,-0.052173098538778606,0.02548575249842111,-0.038361845515811344,0.031525851197982346,0.031525851197982346,0.02127659574468077,0.0,-13.871794871794872,-0.2601431980906921,-1.1363128491620111,1.5555555555555554,0.24731182795698925,-0.024044545684636653,-0.08868501529051986,-0.08620689655172398,0.02080706179066838,-0.04330708661417315,-0.08256007613609329,0.05853658536585371,0.011253099370589492,-0.048913043478260754,-0.042105263157894646,0.04729376957883735
1998-09-30,0.5066169832702687,0.17535000205279805,0.8841782502044153,1.0563296768455381,0.17204651668296922,0.42398921832884096,-7.534229828850855,-7.534229828850855,-4.4375,-4.58695652173913,1.407038512616202,7.340322580645161,-27.647540983606557,-9.91304347826087,1.1206896551724137,-0.31690871369294615,-2.7432885906040267,-2.60062893081761,-0.38851142680667083,-0.32921810699588483,-0.24092323651452285,0.05069124423963123,-0.22218030931723876,0.0,-0.05494505494505497,-0.4284408624485896
1998-12-31,-0.00421983962059691,-0.048309347491965915,0.0005858485039165195,-0.3704825067281815,-0.01106577645895157,0.5500031547731719,-1.1421889616463985,-1.1421889616463985,-1.0666666666666667,-1.0727272727272728,-0.14951724137931033,-0.6615741636047185,-0.9480159950784374,-0.6097560975609756,-0.3252032520325203,-0.26195899772209563,-0.03657362848893175,-0.10019646365422397,-0.014141414141414232,0.2024539877300615,0.0,0.04824561403508776,-0.006789524733268548,0.0,0.12790697674418605,0.5117749672917575
1999-03-31,-0.0430173605776617,-0.05879977977610573,-0.06423212039727633,-0.29200702343690355,-0.01243983246858782,-0.5056582268175527,-0.4157894736842105,-0.4157894736842105,0.27272727272727293,0.16666666666666674,-0.5267596496918585,-0.37828571428571434,1.5236686390532546,-2.2875,0.7951807228915662,0.061213991769547116,0.07492507492507494,0.024017467248908186,-0.01946721311475408,0.07653061224489788,0.0,0.05020920502092041,0.031982421875,0.0,-0.07216494845360821,0.32939083609788944
1999-06-30,-0.018355006154010756,-0.04765433061654256,-0.04433166481275497,-0.0842139314211775,0.01712242055956459,-0.0853096179183136,0.5427927927927927,0.5427927927927927,0.4999999999999998,0.4999999999999998,-0.14119259766963677,-0.5896139705882353,-1.4982415005861665,-1.4660194174757282,-0.1610738255033557,0.3814832767813865,0.0027881040892192566,-0.03198294243070354,0.016718913270637348,0.41232227488151674,0.0,0.04382470119521931,0.03619588360539372,0.0,-0.06666666666666676,0.039927667269439304
1999-09-30,-0.013682948102921921,-0.028663854878997586,-0.02337593055117726,0.03814906393500528,-0.0012446712512057534,0.006121714079942331,-0.8072992700729927,-0.8072992700729927,-0.8095238095238095,-0.8095238095238095,-0.07661612130885875,0.16909294512877948,-0.9058823529411765,-3.0416666666666665,0.3919999999999999,0.10982456140350871,-1.5857275254865617,-1.5969162995594712,-0.0010277492291880241,0.09060402684563762,0.0,0.04580152671755733,0.012557077625571011,-0.02000000000000013,-0.05952380952380942,-0.06433887459136123
1999-12-31,-0.027275741999668424,-0.01783230049323381,-0.014599627560521466,0.13439945559714195,-0.04318160575754748,-0.012258410880458093,-8.030303030303031,-8.030303030303031,-8.25,-8.25,0.3327571305099395,-0.28256704980842917,23.35,-2.826530612244898,-0.514367816091954,-0.2886500158077774,-0.8338607594936709,-0.8302583025830258,-0.04218106995884774,-0.2892307692307692,0.5073454048513837,0.04014598540145986,-0.016459977452085717,-0.7871720116618075,-0.20253164556962033,-0.13421796015462384
2000-03-31,0.01071053154919177,0.03626920765730968,0.0264570262302517,-0.011997600479904058,-0.00963824036990002,0.04837394691548158,-1.1982758620689655,-1.1982758620689655,-1.206896551724138,-1.206896551724138,-0.4247730220492867,0.7823765020026703,-1.6232032854209446,-1.7541899441340782,0.7988165680473374,0.12222222222222223,-0.780952380952381,-0.7826086956521738,-0.010741138560687369,0.17316017316017307,4.7230281051677245,0.03859649122807007,-0.019944979367262694,-0.7808219178082192,0.0,0.04885587944876146
2000-06-30,-0.009528895884866162,-0.009153791989396476,-0.01838623364508918,-0.10675976522971053,0.002334374486273161,0.014862179210230808,2.3097826086956523,2.3097826086956523,2.0,2.0,0.14092446448703488,-0.8142322097378277,-1.8369028006589785,0.9037037037037037,0.8453947368421053,0.26495049504950496,-1.0434782608695652,-1.0,0.0010857763300760048,0.2804428044280445,5.324752475247525,0.04054054054054057,0.011929824561403457,0.0,0.015873015873015817,0.10928738078670563
2000-09-30,-0.006427902488861159,0.02215533818242621,-0.01818045413624092,0.06989917299195647,0.008987732073738819,0.0843763303533418,0.09523809523809534,0.09523809523809534,0.11111111111111116,0.11111111111111116,1.1205533596837944,2.217741935483871,1.7066929133858268,-1.11284046692607,-0.05169340463458105,0.09079524107701942,-174.99999999999997,-inf,0.00433839479392617,0.089337175792507,0.0,0.03571428571428559,0.015487748497457376,6.062499999999999,0.046875,-0.04461089996679102
2000-12-31,-0.07846217563302438,0.016931130377883186,-0.1324724281093197,0.04595510376958911,-0.009525357607282237,0.2785804020100502,-1.6551724137931034,-1.6551724137931034,-1.65,-1.65,-0.2590866728797764,-0.05513784461152882,-0.30472727272727274,4.9655172413793105,-0.34962406015037595,0.08180252583237646,0.9252873563218393,0.9733333333333334,-0.017278617710583144,0.07671957671957674,-0.8426612398246712,0.034482758620689724,0.07489187343501014,0.7256637168141593,0.13432835820895517,-0.02776919511818321
2001-03-31,0.001038325042230337,-8.043111075362042e-05,-0.00998238402818552,0.0008098805426199895,0.013358715987790148,-0.24557848194546794,-2.6270022883295194,-2.6270022883295194,-2.615384615384615,-2.615384615384615,-0.6,-0.5039787798408488,-0.7531380753138075,-1.0520231213872833,0.026011560693641522,0.0785354205359512,0.5104477611940297,0.554054054054054,0.01098901098901095,0.0982800982800982,-0.4781310940422653,0.036363636363636376,0.01228293096145694,0.49743589743589745,0.03947368421052633,-0.0008739522504270791
2001-06-30,0.017013964145276672,0.052927927927928,0.014145907473309682,0.0988266235079911,0.020146401502882716,0.09238909238909243,0.4599156118143459,0.4599156118143459,0.4761904761904763,0.4761904761904763,1.8522012578616351,0.7727272727272727,3.576271186440678,6.444444444444445,0.18873239436619715,-0.08560885608856084,0.2648221343873518,0.30000000000000004,0.019565217391304568,-0.09619686800894844,-0.38381758560207424,0.032163742690058506,0.0029288702928871313,0.23972602739726034,0.05063291139240489,-0.04178760287861305
2001-09-30,0.023244485713850738,0.0650496562261269,0.010907389537093914,0.09757893767835779,0.036639573279146465,0.07004470938897178,0.3208092485549132,0.3208092485549132,0.32258064516129026,0.32258064516129026,0.16813671444321932,-0.31975867269984914,0.5620370370370371,-1.7462686567164178,-0.11848341232227488,-0.15980629539951574,0.3359375,0.3712374581939799,0.036247334754797356,-0.1757425742574258,-0.34492574257425745,0.03399433427762033,0.013141426783479515,0.3149171270718232,0.03614457831325302,-0.029626556016597583
2001-12-31,-0.006813448378458764,-0.0326722375641072,-0.03141452126120914,0.016858173278537336,0.019234303215926563,-0.04199164345403905,-0.08096280087527352,-0.08096280087527352,-0.07317073170731703,-0.09756097560975607,0.24539877300613488,1.0509977827050996,-0.023710729104920003,-2.6399999999999997,0.22043010752688175,0.061479346781940336,0.5976608187134502,0.6170731707317072,0.016460905349794164,0.02402402402402415,-0.21707916115624415,0.03013698630136985,0.026353716285772988,0.7100840336134453,-0.05813953488372081,-0.04870435303172849
2002-03-31,-0.009136934184116763,-0.01267981610559099,-0.02610201887468644,-0.13906301550643352,0.007933169060640566,-0.08344842625572435,-0.7357142857142858,-0.7357142857142858,-0.736842105263158,-0.7297297297297297,-0.9556650246305418,-0.06162162162162166,-1.4389799635701275,-1.475609756097561,-0.08590308370044053,0.0618401206636503,-0.1054172767203514,-0.09200603318250378,0.006072874493926905,0.04398826979472137,-0.34652509652509655,0.0292553191489362,0.01705115346038122,-0.0921375921375922,0.0,0.146806310963276
2002-06-30,0.0009221187568024813,-0.007660533233195599,-0.025452315240723666,0.028453726767579957,0.026563711168087867,0.03243714806883968,1.174174174174174,1.174174174174174,1.0999999999999996,1.0999999999999996,17.376068376068375,-0.26728110599078336,-3.239280774550484,0.5641025641025641,-0.1469879518072289,0.027272727272727115,-0.09819967266775775,-0.07973421926910296,0.026156941649899457,0.022471910112359605,0.12223042836041365,0.03100775193798455,0.025641025641025772,-0.07171853856562926,0.0,-0.0351193509191392
2002-09-30,-0.0058145681361666535,0.0028759554983728286,-0.014159848961611043,0.1587331159757801,0.0018877239857113537,-0.010523889998463654,-0.10635359116022103,-0.10635359116022103,-0.09523809523809523,-0.09523809523809523,0.29674418604651165,-0.16981132075471694,0.06485484867201974,-8.573770491803279,1.305084745762712,-0.23506637168141586,-0.2078039927404719,-0.1931407942238268,0.007843137254901933,-0.2554945054945055,-0.1648568608094768,0.027568922305764243,0.007884615384615268,-0.173469387755102,-0.024691358024691357,-0.13450054840151127
2002-12-31,-0.027647809442790328,-0.03573315221492712,-0.04130226619853172,-0.13168261114237478,-0.015247260710765875,-0.09199596304634738,-1.0231839258114375,-1.0231839258114375,-1.0,-1.0,-0.38665710186513624,-0.07765151515151514,-0.7006960556844548,0.49350649350649345,0.7634803921568627,0.09219088937093267,-0.4329896907216495,-0.42281879194630867,-0.01945525291828787,0.08487084870848705,0.3680063041765169,0.02682926829268295,0.01259301659988532,-0.40740740740740744,-0.025316455696202556,0.11048530930254397
2003-03-31,-0.01773215848018994,-0.041322637448640176,-0.04711013450526036,-0.13008054809739844,0.008242081714352922,0.04864911080711365,-30.666666666666668,-30.666666666666668,-inf,-inf,-0.8730994152046784,0.33675564681724857,-0.04069767441860461,-2.336231884057971,-0.640722724113968,0.02416418404501819,0.06060606060606055,0.07751937984496116,0.008928571428571397,0.04421768707482987,0.7822580645161292,0.028503562945368266,0.026568682871678906,0.07440476190476208,0.0,0.10202874049027888
2003-06-30,0.023873522815835102,0.035266745581452374,0.04035498410258209,-0.011600681140911062,0.010101599906574776,0.09368120668569091,0.8337078651685392,0.8337078651685392,0.846153846153846,0.846153846153846,3.654377880184332,0.09062980030721968,-0.8303030303030303,-1.2093275488069415,0.3733075435203095,0.020361990950226172,0.049523809523809526,0.06115107913669071,0.01671583087512296,0.009771986970684043,-0.03733031674208154,0.025404157043879882,-0.013399412628487428,0.04432132963988922,0.012987012987013102,0.0474035437600675
2003-09-30,-0.03697144810016462,-0.015652722469739366,-0.040267329392799533,-0.06794443846236675,-0.03413492109370486,-0.0022364693603698083,-2.2107843137254903,-2.2107843137254903,-2.25,-2.208333333333333,0.694059405940594,0.023943661971830954,13.0,-2.0155440414507773,-0.276056338028169,0.009819448843839007,-0.8620689655172413,-0.8610169491525423,-0.03481624758220503,-0.006451612903225823,-0.04431760953500086,0.02702702702702675,0.0027906976744187517,-0.8647214854111406,0.025641025641025772,0.056096667887220564
2003-12-31,0.016582249895151113,0.01093487142513827,0.03292857892710921,0.504043438077634,0.0026034653020916565,0.03593843395098628,-2.0283400809716596,-2.0283400809716596,-2.033333333333333,-2.0344827586206895,1.1560490940970194,1.108665749656121,0.4200680272108843,-3.3979591836734695,0.9143968871595332,-0.0643036386449185,4.0,3.975609756097561,0.009018036072144353,-0.029220779220779147,5.549622343228527,0.02412280701754388,-0.013729128014842384,3.784313725490196,0.04999999999999982,-0.3278552111504056
2004-03-31,0.006013772968169739,0.03074606759380316,-0.009316349346161656,0.009601351870343278,0.019520057306590344,0.008943382618103124,-0.06889763779527558,-0.06889763779527558,-0.09677419354838701,-0.06666666666666654,-0.6278124152886961,-0.8088714938030006,-0.692814371257485,0.2191489361702128,0.5823170731707317,0.18035534696614164,0.3894736842105264,0.38725490196078405,0.01787487586891756,0.17056856187290959,-0.7514951591707566,0.0235546038543899,0.013544018058690765,0.34426229508196715,0.023809523809523725,0.020942948519550253
2004-06-30,-0.011088153183703708,-0.023217374591581796,-0.05002906678521357,-0.09677419354838712,0.022249546226359884,0.07155622274644369,0.2315010570824525,0.2315010570824525,0.24999999999999978,0.24999999999999978,-0.05462490895848504,1.621160409556314,2.124756335282651,-2.8900523560209423,-0.6955684007707129,0.022152797500710086,0.19128787878787867,0.204946996466431,0.0204878048780488,0.0028571428571428914,-0.26710554716166635,0.025104602510460206,0.0335931700074239,0.15853658536585358,0.04651162790697683,0.08144704931285363
2004-09-30,0.006028900443395324,0.023021526110739376,-0.04679625629949602,-0.11194407008086249,0.048055444183515705,0.026084056037358305,0.18025751072961382,0.18025751072961382,0.17142857142857149,0.17142857142857149,0.9337442218798151,-0.8919270833333334,0.15159076731129129,-1.548476454293629,1.2531645569620253,0.144484579049736,1.0572337042925275,1.0938416422287394,0.043021032504779955,0.12250712250712259,-0.05227506994551612,0.02244897959183656,0.041838750224457044,1.0342105263157895,0.022222222222222143,0.15198093814240332
2004-12-31,0.08144143572832774,0.14117556547161092,0.10494712990936561,0.1718675898700559,0.06443327139578092,0.08432481633183797,0.3090909090909091,0.3090909090909091,0.3170731707317074,0.3170731707317074,0.05816733067729074,8.927710843373495,-1.238353196099675,2.5723905723905722,1.9868913857677901,0.033988832240835265,0.1298299845440496,0.14985994397759095,0.05591200733272217,-0.010152284263959421,-0.5062150403977626,0.021956087824351433,-0.015684246811444313,0.12031047865459255,0.032608695652173836,-0.02619945654378064
2005-03-31,0.003914209901338506,0.009876626441043701,-0.05639290474725722,-0.13986240388506677,0.04921189094829792,-0.010312987168725307,-0.0011111111111110628,-0.0011111111111110628,-0.01851851851851849,-0.01851851851851849,-0.7729668674698795,-0.21116504854368934,-1.6568181818181817,-1.155042412818096,-0.10313479623824451,0.043672223526649345,0.1094391244870041,0.13885505481120575,0.046875,-0.01025641025641022,-0.1148521082441788,0.0234375,0.04500087550341436,0.11547344110854518,0.021052631578947434,0.17408687684811142
2005-06-30,0.042012266355140104,0.09960279048032317,0.036038972798725144,0.08233744236379037,0.046047319615375226,0.07566945353204901,0.2169076751946608,0.2169076751946608,0.2264150943396226,0.2075471698113207,4.011608623548922,0.34307692307692306,-0.5121107266435987,-6.811550151975684,0.6682977979727367,0.06254218222722141,0.10974106041923548,0.12941176470588234,0.04063018242122718,0.015544041450777257,-0.08247422680412375,0.02099236641221358,0.0038538873994637957,0.11801242236024834,0.010309278350515427,0.01596254123656493
2005-09-30,0.05148759056574681,0.10906717663843613,0.03576422877919172,0.10093896713615025,0.06200734451383538,0.01002534497324703,0.014168190127970659,0.014168190127970659,0.0,0.015625,-0.042356055592322917,-0.23138602520045815,-3.7872340425531914,0.38493723849372374,0.5547873454850198,0.18907474063095497,0.05888888888888899,0.07102272727272729,0.05816733067729074,0.14030612244897944,0.026346377373111185,0.02242990654205612,0.01001502253380071,0.07592592592592595,-0.010204081632653073,0.007401976187982218
2005-12-31,0.04055656995108681,0.05104554412086704,0.049583150504607376,0.07454789544341778,0.03466654920271339,0.09635866837673568,0.16223524109959442,0.16223524109959442,0.1692307692307693,0.15384615384615374,0.048721492743607486,2.6661698956780926,-3.6564885496183206,-1.1703172205438066,-0.06077348066298338,0.014601139601139623,0.047219307450157455,0.060123784261715274,0.03388554216867479,-0.04026845637583887,-0.08871272178180434,0.02376599634369292,-0.005618905965955934,0.051635111876075834,0.010309278350515427,-0.021869476310955482
2006-03-31,0.02801188615928485,0.01591104398322951,-0.011930794957550783,-0.0427721025942529,0.05445101962620802,0.04877676618686744,0.31523846452113213,0.31523846452113213,0.30263157894736836,0.32000000000000006,-0.6385502471169686,-0.40487804878048783,-0.01819923371647514,2.0776053215077606,-0.19913916786226682,0.24061074061074073,0.12625250501002006,0.1359466221851542,0.05899490167516386,0.20046620046620056,0.13960231980116,0.023214285714285854,0.02576034568721952,0.11783960720130926,0.020408163265306145,0.061299695273191235
2006-06-30,0.11331780067529684,0.39072593048292825,0.156973148901546,0.29558541266794625,0.08624031007751931,0.068525703200776,3.112617924528302,3.112617924528302,3.191919191919192,3.1818181818181817,-0.4995442114858706,-13.956284153005464,8.867317073170732,-7.85014409221902,1.703332139018273,0.10581411797991236,1.0129003558718863,1.0146842878120412,0.1251719394773041,0.044660194174757084,-0.06215921483097053,0.022687609075043635,-0.024303305249513962,1.0197657393850657,-0.010000000000000009,0.07341746794871784
2006-09-30,-0.01763731590491968,-0.05131324301907658,0.008383031394171292,0.006340740740740758,-0.03482753493904256,0.0481550401670221,-0.7429390681003585,-0.7429390681003585,-0.7349397590361446,-0.7367149758454106,1.4462659380692169,-1.0134964150147616,-0.43780897765473603,-1.4836979385780396,-0.30477137176938374,-0.06728924139695547,0.027403314917126886,0.02150145772594758,-0.010391198044009675,-0.17100371747211895,-0.5670542635658915,0.022184300341296925,-0.017602125539687763,-0.0025371511417179304,0.030303030303030276,-0.05729215265466081
2006-12-31,-0.008236500341763486,-0.0348351498902294,-0.03397868660380521,-0.04492992580379229,0.009531328224284596,0.062050749112323444,-0.09035136642498609,-0.09035136642498609,-0.054545454545454564,-0.07339449541284415,1.1682799702159343,12.6171875,-0.5710517059444249,-0.3496412263535551,-0.2851015155847869,-0.006720614456178775,0.0019359001935901343,0.002140563681769514,0.011117974058060476,0.0022421524663676085,-0.06982990152193369,0.02170283806343898,0.017917511832318933,-0.026162790697674354,0.02941176470588247,0.010590913590022843
2007-03-31,0.029980357696681503,0.02638995128628374,-0.016431789303453903,-0.05320919908749,0.060634381735299225,0.00819505035267265,0.14868179031269158,0.14868179031269158,0.125,0.15841584158415833,-0.8087225274725275,-0.8393574297188755,-0.8765887658876589,-0.8953527248411902,-0.04173333333333329,-0.07014636840651756,-0.013954486904250718,-0.012103951584193529,0.060476481368356705,-0.08053691275167774,-0.10394610202117416,0.0212418300653594,0.02989040185984715,-0.02947761194029852,0.01904761904761898,0.084067907280444
2007-06-30,0.003635674216824425,-0.0212987114867913,-0.07627939751607504,-0.20050794477728573,0.052582362250035874,0.02616467162730518,-0.06698692287163066,-0.06698692287163066,-0.05982905982905973,-0.06837606837606824,3.6786355475763015,2.9857142857142858,2.8006644518272426,1.047923322683706,-0.08918881313482674,0.15904365904365902,-0.43827563683866755,-0.4270270270270271,0.055299539170506895,0.0948905109489051,0.1310418904403865,0.02079999999999993,0.04869396968719775,-0.44559784698193006,0.028037383177570208,0.22415298900767966
2007-09-30,0.05161512562088166,0.06680961064465052,0.07094497949842671,0.1671418098884092,0.04122531264949081,0.05521182266009861,0.1129862700228832,0.1129862700228832,0.11818181818181817,0.11926605504587151,0.8161933998465081,-0.5779569892473118,0.7473776223776223,-3.982839313572543,0.2920867705468988,0.06700832799487522,-0.018992248062015604,0.002515723270440251,0.04530567685589504,0.011111111111111072,0.8138651471984808,0.020376175548589393,-0.009840098400983988,-0.015256588072122157,0.0181818181818183,-0.08598209013973623
2007-12-31,0.04150552632135085,0.024776001652985657,0.053928115632327245,0.12910880033498495,0.03463778816966112,0.023416492381236997,0.029298380878951535,0.029298380878951535,0.016260162601626105,0.016393442622950838,0.44749630255651796,1.6199575371549892,0.23861930965482747,0.09100418410041833,0.24663040908016076,0.0620797310278578,0.00474120900829722,0.01882057716436636,0.06422976501305477,0.015384615384615552,0.03141361256544495,0.019969278033794113,-0.00667701863354031,0.022535211267605604,0.0,-0.09240169030764678
2008-03-31,0.02239108820485769,0.030739057115624302,0.10216840326668541,0.24661598368255144,-0.022535523978685634,-0.025508156041309293,-0.013732833957553092,-0.013732833957553092,0.02400000000000002,0.024193548387096753,-0.6556707050065684,-0.3525121555915721,-0.5710823909531502,-1.115052732502397,-0.022761760242792084,-0.17897117015262853,-0.011797090051120729,-0.016009852216748666,-0.01815505397448469,-0.22943722943722944,-0.21878172588832479,0.01957831325301207,-0.04392684070658126,-0.0055096418732781816,-0.008928571428571397,-0.17316132858837485
2008-06-30,0.06258620860746422,0.07801468888375163,0.06870560580509988,0.13257970152213794,0.05870041372596746,0.1224910125823846,-0.03974683544303792,-0.03974683544303792,-0.03125,-0.03149606299212604,0.36116998728274696,1.023153942428035,-1.4105461393596987,-2.720833333333333,0.04008152173913038,0.08826769484990349,-0.0079586152009552,-0.02377972465581979,0.05797101449275366,0.1095505617977528,0.06562703053931118,0.019202363367799125,-0.003597122302158251,-0.022853185595567815,0.0,-0.04816900398120583
2008-09-30,0.02797908106088909,0.03901352688881565,0.009324120783226197,0.01567219717200019,0.039936861140484003,0.004036697247706389,0.1307672027418929,0.1307672027418929,0.12903225806451601,0.13008130081300817,0.2721893491124261,-0.17970924837612123,-2.688073394495413,0.3389830508474576,0.051600261267145564,-0.05415664937365561,-0.002005615724027243,-0.012820512820512886,0.04251299008030229,-0.10632911392405076,-0.0810975609756096,0.021739130434782483,0.011650804069576637,-0.004252303330970819,-0.009009009009009028,0.022985907001281225
2008-12-31,0.07752825320687529,0.13439707866952455,0.19714806831371257,0.08228093616654464,0.0031093885851545267,0.05877857522594354,0.006761482863138157,0.006761482863138157,0.0,0.014388489208633004,0.587515299877601,0.5901206636500753,-10.201086956521738,13.980108499095842,0.7346938775510203,-0.42100334448160537,0.0,-0.027272727272727337,-0.001359311282283726,-0.4447592067988668,-0.4399469143994692,0.021276595744680993,-0.06909975669099766,-0.019217081850533835,-0.00909090909090915,0.04814350965080294
2009-03-31,-0.07141050501644042,-0.1298810356892932,-0.19905025722200242,-0.4058144165671047,0.023358307624504082,-0.1627177153616821,-0.5484020379805465,-0.5484020379805465,-0.55,-0.553191489361702,-0.9475713184271396,-0.4451031539008774,-1.8372711163614883,-1.9367455335586672,-0.3969309462915601,-0.253003696857671,-0.14831189710610926,-0.14085447263017348,0.02041742286751358,-0.25,-0.27725118483412325,0.02083333333333326,0.10210838125108901,-0.12191582002902768,-0.02752293577981657,0.4643823581092954
2009-06-30,0.007717450517523261,-0.013993887727199561,-0.015316205533596805,-0.017426273458445052,0.021102497846683832,-0.12443778110944526,-0.5538461538461539,-0.5538461538461539,-0.5555555555555556,-0.5555555555555556,12.882352941176471,0.20940170940170932,-0.9488536155202822,-1.2358247422680413,0.15521628498727735,0.10640272193009603,-0.22038697498820192,-0.21056721056721062,0.020453534904401938,0.08163265306122458,0.25901639344262306,0.020408163265306145,0.01328063241106725,-0.15702479338842978,-0.05660377358490576,0.0034798051309126166
2009-09-30,0.007568249391837201,-0.006199021207177857,0.0030105368790767084,-0.008867667121418843,0.010122311261071326,-0.044520547945205435,-0.367816091954023,-0.367816091954023,-0.3571428571428572,-0.3571428571428572,-0.19279661016949157,-0.3250883392226148,1.5862068965517242,-0.31693989071038253,0.09177679882525691,0.08219178082191769,-0.33656174334140443,-0.329724409448819,0.010457516339869466,0.06289308176100628,0.35807291666666674,0.020000000000000018,0.002496489311905048,-0.276470588235294,-0.07999999999999996,0.0027024441574592384
2009-12-31,0.02289188947509624,0.02183191070256063,0.03926963481740864,0.11011699931176877,0.013778705636743105,0.08781362007168458,0.5272727272727273,0.5272727272727273,0.5000000000000002,0.5000000000000002,-0.07611548556430447,0.3507853403141361,-0.9466666666666667,-0.136,0.07262945527908538,0.10824076466029453,-0.4616788321167884,-0.44787077826725397,0.006899525657610983,0.09467455621301779,0.6452540747842761,0.019607843137254832,-0.008871595330739224,-0.4092140921409214,-0.0652173913043479,-0.07951916426169292
2010-03-31,0.016697263746831004,0.04755020080321293,0.030806257521059033,0.110973341599504,0.008649093904448124,0.04571663920922564,0.5357142857142858,0.5357142857142858,0.5185185185185184,0.5185185185185184,-0.9857954545454546,-0.437984496124031,-44.5,-0.8240740740740741,0.011912225705329238,0.08508158508158514,-0.16779661016949154,-0.16755319148936165,-0.26680942184154177,0.07567567567567557,0.9947552447552446,0.019230769230769384,-0.008008793969849215,-0.1467889908256882,-0.023255813953488413,-0.057082890679656995
2010-06-30,0.8181427343078247,0.16500536727495785,0.7933691337847304,0.8722098214285714,0.8325847284605961,0.32886963371406064,-0.2790697674418605,-0.2790697674418605,-0.4390243902439024,-0.4390243902439024,29.6,6.855172413793103,0.7183908045977012,-37.578947368421055,-0.43060718711276336,-0.032867883995703395,-0.1670061099796334,-0.16613418530351431,0.8241822429906542,0.3216080402010051,0.15366637452527043,0.018867924528301883,0.007915149596327442,-0.08333333333333326,-0.09523809523809523,-0.37774113767518536
2010-09-30,0.062284227949869875,0.14650519942082396,0.13331597448248922,-0.09508196721311479,0.02176173499702916,0.20865441612329572,1.7419354838709675,1.7419354838709675,1.5652173913043477,1.5652173913043477,1.7450980392156863,-0.4451273046532046,1.9130434782608696,-1.9884892086330934,0.7475516866158869,-0.02465570857396726,0.3105134474327629,0.29118773946360155,0.0214537303874478,-0.4638783269961977,0.02000506457330964,0.0185185185185186,-0.038008481231349145,0.32551319648093835,-0.013157894736842146,0.26695813460519324
2010-12-31,0.023328287774908807,-0.000344431687715252,-0.0005743825387708457,0.033926218708827394,0.024932761503234646,0.08460029426189308,0.3137254901960784,0.3137254901960784,0.3220338983050848,0.3220338983050848,-0.3380952380952381,-0.2721518987341772,-0.9747416762342136,-1.2183406113537119,-0.09339975093399755,0.13869278068777047,0.24440298507462677,0.2314540059347181,0.017868338557993635,0.1134751773049647,-0.17254220456802394,0.0181818181818183,0.0014693877551019696,0.24557522123893816,-0.013333333333333308,-0.03314859353759281
2011-03-31,0.022230923170625694,0.03881934076030791,-0.002988505747126391,0.0,0.03319148936170202,0.02306127063079355,0.13731343283582098,0.13731343283582098,0.1282051282051282,0.11538461538461542,-0.7266187050359711,-0.22608695652173916,-2.8181818181818183,1.08,-0.2142857142857143,0.29000000000000004,0.14242878560719663,0.13734939759036147,0.03233754234678177,0.2675159235668789,-0.03720372037203701,0.017857142857142794,0.01075970003260518,0.15275310834813483,-0.013513513513513487,0.03882760112481076
2011-06-30,0.002425841596799483,-0.02576008844665556,-0.03573899008531245,-0.0993947116916215,0.02539813289401427,0.0477348066298342,-0.11286089238845143,-0.11286089238845143,-0.11363636363636365,-0.11494252873563215,3.223684210526316,-0.2134831460674157,5.375,-0.33653846153846156,-0.18094405594405594,0.1260465116279068,0.19816272965879267,0.19915254237288127,0.021778042959427202,0.09045226130653261,-0.08382673730134016,0.01754385964912264,0.022903225806451655,0.13559322033898313,0.0547945205479452,0.08176297067499583
2011-09-30,0.03383714018850292,0.06003177485247391,0.026781444285031153,0.06048814998231333,0.04070156647476231,0.09217464669900854,1.088757396449704,1.088757396449704,1.076923076923077,1.0909090909090908,-0.11214953271028039,0.9321428571428572,-1.5137254901960784,-0.3526570048309179,-0.1430096051227321,-0.13190141814677125,0.30339539978094177,0.3180212014134276,0.040000000000000036,-0.1520737327188939,-0.2874149659863946,0.017241379310344973,0.0066225165562914245,0.26594301221166883,0.038961038961039085,-0.00044913541432756166
2011-12-31,0.02036877335633025,0.04881704314313251,0.03435025617140197,0.1681120747164777,0.012865045670912068,0.04036307454615673,-0.5552407932011332,-0.5552407932011332,-0.5617283950617284,-0.546583850931677,1.8947368421052633,0.31977818853974127,0.022900763358778553,-2.843283582089552,0.30759651307596503,-0.16447264076130053,-0.03865546218487392,-0.030831099195710365,0.010387422796181989,-0.19565217391304357,-0.3761336515513126,0.016949152542372836,-0.00736215538847107,-0.060021436227224,0.02499999999999991,-0.10212793272779797
2012-03-31,0.028615124562321403,0.038174951515770106,0.03298435213328821,0.10251284980011421,0.0280071129175663,-0.005940226471134236,0.20700636942675166,0.20700636942675166,0.21126760563380276,0.17808219178082196,-1.092121212121212,-0.20448179271708689,1.7686567164179103,-2.093117408906883,-0.2571428571428571,-0.11560364464692474,-0.027097902097902193,-0.022130013831258677,0.02584051125312592,-0.1283783783783784,-0.1040550879877582,0.016666666666666607,-0.0006312135079691306,-0.04104903078677313,0.024390243902439046,-0.05833780160857904
2012-06-30,0.02464981610454653,0.02713597483040009,0.027571926765475263,0.09738409738409737,0.023352072650892675,-0.005415499533146573,0.158311345646438,0.158311345646438,0.16279069767441867,0.16279069767441867,-3.6315789473684212,0.181338028169014,0.3045822102425877,-1.0444444444444445,0.01538461538461533,-0.11032410388495384,0.03144654088050314,0.02970297029702973,0.020855904658721558,-0.131782945736434,-0.10845431255337334,0.016393442622950838,-0.001263224380230521,0.02853745541022601,0.0,-0.0640018221159322
2012-09-30,0.021689323354207923,0.07973580932325075,0.027150281047831237,0.06962473448194473,0.018593419861153038,-0.01840030041306795,-0.3644646924829157,-0.3644646924829157,-0.37,-0.37,3.115,-0.02086438152011927,-0.9028925619834711,16.916666666666668,0.2714646464646464,0.07310012062726168,-0.24825783972125437,-0.25,0.0183072433006104,0.05357142857142838,0.014367816091954033,0.01612903225806428,-0.0030039525691698543,-0.23352601156069364,-0.023809523809523836,0.009449649186843434
2012-12-31,-0.0025041112273882504,-0.07650709219858154,-0.027258647392875535,-0.09002647837599298,0.011616191548627919,0.042846212700841546,-0.2329749103942652,-0.2329749103942652,-0.2222222222222222,-0.23809523809523814,0.07897934386391259,-0.0487062404870624,-6.446808510638298,-0.9627906976744186,0.00794438927507457,-0.02495503597122306,-0.0892236384704519,-0.08608058608058611,0.006513809275664473,-0.0423728813559322,0.2719546742209633,0.015873015873015817,0.014272121788772463,-0.07390648567119151,-0.012195121951219412,0.014825231016472484
2013-03-31,0.017422908314286722,0.040126715945089764,0.033435940982910584,0.09020368574199811,0.009080789735778305,-0.0407190022010272,0.24766355140186924,0.24766355140186924,0.22448979591836737,0.25,-0.5653153153153153,-0.36639999999999995,-1.390625,9.75,0.08472906403940894,0.03712243486280831,-0.0992366412213741,-0.1002004008016032,0.00906031581672262,0.026548672566371723,0.12397921306607285,0.015625,-0.008286429018136254,-0.07980456026058635,-0.012345679012345734,-0.04592422502870264
2013-06-30,0.007218089415923945,0.008767881864328642,-0.00133525061626949,0.002669039145907437,0.011843938690199618,0.049139579349904317,-0.101123595505618,-0.101123595505618,-0.09999999999999987,-0.09999999999999987,0.7927461139896372,0.17676767676767668,-3.03,-0.7441860465116279,0.019981834695731227,0.01645175633614948,-0.1765536723163842,-0.1737193763919822,0.009235505387378273,0.008620689655172376,0.11426684280052846,0.01538461538461533,0.004571969099795181,-0.17345132743362834,-0.012499999999999956,0.006099838167558769
2013-09-30,0.026471663619743957,0.05279048490393423,0.03681991154993325,0.042369121561668166,0.02111544640807894,0.05467468562055777,0.4208333333333334,0.4208333333333334,0.4259259259259258,0.4259259259259258,0.5606936416184971,-0.05150214592274682,0.9507389162561577,10.136363636363637,0.21816562778272486,0.05643044619422577,0.04802744425385952,0.04851752021563338,0.02058973055414315,0.05128205128205132,0.27267338470657965,0.015151515151515138,-0.005178907721280601,0.036402569593147804,0.012658227848101333,0.009981027798399822
2013-12-31,-0.004986820545700654,-0.018423568262796564,-0.005852593988691646,-0.025750159608427303,-0.004663969431332848,0.01261448073267668,-0.2727272727272727,-0.2727272727272727,-0.2727272727272727,-0.2727272727272727,-0.0712962962962963,-0.18778280542986425,0.5252525252525253,-0.8734693877551021,0.02266081871345027,0.11076604554865432,0.022913256955810146,0.020565552699228773,0.009215442092154635,0.08943089430894324,0.04564508616674434,0.01492537313432818,0.00031550717778827675,0.012396694214876103,0.012499999999999956,0.007513884351519229
2014-03-31,-0.0013603493950025136,-0.0025675077467905982,-0.012672121333067277,-0.011358671909130647,0.0047422796815896895,-0.02201365187713311,0.32258064516129026,0.32258064516129026,0.3392857142857142,0.3214285714285714,-0.6979062811565304,0.013927576601671321,-0.7715231788079471,-7.419354838709677,-0.14224446032880633,0.09133271202236726,0.0464,0.04785894206549113,0.007403751233958422,0.07462686567164178,0.055679287305122394,0.014705882352941124,0.0061504494559216916,0.03265306122448974,0.012345679012345512,0.00891699092088194
2014-06-30,0.013657872096357826,0.02494230427835964,0.013239009600808593,0.01524524966858154,0.013485418890824219,0.0355958820450184,0.07621951219512191,0.07621951219512191,0.08000000000000007,0.08108108108108114,0.29702970297029707,-0.11538461538461542,-0.2246376811594203,-0.8140703517587939,-0.03083333333333338,0.1784799316823229,0.08868501529051986,0.08894230769230771,0.015678588926996584,0.17361111111111116,0.11561181434599166,0.01449275362318847,-0.00015673981191222097,0.07707509881422925,0.012195121951219523,0.009521131287160589
2014-09-30,0.012908017116384451,0.022863081319823397,0.033113903849990134,0.07986942328618074,0.0025503132449964383,0.05307497893850033,0.062322946175637384,0.062322946175637384,0.061728395061728225,0.07499999999999996,1.6921119592875318,0.9254658385093169,2.635514018691589,-2.243243243243243,0.039552880481513286,0.01739130434782621,0.022471910112359605,0.022075055187638082,0.008200675349734565,0.0,-0.07488653555219371,0.01619047619047609,-0.010346449286722126,0.005504587155963359,0.012048192771084265,-0.052767718572167666
2014-12-31,0.0064590461559947965,0.019812039624079292,-0.025197914655338827,-0.06549778315195487,0.029972902726317585,0.0616000000000001,0.768,0.768,0.7558139534883721,0.7674418604651163,0.13327032136105865,-0.4306451612903226,-0.21593830334190234,10.543478260869565,0.43920595533498763,-0.1749287749287749,0.302197802197802,0.306695464362851,0.025358851674641247,-0.1775147928994083,-0.19991823385118568,0.015932521087160145,0.023443687628702747,0.27737226277372273,0.023809523809523725,0.09129101373776405
2015-03-31,-0.06594512089360671,-0.11124948111249477,-0.10735862137268493,-0.19495363381496655,-0.043651006711409424,-0.307611152976639,-1.8883861236802413,-1.8883861236802413,-1.8940397350993377,-1.888157894736842,-0.786488740617181,-0.3286118980169972,-0.521311475409836,-1.2523540489642184,-0.07701149425287357,0.023653314917126966,-0.5337552742616033,-0.5289256198347108,-0.04386374241717228,-0.007194244604316502,-0.22687787429739392,0.01568265682656822,0.02383531960996743,-0.51,-0.03488372093023262,0.10398059747459198
2015-06-30,-0.03372205303424203,-0.07164876226062589,-0.08787307222900254,-0.16581837664077148,-0.006456321580956659,-0.13626469307792777,-0.6808149405772496,-0.6808149405772496,-0.6814814814814816,-0.6814814814814816,1.26953125,-0.2573839662447257,-0.7191780821917808,-3.7388059701492535,0.2285180572851806,0.0983302411873841,-0.6719457013574661,-0.6666666666666667,-0.009272816007808604,0.1521739130434785,1.3516192994051552,0.015440508628519423,0.02826908541194273,-0.6443148688046647,-0.06024096385542166,0.11287791610001041
2015-09-30,-0.02313782765777539,-0.03541960152948276,-0.03770830799172853,-0.0629415542710341,-0.015991410973611342,-0.045866935483870996,-0.1542553191489362,-0.1542553191489362,-0.16279069767441867,-0.16279069767441867,-0.2633390705679862,0.7045454545454546,0.2682926829268293,-0.8092643051771117,0.03547896604156109,-0.17920761670761676,-2.0551724137931036,-2.0736842105263156,-0.016502463054187233,-0.16981132075471694,1.5036537380550872,0.015205724508050134,0.007350779182593303,0.0,-0.08974358974358987,0.029360155417684997
2015-12-31,-0.05256531318854263,-0.03317337784268726,-0.02692453545695872,-0.04900616860863605,-0.06408636729068562,-0.1035393555203381,5.484276729559748,5.484276729559748,5.527777777777779,5.527777777777779,0.24065420560747675,-0.36,-0.17307692307692313,3.0142857142857142,0.13754282917278515,-0.058185219831618284,6.431372549019608,6.529411764705881,-0.06786877034810923,-0.045454545454545525,0.0,0.01497797356828201,-0.012259194395796924,0.0,-0.14084507042253513,0.01665093908861226
2016-03-31,-0.047508305647840476,-0.0536253776435045,-0.021304234866199034,-0.11279279279279275,-0.0600687200883544,-0.21331761932822624,-0.04849660523763333,-0.04849660523763333,-0.05531914893617018,-0.05531914893617018,-1.1864406779661016,-1.3177083333333333,1.2093023255813953,-1.4697508896797153,-0.05679862306368333,-0.1426301152165277,0.2436235708003518,0.24739583333333348,-0.06018269747447613,-0.07936507936507942,0.0,0.01475694444444442,-0.01315011820330958,0.0,-0.08196721311475397,0.06671058147194442
2016-06-30,-0.11410010463899545,0.07159958955649293,-0.15675603928855852,-0.050365556458164096,-0.09373980024805795,-0.09812734082397001,-0.07135575942915395,-0.07135575942915395,-0.06306306306306309,-0.06306306306306309,-37.13131313131313,-3.459016393442623,17.0,-14.015151515151516,0.7837591240875912,0.029657089898053712,0.38613861386138626,0.3872651356993737,-0.07261292166952538,0.09482758620689657,0.0,0.014542343883661157,0.023057343913759576,0.0,-0.0535714285714286,0.12841744793128607
2016-09-30,-0.04075003691126533,-0.042238536014469585,-0.01558318904454592,-0.04875962360992303,-0.052150111647338515,-0.02284053156146182,-0.5290889132821075,-0.5290889132821075,-0.5192307692307693,-0.5192307692307693,-0.9667318982387476,-1.4066666666666667,-0.7929824561403509,-1.10128055878929,-0.04450127877237853,0.08280828082808278,0.16632653061224478,0.16177577125658416,-0.040690505548705236,0.16535433070866135,0.0,0.014333895446880351,-0.012000585394409513,0.0,-0.05660377358490576,0.00686550085818749
2016-12-31,-0.02344671899851214,0.018329260164407835,0.006875599616245509,0.03597122302158273,-0.0382247891177141,0.024224394390140347,-0.027972027972028024,-0.027972027972028024,-0.020000000000000018,-0.020000000000000018,4.310924369747899,2.7868852459016393,-0.9265536723163842,-5.804597701149425,0.22376873661670227,0.21404821280133013,-0.1290463692038495,-0.13277202072538874,-0.04370179948586117,0.2702702702702702,0.0,0.01413133832086455,-0.015108872759591163,0.0,-0.040000000000000036,-0.01704671788917167
2017-03-31,-0.01880844804034887,-0.022144649285480544,-0.027314594251230728,-0.07552083333333337,-0.014617572692793956,-0.06141078838174274,-0.6906474820143884,-0.6906474820143884,-0.6938775510204082,-0.6938775510204082,-1.2579113924050633,-1.329004329004329,3.3076923076923075,-1.4186602870813396,-0.07655293088363957,0.04176651831564526,-0.27373179306880957,-0.27333831217326365,-0.01512096774193561,0.09042553191489366,0.0,0.013934426229508245,0.004361558129041709,0.0,0.02083333333333326,0.05775755900168389
2017-06-30,-5.3544656243298405e-05,0.014167782240071425,0.026612244897959103,0.15774647887323945,-0.013150509181300563,0.06277630415561442,0.3875968992248062,0.3875968992248062,0.3999999999999999,0.3999999999999999,-0.6073619631901841,-1.3289473684210527,-0.5714285714285714,-0.7457142857142858,-0.02108005684509706,-0.051922444955635805,-0.36929460580912865,-0.37512846865364846,-0.014329580348004023,-0.03902439024390236,0.0,0.013742926434923142,-0.013177598083258357,0.0,0.020408163265306145,-0.1240346916953784
