Quarter end,Assets,Current Assets,Liabilities,Current Liabilities,Shareholders equity,Revenue,Earnings,Earnings available for common stockholders,EPS basic,EPS diluted,Cash from operating activities,Cash from investing activities,Cash from financing activities,Cash change during period,Cash at end of period,Price,ROE,ROA,Book value of equity per share,P/B ratio,P/E ratio,Cumulative dividends per share,Equity to assets ratio,Net margin,Asset turnover,Current ratio
1994-01-29,0.07181026013412506,0.0946243754604621,0.1486658559267473,0.14520176082171687,0.009476473204788505,0.12603290434954895,1.814177852348993,1.814177852348993,1.8000000000000003,5.0,0.2813542718951847,0.08783124390060815,1.5335375556970083,-1.351716861691924,-0.8383387609053994,-0.04854368932038833,-0.0426179604261796,-0.015368852459016424,0.008450704225352101,-0.22356495468277948,0.03501228501228493,inf,-0.05813111191597253,-0.02777777777777779,0.004366812227074135,-0.04415698311773719
1994-04-30,0.07181026013412506,0.0946243754604621,0.1486658559267473,0.14520176082171687,0.009476473204788505,0.12603290434954895,1.814177852348993,1.814177852348993,1.8000000000000003,5.0,0.2813542718951847,0.08783124390060815,1.5335375556970083,-1.351716861691924,-0.8383387609053994,-0.04854368932038833,-0.0426179604261796,-0.015368852459016424,0.008450704225352101,-0.22356495468277948,0.03501228501228493,inf,-0.05813111191597253,-0.02777777777777779,0.004366812227074135,-0.04415698311773719
1994-07-30,0.12727287219309624,0.16314906198841417,0.23769191805960355,0.06849209755847552,0.02536927409621237,0.12603290434954895,1.814177852348993,1.814177852348993,1.8000000000000003,5.0,0.2813542718951847,0.08783124390060815,1.5335375556970083,-1.351716861691924,1.82392439691619,-0.217687074829932,-0.0426179604261796,-0.015368852459016424,0.022346368715083775,-0.22356495468277948,0.03501228501228493,inf,-0.09055950778696409,-0.02777777777777779,0.004366812227074135,0.08858610881732254
1994-10-29,0.08293590047267707,0.12094978913508747,0.12601473291558762,0.14235349138396236,0.034946899546348,0.13670536228112296,0.20360709494708606,0.20360709494708606,0.2142857142857142,5.0,-0.817287018013283,-0.5125940238768891,-0.692005715811127,-0.331469866375784,0.43179216204315285,0.0565217391304349,-0.0426179604261796,-0.015368852459016424,0.03551912568306004,0.035019455252918386,0.03501228501228493,inf,-0.04418604651162783,-0.02777777777777779,0.004366812227074135,-0.0187534240802395
1995-01-28,-0.0995899659175492,-0.14053564223192527,-0.2957869837997581,-0.10419684659150552,0.13820146014919232,0.4622163891289486,3.7123219814241484,3.7123219814241484,3.5882352941176467,5.0,-19.544848326359833,0.902449384114399,-6.317426328132966,3.9149500305935145,1.4822241358100627,0.15637860082304522,-0.0426179604261796,-0.015368852459016424,0.12664907651715018,0.11654135338345872,0.03501228501228493,inf,0.2641008626410086,-0.02777777777777779,0.004366812227074135,-0.04054286205119384
1995-04-29,0.054111526050542036,0.08102330875776675,0.08999686952696018,0.025094918908784125,0.027202015011071223,-0.35648865904354443,-0.9212656364974245,-0.9212656364974245,-0.9230769230769231,5.0,-1.3582644132805946,-0.5682071891047109,-1.2792245148423718,-2.1408830608349243,-0.6812617702448212,0.05693950177935947,-0.0426179604261796,-0.015368852459016424,0.023419203747072626,-0.06397306397306413,0.03501228501228493,inf,-0.025546806649168974,-0.02777777777777779,0.004366812227074135,0.05452103849597134
1995-07-29,0.0771373882356583,0.10420583989421717,0.12528525964449266,-0.005892943899859948,0.03882535692337141,0.11417869272130976,1.921562082777036,1.921562082777036,2.0,5.0,-0.42280518764883,0.42416408135125816,0.3226770139413502,-1.033717673589641,0.07206716940060631,0.04377104377104368,-0.02013778484366724,-0.015368852459016424,0.03432494279176179,0.021582733812949728,0.03501228501228493,inf,-0.035553959418207826,-0.0023809523809524835,0.013043478260869712,0.11074794125137943
1995-10-28,0.1725997170784357,0.2278413148325149,0.334847434478049,0.2728203123203239,0.03275155255498974,0.09973117121994135,0.15891694276248147,0.15891694276248147,0.16666666666666674,5.0,0.7429506631661495,0.6105530678930171,0.6963316804693787,-0.014023732470334394,0.06627991298042057,0.19354838709677424,-0.019469983775013633,-0.015368852459016424,0.030973451327433787,0.15140845070422548,0.15311572700296727,inf,-0.11934462856078953,0.0023866348448688957,-0.01716738197424894,-0.035311652080865064
1996-02-03,-0.1288218674473227,-0.19110823197192606,-0.3534017006565433,-0.10487229755978567,0.12137663429265566,0.5043156251922873,3.190950315457413,3.190950315457413,3.0476190476190474,5.0,-4.142001995344197,0.5864141869552149,-3.1611086454140587,-2.8654266958424506,-0.11595484221980412,-0.027027027027027084,0.01709873138444573,0.03850156087408951,0.11373390557939911,-0.05504587155963303,-0.05867215645908397,inf,0.28731501057082465,0.014285714285714235,0.02183406113537112,-0.09634354078358365
1996-05-04,0.4960246321202222,0.6700559272238151,1.2349800799996804,-0.05176677196984225,0.021328972903040366,-0.3618499581667751,-0.9151788864582598,-0.9151788864582598,-0.9176470588235294,5.0,-1.3648391193903473,-0.4852690413035241,-3.198769200263439,-142.36070381231673,2.039003000230787,0.286111111111111,-0.04121475054229928,-0.11923847695390777,-0.07899807321772645,0.15533980582524265,0.2170585019136142,inf,-0.31729348004598457,-0.023474178403755874,-0.09829059829059827,0.7612116961115252
1996-08-03,0.34375806406116305,0.17860038257128164,0.25136329665692836,0.7206971793507184,0.47364108647734326,0.6065163491429919,-3.3785357737104826,-3.3785357737104826,-3.2857142857142856,5.0,-0.2676325534565436,21.817981043526274,-0.8067513511076184,-1.9579205045224461,-0.4142112191170514,0.21814254859611237,-0.3733031674208146,-0.40045506257110364,0.4728033472803346,0.3221288515406162,0.20889487870619927,inf,0.0964637960067356,-0.36057692307692313,-0.06161137440758291,-0.31504667081518367
1996-11-02,0.24346747088555043,0.3500038214441463,0.4505004322076882,0.603994816265051,-0.003668632594376442,0.11807697818111262,-0.6480121254517897,-0.6480121254517897,-0.6875,5.0,2.4597585981918164,-1.036279606231575,1.5527407876535393,-1.0592693976905552,0.5913314031372887,0.09397163120567376,-0.36371841155234663,-0.41555977229601515,-0.007102272727272707,-0.2563559322033898,0.4775176514306949,inf,-0.19855199648968835,-0.368421052631579,-0.07575757575757569,-0.15833272766916195
1997-02-01,-0.16810754741401135,-0.22862161982149998,-0.3612891278351612,-0.11834508929776588,0.16761188076778888,0.8432323186447606,-31.44286187479298,-31.44286187479298,-27.8,5.0,-3.1516510752362286,-3.2339928857269897,-2.9988574562405743,-1.495542239111371,-0.18414120841819415,0.01944894651539708,1.116312056737589,1.1071428571428572,0.15879828326180245,0.025641025641025772,0.392605633802817,inf,0.40350396934026844,0.8869047619047619,0.12021857923497259,-0.12508095505375405
1997-05-03,0.11950893759728465,0.15036189259140142,0.24041127791023698,-0.10330294732606049,0.00457420995916924,-0.4765151935148054,-1.0795804454502922,-1.0795804454502922,-1.0746268656716418,5.0,-1.646038031144847,0.4612131163855302,-1.7484868973311252,-0.026249815661406828,-0.2197776594328319,0.19038155802861678,-0.22855227882037532,-0.21109399075500768,0.0037037037037037646,0.0277777777777779,-0.4493407982662091,inf,-0.10278915545153111,-0.20504731861198733,-0.009756097560975618,0.2828661666008685
1997-08-02,0.0986928587253526,0.12017195971969286,0.18007347958796727,0.07038866327638149,0.003166935442677765,0.049509644059078095,-1.106644790812141,-1.106644790812141,-1.1,5.0,-0.46353316246190523,0.21790506027378598,-0.3519960201783937,-1.3038013024382855,0.08557655390128405,0.17963272120200324,0.0842745438748913,0.0625,0.002460024600245969,0.17567567567567544,0.35126270908494606,inf,-0.08695652173913049,0.09920634920634908,-0.03448275862068961,0.04650715494691493
1997-11-01,0.12897109343397006,0.16300001507646278,0.2172716535723429,0.11965482825723361,0.0070441898527005,0.07287859227390814,3.0999999999999996,3.0999999999999996,3.0,5.0,-0.21561915771790863,-0.12707954704319868,-0.19008848842377468,0.09571286141575275,0.08637560419695833,0.10302858760260403,0.033653846153846256,0.03308823529411775,0.006134969325153339,0.0988505747126438,-0.02475728155339818,inf,-0.10785714285714287,0.05776173285198549,-0.020408163265306145,0.038706120198493066
1998-01-31,-0.05477227742064339,-0.20240802810470415,-0.3838812145132253,0.0689975883508187,0.49453422842836847,2.234087658585961,26.914634146341463,26.914634146341463,18.25,5.0,-7.373038261810729,0.7377001921844972,-5.11427074758662,1.0154686078252957,0.5089166214505336,0.13240954580446518,-0.14031007751937985,-0.08896797153024905,0.17439024390243918,0.12552301255230125,0.054006968641115094,inf,0.5809981318388047,-0.2764505119453925,0.2552083333333335,-0.25387500884705216
1998-05-02,0.06661719292640034,0.09253670966541883,0.11968155720605367,-0.22009145807473518,0.030105109314073175,-0.6199459348670253,-0.9908480917655229,-0.9908480917655229,-0.987012987012987,5.0,-1.2433874383008245,-0.3819284437153232,-1.3202273191178047,-3.2103837471783296,-0.23474133384475238,-0.06231588488556539,-0.02524797114517585,0.03515625,0.012461059190031154,-0.2007434944237918,0.32042502951593854,inf,-0.03426738690074271,0.037735849056603765,0.004149377593360981,0.4008726996774805
1998-08-01,0.11066880690602998,0.15081788098079607,0.24408650582849134,0.30631424519297656,0.010884997189606338,0.0006899047979964656,6.96328029375765,6.96328029375765,5.0,5.0,-0.25042868913913285,0.5807461751811756,0.01902784439451688,-1.764501633986928,0.23450911597017732,-0.10802319961333995,-0.04532839962997226,0.0,0.009230769230769154,-0.11860465116279062,-0.2047567954220315,inf,-0.08984443279147003,0.013636363636363669,-0.016528925619834767,-0.11904117009750814
1998-10-31,0.17101019157847408,0.24325302580579833,0.3617315027158732,0.2091036838544995,-0.004537323851489861,0.039524439535363554,-3.5717798954810944,-3.5717798954810944,-3.5,-3.5,0.5978985313487231,-0.2936759489849823,0.42168988090445736,3.1099385519636655,0.7807298010556232,-0.26171769168247083,-0.27131782945736427,-0.2566037735849057,-0.005081300813008172,-0.2691292875989446,-0.3035754441196312,inf,-0.14979834837718464,-0.23318385650224216,-0.02941176470588225,0.02824750192159886
1999-01-30,-0.156909218041972,-0.22873701588651274,-0.3626263920436241,-0.2891691020899564,0.10211031528377035,0.9734258254878081,-7.345804446569447,-7.345804446569447,-7.466666666666667,-7.266666666666667,-3.8092543585103282,0.09939099310860633,-2.7703131262088556,-0.813728995352163,0.08166726042037764,-0.26128440366972483,0.1702127659574466,0.17005076142132003,0.0980592441266599,-0.2563176895306859,-0.058120762027768724,inf,0.3069798960921617,0.3508771929824561,-0.1341991341991342,0.08499345916651091
1999-05-01,0.0490931807900421,0.06289512610706471,0.1051321021307845,0.1259248468825349,0.008287489148846472,-0.4534387467775709,-1.0350449245606435,-1.0350449245606435,-1.0309278350515463,-1.0319148936170213,-1.1420503181284691,-0.140528195534391,-1.2371809068225776,-1.5890769499214796,-0.04447606249835323,0.2980625931445604,-0.07272727272727264,-0.0780911062906724,0.006511627906976791,0.17961165048543704,0.04148097360301661,inf,-0.038886968544763145,-0.06926406926406925,-0.010000000000000009,-0.055978504254366235
1999-07-31,0.0784632989203835,0.09427538013925219,0.1793363691132699,0.18634222828993985,-0.0020441437714452393,0.006554825076563242,0.18677774791722657,0.18677774791722657,0.3333333333333335,0.3333333333333335,0.4230446667080823,0.16873498233215556,0.49647774077417073,-4.338270142180095,0.1553839790431546,0.019135093761959432,-0.13970588235294124,-0.14117647058823546,-0.007393715341959317,0.012345679012345512,0.06912442396313367,inf,-0.074626865671642,-0.13953488372093026,-0.005050505050505083,-0.07761640636403455
1999-10-30,0.1578715745918633,0.2330866188177021,0.32087569583869735,0.37745418794904606,-0.008137826768051748,0.0751020109657754,2.3994565217391304,2.3994565217391304,2.5000000000000004,2.5000000000000004,0.24663036004671102,-0.10828657120743035,0.11396898246684373,-0.14924578527063004,0.11441527446300714,-0.27938415321066457,-0.002849002849002691,-0.008219178082191636,-0.009310986964618184,-0.27235772357723576,-0.17949507389162556,inf,-0.14341235911387473,-0.0108108108108107,0.0050761421319796,-0.1047988289749574
2000-01-29,-0.18274291518780283,-0.25860822847211773,-0.40150474087193166,-0.16010398818316096,0.10213694161411269,0.8477159594730861,-8.944244604316546,-8.944244604316546,-8.642857142857142,-8.5,-5.571459838038958,-0.0969159410855236,-4.024222056260891,-0.6924280350438048,0.031577932925000995,-0.07295466388744143,0.1299999999999999,0.1408839779005524,0.09680451127819545,-0.06703910614525144,-0.08555347091932453,inf,0.3486842105263157,0.11475409836065587,0.02020202020202011,-0.11728831536149897
2000-04-29,0.04873231591794891,0.06947031062900622,0.13056079646247243,-0.1262461977427043,-0.0070796623545645865,-0.4562385356863645,-1.110490612867792,-1.110490612867792,-1.1121495327102804,-1.1142857142857143,-1.4381960070857471,0.11581666366312238,-1.4659437946050065,-14.410647677178705,-0.4105172467483936,-0.25688589094997183,-0.11630847029077118,-0.11380145278450371,-0.006855184233076295,-0.32335329341317365,-0.3541239228559705,inf,-0.05315391084945342,-0.11274509803921573,0.0,0.22399118854510847
2000-07-29,-0.045113916323282544,-0.3006848985758668,-0.04075244490729102,-0.4017834858485325,-0.04850107447914487,-0.29454859724776394,3.7566972755558927,3.7566972755558927,3.666666666666667,3.666666666666667,-0.21958350632607126,-0.5549125168236877,-0.12461520115539026,-1.0782846161626378,0.05451760023948293,-0.02344931921331317,-0.6752503576537912,-0.6666666666666666,-0.049180327868852514,-0.017699115044247593,0.09339263024142319,inf,-0.0035530289571860108,-0.6574585635359116,-0.034653465346534684,0.16901178010471218
2000-10-28,-0.03379487900751088,0.3081017038225109,0.33763640787905635,0.5811833296995244,-0.32460085487482193,0.03525245653603726,5.38200992357887,5.38200992357887,5.410714285714285,5.3392857142857135,-0.08626820704369687,0.9721802237677653,-0.0747167031614212,-4.999677002583979,-0.2067796610169491,0.05809450038729658,-14.515418502202643,-14.311475409836063,-0.3257713248638838,0.11711711711711703,2.450900639163277,inf,-0.3009449099661258,0.0,0.0,-0.17270818754373696
2001-02-03,-0.25071589564819574,-0.2076140735876878,-0.48878741092821243,-0.44674997914634496,0.11844003862293095,0.1325612308195694,-1.2380442880070397,-1.2380442880070397,-1.2311977715877438,-1.2309859154929577,-2.609514237034676,-8.621159153633855,-3.8789812042989644,0.3600096907049988,-0.3545324407393373,-0.2035139092240117,0.16036505867014328,0.14532019704433496,0.10228802153432026,0.17741935483870974,0.0,inf,0.49247640907931656,0.0,-0.1794871794871794,0.4322449670106583
2001-05-05,0.020767051260379032,0.0174646341385849,0.0305786028857149,-0.003067748943057391,0.013813143179868259,-0.06874331911287446,-0.9968704711096176,-0.9968704711096176,-1.0,-1.0,-1.0993915116252504,-1.1186837594456918,-1.111238008655549,-1.186093462383469,0.10221453964319505,0.171875,0.05084269662921348,0.05161290322580636,0.012210012210012167,0.06849315068493156,0.0,inf,-0.00683526999316475,0.0,0.012499999999999956,0.020611859201511873
2001-08-04,0.05371434574126255,0.060949036781962285,0.13754183316314794,0.014101982425763104,-0.006680643144792664,-0.03262708742394527,-36.90268456375839,-36.90268456375839,-inf,-inf,0.1308711976093786,0.08719826417141308,0.1258428114145611,0.4476707083599234,0.13425062879124128,-0.010196078431372602,-0.0721732157177225,-0.08231083844580778,-0.009650180940892428,-0.02564102564102566,0.0,inf,-0.05729525120440471,0.0,0.08641975308641969,0.04617788322435046
2001-11-03,0.038682959125569516,0.049726523899067177,0.10566699052928841,0.19411320708776936,-0.016583827797898798,0.0330393650284615,0.5294887372651649,0.5294887372651649,0.5555555555555558,0.5555555555555558,-0.2728843417575717,-0.42824622676811774,-0.7453079866309755,-6.0599515098082435,-0.5988990921423354,-0.20760697305863707,-1.2120426390089312,-1.2284122562674096,-0.02192448233861166,-0.19736842105263164,0.0,inf,-0.05311188173024273,2.532258064516129,0.0625,-0.12091376735438919
2002-02-02,-0.13437247171567923,-0.20290109572894244,-0.28941459145292725,-0.17961487976143442,0.009450954400559874,0.4722612423134731,-1.3991077976044977,-1.3991077976044977,-1.3571428571428572,-1.3571428571428572,-11.623677957415087,0.17474775020452693,-12.461908437741227,-1.585747266628915,0.8746016260162601,-0.049000000000000044,-1.2948369565217392,-1.2975609756097561,-0.0037359900373598043,-0.032786885245901676,-0.7285738339787843,inf,0.16615265998457973,0.0,0.10695187165775377,-0.028377273013276194
2002-05-04,0.06001464901393083,0.09190060297321923,0.10080306962798602,0.19909343407668834,0.03337994443324388,-0.20564937700643293,0.8690858980248048,0.8690858980248048,1.1999999999999997,1.1999999999999997,-0.7610036137814891,-0.2820000928548215,-1.0675853494275502,2.872685357328772,1.8068142391228923,0.3974763406940063,-0.5898617511520737,-0.5901639344262295,0.03374999999999995,0.4067796610169492,0.0,inf,-0.0251239669421488,0.0,0.03864734299516903,-0.08939904157492551
2002-08-03,0.002317219041805929,-0.0025289516597108985,-0.002887225713557262,-0.003111745608966765,0.005937439357992957,-0.027524467975680755,-0.7363807651347587,-0.7363807651347587,-0.7272727272727273,-0.7272727272727273,-1.371245068354895,0.8426770126091174,-0.8240073585773418,-1.8916199400875642,-0.5739573289821751,0.26561324303987965,-1.6629213483146068,-1.68,0.0036275695284160303,0.22289156626506013,0.0,inf,0.003560528992878842,-0.9315068493150684,0.04651162790697683,0.0006044874302171266
2002-11-02,0.06160504361598296,0.09465726411652509,0.15770188250690054,0.10464294254020734,-0.004653671235292034,-0.012615225389676521,-2.577377252952144,-2.577377252952144,-2.3333333333333335,-2.3333333333333335,3.0859571944046262,-0.2996104853142436,38.157229965156795,-0.7261156099241902,-0.36897232054778617,-0.0784780023781213,2.0,2.058823529411765,-0.004819277108433884,-0.07881773399014769,18.23076923076923,inf,-0.06251055921608384,1.9999999999999996,0.03555555555555556,-0.009061833688699283
2003-02-01,-0.05035030624329229,-0.09787802414676727,-0.1995151017480764,-0.03320094678343033,0.06927491773453731,0.4018001227880017,-14.04334121355398,-14.04334121355398,-15.000000000000002,-15.000000000000002,-4.225348704982882,0.6132070745027305,-1.991713475335076,-12.422426672957458,6.678881787668399,-0.0606451612903226,3.423728813559322,3.4423076923076925,0.06537530266343827,-0.05882352941176472,-0.6868709677419356,inf,0.12614885564966682,3.4000000000000004,0.0042918454935620964,-0.06688183611260534
2003-05-03,0.012094228053713518,-0.0073543235060565815,0.006484442208118946,0.009654252665445062,0.015462184546390922,-0.2207156831891115,-0.8460457950700822,-0.8460457950700822,-0.8392857142857143,-0.8392857142857143,-0.8117974472745548,0.6288899931672776,-1.0121018393898609,-1.0081922634742082,-0.007125407166123754,-0.2101648351648352,-0.04597701149425282,-0.030303030303030276,0.01477272727272716,-0.2556818181818181,-0.8205418769959822,inf,0.003200512081933171,-0.03535353535353547,0.00427350427350448,-0.016871637202152123
2003-08-02,0.00737486109715646,-0.006898117787174973,0.030328100179814133,0.045609028283285946,-0.006283779633951658,0.0009416036997749178,-1.7818110467968213,-1.7818110467968213,-1.777777777777778,-1.777777777777778,-1.9647056478934992,-0.3234694072110893,0.16311399443929564,68.44033613445379,-0.49834155519907364,0.20695652173913048,-0.16465863453815266,-0.15625,-0.007838745800671898,0.1832061068702291,0.2451205510907002,inf,-0.013558781304833456,-0.16753926701570676,0.008510638297872353,-0.05019350299050074
2003-11-01,0.07944261525533758,0.11820778893018202,0.2160525034786842,0.14117465352377612,-0.0048440366972477555,-0.0012198783281978098,-0.19977412473334166,-0.19977412473334166,-0.2857142857142857,-0.2857142857142857,0.8923089635796475,0.04441688743588301,60.7394422310757,-0.38069075683132847,-0.6152144643200615,0.17146974063400577,-0.038461538461538436,-0.031746031746031744,-0.005643340857787726,0.1870967741935483,0.388197325956662,inf,-0.07810478654592479,-0.037735849056603876,0.00843881856540074,-0.02012594147425617
2004-01-31,-0.012571034005031567,-0.009309571243844239,-0.13939183318853177,-0.06353262483410327,0.08304447230621737,0.40131334002027175,-14.380586482672102,-14.380586482672102,-15.6,-15.399999999999999,-3.9993122345825918,0.05097414863187444,-1.9882554883006596,-4.111224011255276,4.974381404648838,-0.1346863468634687,0.28166666666666673,0.2814207650273224,0.07945516458569801,-0.13043478260869568,-0.11823314513450678,inf,0.09700052622346944,0.2679738562091505,0.008368200836819994,0.057879704301075474
2004-05-01,0.008223286086979975,0.012952209660842762,0.0004800875823327555,-0.002830111349350517,0.012862211709048,-0.2328834141572126,-0.921397431089443,-0.921397431089443,-0.9178082191780822,-0.9166666666666666,-1.0961017689451846,-0.4053970780804683,-1.034385488357515,-1.2947368421052632,-0.24540339280858448,0.031982942430703654,-0.062418725617685245,-0.061833688699360345,0.03154574132492116,-0.04375000000000007,-0.2075329566854991,inf,0.004477134633834368,-0.05670103092783507,-0.004149377593361092,0.015842134519177264
2004-07-31,-0.048773344359451465,-0.08964313706590643,-0.013422547907239513,0.3507335476362503,-0.06969298885807429,-0.02379125547734595,-2.0866259132249887,-2.0866259132249887,-2.0,-2.0,-0.7588910351096466,0.9004231798946369,-28.30763387770604,1.6056299011251278,-0.8473804573804574,-0.04132231404958675,0.004160887656033507,0.002272727272727426,-0.04587155963302758,-0.07189542483660138,0.002376425855513231,inf,-0.021967526265520565,0.0,0.008333333333333304,-0.3260113347664647
2004-10-30,0.130928141630974,0.20525587443113213,0.38510386835765265,-0.13973853676036063,-0.028584116321948794,-0.014998743655460056,3.3166849615806804,3.3166849615806804,3.666666666666667,3.666666666666667,19.612315425699027,-0.3127243808225403,-3.335238731032948,-1.0526754827154738,0.2924669663533579,-0.12643678160919536,-0.3190607734806631,-0.3310657596371882,-0.033119658119658,-0.08450704225352101,-0.13940256045519206,inf,-0.14095052083333315,-0.3278688524590164,-0.012396694214875992,0.4010090466249132
2005-01-29,-0.10441494033166299,-0.20260245249476183,-0.28008471470594354,-0.23204103098733142,0.052778411332327746,0.40903975094563716,-2.7738080101716465,-2.7738080101716465,-2.75,-2.75,-2.792802816686735,0.0031077462227659947,-2.2722892570843207,-2.3535165346995806,-0.9114319842608207,-0.018092105263157965,-0.5496957403651115,-0.5525423728813559,0.04640883977900545,0.01538461538461533,0.49531680440771364,inf,0.17544524441076148,-0.5609756097560976,0.02092050209205021,0.03832940105136795
2005-04-30,0.0026575002999567054,0.010318115313177056,-0.014304947317556493,0.09443823588589928,0.013036848320300498,-0.2619304698322902,-0.8861909540534729,-0.8861909540534729,-0.8979591836734694,-0.8979591836734694,-0.6806604094402503,-0.4965887742658449,-0.7592697483908719,-1.966276668960771,3.3415311384371282,-0.018425460636515845,-0.0045045045045044585,0.0,0.011615628299894265,-0.06060606060606066,1.0563743551952838,inf,0.010315925209542387,0.0,0.008196721311475308,-0.07685868048634648
2005-07-30,0.016004570268745022,0.03583497774661648,0.06028396127520508,-0.06699891465656638,-0.010358775634206507,0.031254967140830425,-3.165328294756731,-3.165328294756731,-3.4,-3.4,-1.5538709333901282,0.8380254026450176,-2.3400031112666744,-1.0916429249762583,-0.07053449063499317,0.04180887372013653,-0.28054298642533937,-0.28787878787878785,-0.01148225469728592,0.024193548387096753,0.09388998387385761,inf,-0.02600510529674538,-0.2962962962962963,0.004065040650406582,0.11020425789178212
2005-10-29,0.10507584894762778,0.1813212943117839,0.29702450620470056,0.28624573265403996,-0.017365577685548028,-0.009520928059764788,0.3662012798138452,0.3662012798138452,0.41666666666666674,0.41666666666666674,0.446321709245596,-0.5064472465626558,0.14575321791876483,-7.3717616580310885,0.48353484714440187,-0.03439803439803457,0.7295597484276728,0.7553191489361701,-0.017951425554382228,-0.023622047244094557,0.3793611793611793,inf,-0.11072891072891067,0.736842105263158,0.012145748987854255,-0.08156676650200312
2006-01-28,-0.16708453428640968,-0.22319273341254453,-0.3870766326560353,-0.1943022729999354,0.018143446773528193,0.2666183818966694,-1.8569831807536725,-1.8569831807536725,-1.8823529411764706,-1.8823529411764706,-4.981887670322366,-0.3145207852193995,-4.084212526122474,-3.7204716405773532,-0.8866949377153459,0.06191687871077178,-1.3418181818181818,-1.3454545454545455,0.026881720430107503,0.08870967741935498,-0.40529628310176935,inf,0.22232455332473733,0.0,0.0,-0.035871590716584856
2006-04-29,0.0068502125811367165,0.02635058575864857,0.031524965570721264,0.05137644522739926,-0.005656683266526019,-0.17214062101852867,-0.1483137693310974,-0.1483137693310974,-0.19999999999999996,-0.19999999999999996,-0.541234403038017,-0.3771320277953253,-0.871929334658377,-6.442460020923629,42.59122807017544,0.09265175718849838,-0.7340425531914894,-0.7192982456140351,-0.01465968586387445,0.05925925925925912,0.0,inf,-0.012356841470765545,0.0,0.03200000000000003,-0.023808477926641647
2006-07-29,-0.0348398418214968,-0.043899641155362046,0.06644740341483302,0.01769255910229872,-0.08809906938324963,-0.03214207848504336,-0.6865018595493327,-0.6865018595493327,-0.6666666666666666,-0.6666666666666666,-0.971428311532374,0.4562204192021637,1.190335716805079,-2.013085087394104,-0.989844515099073,0.11257309941520477,-6.84,-6.624999999999999,-0.04569606801275239,0.13286713286713292,0.0,inf,-0.05523344522429052,-0.48484848484848486,0.027131782945736482,-0.06052288169914055
2006-10-28,0.11175655793954475,0.18672942527674796,0.22219100329682928,0.25085961419059233,0.04384613418530359,-0.0066235382642316765,-0.5966503838101884,-0.5966503838101884,-0.5,-0.5,-13.833492518306272,0.252930934416715,-1.8472112428634166,-1.091740756803643,8.941875825627477,0.211563731931669,1.3630136986301373,1.4111111111111114,0.03786191536748329,0.26543209876543195,1.629992012779553,inf,-0.06104651162790686,1.323529411764706,0.03396226415094361,-0.05125011974327054
2007-02-03,-0.020281935877695667,-0.00709436192652102,-0.19630352100031012,-0.18829109319987192,0.10645418467167866,0.4724149791765322,59.149365628604386,59.149365628604386,45.99999999999999,45.5,-8.658447035475067,-0.5278858625162127,-1.5094776493356141,39.49800561382774,36.424528301886795,0.25813449023861157,2.423188405797101,2.4147465437788016,0.07618025751072954,0.2146341463414636,-0.46625161339306054,inf,0.12934296525627786,2.3164556962025316,0.03284671532846706,0.22324313408723762
2007-05-05,-0.015486543068805703,-0.020021809377684274,0.01919187303134784,-0.03749641525666758,-0.03362299648668721,-0.26981196541374985,-0.7242159560494348,-0.7242159560494348,-0.7234042553191489,-0.7204301075268817,-1.0021800253958382,0.5486656200941915,1.1356622011192132,-1.2609518806701905,-0.25397913064472033,0.24956896551724128,0.11600338696020329,0.1120107962213226,0.017946161515453696,0.1606425702811245,-0.6284495021337126,inf,-0.01842826682911969,0.11068702290076327,0.0,0.018159306644655482
2007-08-04,-0.10974442714688926,-0.16310329730444983,-0.0020409790056495902,0.0030649578267061273,-0.16915066972361936,-0.03855728337228237,-0.1870393547489918,-0.1870393547489918,-0.15384615384615385,-0.15384615384615385,-147.1411589895988,0.45957932083122155,1.9905828172145466,0.41864821416090026,-0.4829717973367853,0.04967230079337703,0.1570561456752655,0.14927184466019416,-0.1273261508325172,0.03114186851211076,-0.06814701378254218,inf,-0.06671838634600458,0.13058419243986252,0.0176678445229681,-0.16566680178354276
2007-11-03,0.1452645148797702,0.23359260595513498,0.5838238206255939,0.4630784385244917,-0.14528572720036514,-0.05000778880090262,-0.38855627779678414,-0.38855627779678414,-0.36363636363636354,-0.36363636363636354,-1.535214990900125,0.6240125010851636,-1.0238109145748924,-0.3411408807386459,-0.615460377948987,-0.106802497535327,0.14754098360655732,0.08447729672650461,-0.03703703703703709,0.02348993288590595,-0.21898110106820046,inf,-0.2536990856192851,0.08510638297872353,0.0,-0.15687703444590195
2008-02-02,-0.16399640078654631,-0.2334623354749581,-0.15386353034130018,-0.25307186927593306,-0.1764361411220836,0.3703880508966291,5.435515456707232,5.435515456707232,6.5,6.5,-5.9941489361702125,0.1036510397177528,-56.06043710972346,-0.9305295903564004,-0.11118824205285327,-0.3495217071376012,0.061142857142857165,-0.031158714703018453,-0.08508158508158514,-0.3245901639344262,-0.39978958442924784,inf,-0.014925373134328401,-0.04761904761904767,0.01388888888888884,0.026276362798202113
2008-05-03,-0.014506013582072486,-0.019344413147647344,-0.028214555790242235,-0.04811089970100568,0.002784712585710558,-0.18464301948350792,-0.6249633211976309,-0.6249633211976309,-0.5904761904761905,-0.6000000000000001,-0.7769540343563136,-0.12351060738157515,-0.8603189261657979,-2.3035522066738428,0.1630712881419838,0.23416289592760187,0.19439956919763057,0.08140703517587933,-0.001273885350318471,0.34951456310679596,0.14548641542506568,inf,0.01763907734056991,0.03235294117647047,0.0513698630136985,0.030207748455923777
2008-08-02,0.0053673172058466,-0.010256650859622463,-0.04290531518373841,-0.02812468505391874,0.06437188409780958,-0.04029215284272425,-0.245848908980266,-0.245848908980266,-0.2558139534883721,-0.23809523809523803,-0.28437675870184353,0.9024093722369584,-0.7911906280809604,-0.94467382328654,0.007757143518732912,0.3959670027497708,0.10009017132551845,0.029739776951672736,0.05994897959183687,0.3992805755395685,0.2731446059678653,inf,0.058666666666666645,0.01139601139601143,0.016286644951140072,0.018421626335295427
2008-11-01,0.17652120785063774,0.29876784725329486,0.3105180173264319,0.8367125607882873,0.029242280393086295,-0.07565131393815905,-0.5293756003842459,-0.5293756003842459,-0.53125,-0.53125,-3.528954768600162,-0.34412943705338983,-18.277322594084154,-13.791044776119403,-0.09845821557409062,-0.10833880499015103,0.015163934426229542,-0.005415162454873501,0.02767749699157629,-0.15938303341902316,-0.15444711538461542,inf,-0.12510495382031905,-0.011267605633802802,0.0064102564102563875,-0.29289307502943385
2009-01-31,-0.14887794165617463,-0.22473195432095683,-0.33007102573715175,-0.3941284822365356,0.10470097960242764,0.33804988351377285,5.430845852384063,5.430845852384063,5.533333333333333,5.466666666666667,-3.0409347908028646,-0.42021347269586784,-2.6714839166010256,0.041540256709451606,-0.11374757875420527,-0.3037555228276878,-0.12515139281388776,-0.07803992740471877,0.09836065573770503,-0.3241590214067278,-0.30703624733475476,inf,0.29774472168905963,-0.07122507122507127,-0.009554140127388644,0.27957314765761
2009-05-02,0.0024021646707965694,-0.0003640033943029808,-0.054880301940502974,-0.07149166658577544,0.051017945524588715,-0.1647998244234321,-0.5400114263949725,-0.5400114263949725,-0.5408163265306123,-0.5463917525773196,-0.5481060466147084,-0.01779848751050339,-0.6697089768989595,-4.658749719919337,0.46958847381589175,0.08355367530407176,-0.047992616520535214,0.008858267716535417,0.05223880597014907,-0.013574660633484115,0.1302564102564101,inf,0.04862266592715847,0.015337423312883347,-0.003215434083601254,0.07659549299106883
2009-08-01,0.018862050882408887,0.03184868486044512,-0.009481547746422847,-0.022029397620590863,0.04049358036091433,-0.04825358952258829,-0.21495404487869507,-0.21495404487869507,-0.22222222222222232,-0.22727272727272718,-0.2507943968203693,1.0064551252138747,-0.9948315522813965,1.8889093024680017,0.9231145552033189,0.17081503172279167,-0.037809015996122186,0.009756097560975618,0.03951367781155013,0.1146788990825689,0.1578947368421053,inf,0.021156558533145242,0.01812688821752273,-0.00967741935483879,0.05510383474343472
2009-10-31,0.13090992855009254,0.2151979338290957,0.2532495167551938,0.3589411930712756,0.04202616855076924,-0.047211078562113484,0.06630805470590295,0.06630805470590295,0.05714285714285716,0.08823529411764697,-1.4263368199980908,-0.1285321136478158,-4.87887323943662,-2.110126555444852,-0.532872042737217,0.05543976656940397,0.05491183879093198,0.12173913043478257,0.040935672514619936,0.016460905349794164,0.04467084639498431,inf,-0.07855662983425427,0.11275964391691384,0.006514657980456029,-0.10575370997136169
2010-01-30,0.009060732474182487,0.028745277522288726,-0.13409190474092003,-0.14647519048240865,0.1341481645910818,0.4134297462785035,2.4741006957037817,2.4741006957037817,2.5135135135135136,2.4864864864864864,-9.063719531699828,-0.25290219276786907,0.840958605664488,-5.541437519095631,5.1806042651447495,0.07464454976303325,0.0792741165234001,0.10938845822566745,0.1657303370786516,0.0323886639676112,-0.037509377344336126,inf,0.12385235150833807,0.1306666666666667,-0.016181229773462702,0.2052521253056947
2010-05-01,-0.0067206032010915795,0.000608210756158245,0.06476460189707534,0.08671938361719378,-0.054411171425946536,-0.15589497567109512,-0.4694873108972534,-0.4694873108972534,-0.46923076923076934,-0.4728682170542635,-0.5725262606708769,-0.31969994641900334,-47.98974358974359,-1.0958053366747118,-0.08030437065833018,0.2851892686512312,0.05884955752212395,0.060559006211180044,-0.06265060240963849,0.10196078431372557,0.11691348402182378,inf,-0.04801600533511163,0.07547169811320753,-0.016447368421052544,-0.07923088071887541
2010-07-31,-0.041191649384630824,-0.08390965506132253,-0.04646804873557142,-0.059793034549084356,-0.037227908469951165,-0.07517475440468535,-0.30450105549393536,-0.30450105549393536,-0.28985507246376807,-0.2941176470588236,-0.7224320487003647,2.4021177911962894,-0.31772429251420853,2.96036866359447,-0.34580452810521634,0.003431512725193153,0.029251984956121913,0.02708638360175697,0.03427592116538136,0.07117437722419928,-0.0865317515701326,inf,0.004203152364273155,0.037280701754385914,-0.006688963210702337,-0.025657169841019956
2010-10-30,0.12026860951743612,0.16561585600428996,0.40246117465287923,0.24845079061544428,-0.08968576417834484,-0.07570543521936712,-0.544872289528513,-0.544872289528513,-0.5306122448979591,-0.5208333333333333,-4.391929390525225,0.049773639263298586,-1.274830199822817,0.32906679078426815,-0.702538207848352,-0.07010544314619549,-0.04141291108404377,-0.0727013542409124,-0.08864954432477223,-0.10299003322259126,-0.1161191749427043,inf,-0.18747820020927808,-0.059196617336152335,-0.01683501683501687,-0.06634356488960691
2011-01-29,-0.09072029975482665,-0.12345281841040867,-0.2927368464207737,-0.2169023243044066,0.14084091248668518,0.438624589185759,5.21990505256019,5.21990505256019,5.391304347826087,5.260869565217391,-3.7503646901119696,-0.42569405307392616,-6.768445558739255,-2.056932736323386,2.496238676644348,-0.07140668096843406,0.03684879288437104,0.029208301306687057,0.14454545454545453,0.01851851851851838,-0.022471910112359494,inf,0.2547757029405453,0.008988764044943975,0.020547945205479534,0.11933325643096104
2011-04-30,0.08534396477152684,0.12492215125903394,0.11622964123387725,0.1271803975044794,0.06339611720830218,-0.19202103041391283,-0.5232292944436873,-0.5232292944436873,-0.5170068027210885,-0.5138888888888888,-0.5500840378295663,-0.18512671729669772,-0.9993014808605756,-0.16095898516081697,0.5990571085789602,0.2541254125412542,-0.03104575163398693,-0.02987303958177745,0.06354249404289125,0.09818181818181815,0.18744473916887694,inf,-0.02018474170372908,-0.013363028953229494,-0.016778523489932806,-0.002009584170660106
2011-07-30,-0.08954490272621463,-0.16827881281580115,0.04376130150757773,-0.06557213343941437,-0.18898090614372443,-0.049002097331158345,-0.3199481618417793,-0.3199481618417793,-0.2816901408450704,-0.2857142857142857,-1.1188418495360228,-0.015864704958374776,2136.222222222222,-3.125559441874459,-0.796301449479561,-0.04921052631578937,0.011382799325463822,-0.016166281755196188,-0.06945481702763256,-0.10596026490066224,-0.055845122859270346,inf,-0.10928770949720668,-0.020316027088036037,0.0034129692832762792,-0.10992358529533253
2011-10-29,0.22650520051636502,0.3331903810018384,0.5470861914779346,0.3467139921408411,-0.08124700721452649,-0.024717791857839955,-0.8825771375725135,-0.8825771375725135,-0.8823529411764706,-0.88,5.10328418230563,1.8740157480314958,-1.7674031713023135,-1.0111869984871675,0.03662522263916035,-0.061721561029615346,-0.04126719466444351,-0.08763693270735529,-0.0818619582664527,0.007407407407407307,-0.06861198738170338,inf,-0.25088200705605646,-0.07603686635944706,-0.010204081632652962,-0.010035384883113951
2012-01-28,-0.16384306856974884,-0.23265801441296952,-0.3254174926363633,-0.23921202336923364,0.09734405929046064,0.46674385874903135,26.37947494033413,26.37947494033413,28.833333333333336,28.166666666666668,-4.282491955941621,-0.4669196593854128,-2.771052096741413,2.4005535784895216,0.14346005638313852,0.14247787610619467,0.05999999999999983,0.020583190394511064,0.09440559440559437,0.24632352941176472,0.2142252328535139,inf,0.3124018838304554,-0.007481296758104605,0.027491408934708028,0.008613617719442246
2012-04-28,0.021626018241526657,0.0379603360035603,0.06026449832961944,0.1902089531821758,-0.01677046474084498,-0.2246638962992955,-0.6448221757322176,-0.6448221757322176,-0.6424581005586592,-0.64,-0.5798626328590498,-0.37531687328541163,-0.6417787128239456,0.6306976744186046,0.2045895516944578,0.05447973147430951,0.001640689089417613,-0.04621848739495793,0.015175718849840258,-0.0383480825958703,-0.05369595536959548,inf,-0.037679425837320646,-0.06783919597989951,0.02341137123745818,-0.12792656712949513
2012-07-28,0.0291268215445446,0.030536842417566268,0.1939857824385678,-0.10548402575647431,-0.1475352317132984,-0.05905378294467045,-0.4582290286163059,-0.4582290286163059,-0.421875,-0.4285714285714286,-1.2932984026373207,1.3505475568402914,-1.6241777720826927,-2.4897318881916712,-0.25301861428346517,-0.08276199804113615,-0.031122031122031157,-0.08634361233480181,-0.08890637293469716,-0.0950920245398772,-0.06116433308769342,inf,-0.17153511497824747,-0.07816711590296499,-0.006535947712418277,0.15208846845646518
2012-10-27,0.19659721437491484,0.3052956232308297,0.3828310498755838,0.2711556529909176,-0.08292222698867258,-0.06882549544882466,-1.271211778029445,-1.271211778029445,-1.2702702702702702,-1.2777777777777777,2.38430212038118,-0.06960079462680924,1.8897233674918312,-1.2191269385410684,0.07422299323919002,-0.05605979711692477,-0.018596787827557137,-0.06943105110896819,-0.05613126079447328,0.03389830508474567,-0.008634222919937207,inf,-0.23355838959739927,-0.05555555555555547,-0.016447368421052544,0.026830114490574708
2013-02-02,-0.15074613710481177,-0.22403310966616408,-0.30488349017638994,-0.2044711964885415,0.1980922611099083,0.54592511935673,-21.091364623350593,-21.091364623350593,-21.9,-21.699999999999996,-3.5433439761259167,-0.21855062148903182,-2.728653212008549,-2.239842726081258,-0.08566642015183301,-0.16091628959276016,0.05555555555555558,0.01658031088082912,0.1967063129002744,-0.11147540983606552,-0.11005542359461606,inf,0.41044045676998375,0.015479876160990669,0.0,-0.02455231444982553
2013-05-04,-0.009616075491581388,-0.014568643811375126,-0.05488184641842564,-0.03519663804686535,0.049820482178800196,-0.2521153236348207,-0.7312012104383683,-0.7312012104383683,-0.7320574162679425,-0.7294685990338163,-0.8101710205085826,-0.4853137299547865,-0.8864215457957753,-2.953488372093023,0.1830276819464849,0.17762049207954145,-0.04283965728274175,-0.05504587155963303,0.04357798165137616,-0.014760147601476037,0.04982206405693956,inf,0.06014341892204489,-0.051829268292683084,-0.0033444816053512794,0.021360120078512956
2013-08-03,0.03716569272836878,0.05268339069599093,0.0455343572301643,0.05926683161226909,0.027273081354369122,-0.06540342764413143,-0.43939628243590145,-0.43939628243590145,-0.4285714285714286,-0.4464285714285715,-0.6371899041257498,1.1663401377741263,-1.144795561452177,-1.7087842712842711,-0.1096568948917942,0.0074413279908416285,-0.06479113384484225,-0.033441208198489836,0.02783882783882774,-0.0337078651685393,0.0322033898305083,inf,-0.009600698232598681,-0.022508038585209,-0.010067114093959662,-0.0062174994347729
2013-11-02,0.18510684717963755,0.2957072979293984,0.3433598558897053,0.24036327695205406,-0.005289743401580171,-0.05966846501062362,-1.525046893964471,-1.525046893964471,-1.53125,-1.5483870967741935,-8.01241126631555,-0.22670517533111612,37.22282382340691,-1.4982822242015523,0.0613696912709607,-0.012215909090909083,-0.07702825888787601,-0.03125,-0.0071275837491090455,-0.03875968992248069,0.0049261083743843415,inf,-0.16060806345009915,-0.02631578947368418,-0.006779661016949157,0.044647935388465454
2014-02-01,-0.18510258363290055,-0.23524777033304822,-0.36571844131942843,-0.2765127596022773,0.10836412371894566,0.399250636039582,-9.863402332667858,-9.863402332667858,-9.647058823529411,-9.470588235294116,-2.7596593432430314,-0.21201946655600412,-2.342333801880727,-0.7694075587334015,0.013333136461624706,-0.05780845556514247,-0.25629629629629624,-0.2211981566820277,0.11270638908829866,-0.05241935483870963,-0.03349673202614378,inf,0.3601049868766404,-0.20270270270270274,-0.023890784982935287,0.05700441008330159
2014-05-03,-0.046296301618936275,-0.0641963282997089,-0.01867397145216021,0.02217692705997254,-0.0719803156550669,-0.20544191278701296,-0.9603096511090299,-0.9603096511090299,-0.9591836734693877,-0.9583333333333334,-0.620809703375991,-0.25867764638291757,-0.6208783180452959,-2.625692137320044,-0.021390374331550777,0.003357753357753346,-0.2403718459495352,-0.22337278106508873,-0.02709677419354839,-0.09787234042553195,0.2983939137785292,inf,-0.027016595908915475,-0.22457627118644063,0.006993006993007089,-0.08447512104666732
2014-08-02,-0.010047846313157693,-0.011739664643649284,-0.0033421679715994745,0.0007420546782481718,-0.01664112501225279,-0.0670490473912232,4.955197132616488,4.955197132616488,5.0,5.0,-0.46163107100209466,0.4288297597520021,-0.5943816375471052,2.4931880108991824,-0.07635383630380732,0.26498326741709777,0.01660839160839167,0.04190476190476189,-0.02652519893899208,0.3018867924528301,0.6503906250000002,inf,-0.006545021816739327,0.021857923497267784,0.01388888888888884,-0.01249015415775856
2014-11-01,0.17749660251632982,0.26615656018603806,0.4886193827300551,0.2804054911959044,-0.13254828165096688,-0.07384200447897415,-1.1725850135419802,-1.1725850135419802,-1.1666666666666667,-1.1666666666666667,-2.723378724796829,0.5503525583077202,-4.41918285472973,-1.0887285491419656,0.007334805667950972,0.07936507936507953,0.09458297506448843,0.09323583180987205,-0.09059945504087197,0.10869565217391308,0.04773175542406305,1.0,-0.2633260131762827,0.07486631016042766,0.020547945205479534,-0.011109845031905263
2015-01-31,-0.1541022311781669,-0.2089498004908884,-0.3064637593038587,-0.22278150633855331,0.10645698334043363,0.4392161467624729,-28.442894507410635,-28.442894507410635,-30.666666666666668,-30.0,-3.702619446993913,-0.45069970845481044,-2.911058620104056,-23.476923076923075,-0.16366342337728845,0.0015597147950088264,0.13511390416339353,0.11204013377926425,0.09662921348314613,0.10130718954248374,-0.059864457831325324,0.5,0.30785907859078576,0.09950248756218905,0.010067114093959662,0.01774500201647755
2015-05-02,0.007898448001731229,-0.0162842139424072,0.009907354127945966,0.04165156873852771,0.00574504464568415,-0.19637505656325138,-0.6588726159841578,-0.6588726159841578,-0.6573033707865168,-0.6551724137931034,-0.6583510289479437,0.5260336500185765,-0.8229066526638931,-2.4598611518529383,0.28568148332408483,0.06295884315906553,0.26989619377162644,0.255639097744361,0.045765027322404395,-0.03264094955489627,-0.08890668802563073,0.3725490196078429,-0.0020721094073766766,0.2533936651583708,0.0033222591362127574,-0.05559015001415235
2015-08-01,0.009431639265119474,0.007063011064894598,0.19784702934039688,-0.028513195048937345,-0.19337200252869335,-0.055268634977410414,-0.45251916927948344,-0.45251916927948344,-0.42622950819672134,-0.43333333333333324,-0.6670894030277064,0.2364357262103507,-0.9220856237027576,-1.6582719356999331,-0.14626958967718895,-0.05922980326496441,0.045231607629427906,-0.020359281437125842,-0.15610711952971912,-0.09815950920245398,-0.25142857142857133,0.2714285714285716,-0.20078903654485036,-0.02166064981949456,0.0,0.03662410837379371
2015-10-31,0.13514720046047657,0.23188112767731983,0.22288248744177497,0.22517289956863373,-0.0050895193370510405,-0.07705470675861337,-1.0855069176684056,-1.0855069176684056,-1.0857142857142856,-1.088235294117647,-3.20828471411902,-0.0437130801687764,-31.0114168618267,-1.425111925111925,0.07283440545299236,0.00022246941045600543,0.04066736183524511,0.020782396088019572,-0.004643962848297267,0.18367346938775508,0.007633587786259444,0.2134831460674158,-0.12366848532086261,0.014760147601476037,0.0066225165562914245,0.005493234647854672
2016-01-30,-0.13175641521687698,-0.21530082586456956,-0.26527026217527605,-0.06908763595998346,0.13055335869142226,0.4187226930497261,-63.687002652519894,-63.687002652519894,-65.0,-64.33333333333334,-5.507483098919885,-0.5618602188492764,-3.755937923701948,-2.770464337003351,-0.120196291902959,-0.08896797153024916,0.025551102204408815,0.0,0.1275272161741836,-0.08333333333333337,-0.09906759906759899,0.17592592592592582,0.30210495108212276,0.0,-0.00328947368421062,-0.15711081718327669
2016-04-30,-0.020574016837664688,-0.03848126367614879,0.0724502663332971,-0.034854550385585936,-0.13934792565963883,-0.17133690285214276,-0.5910485338298143,-0.5910485338298143,-0.5833333333333333,-0.5842105263157895,-0.7289593633849825,0.2589459550184625,-0.8244011382620268,-2.385156144382858,0.18923611111111116,0.023193359375,0.11431362970200287,0.05149700598802398,-0.03655172413793095,-0.09404388714733536,-0.03557567917205695,0.16535433070866135,-0.1213570127504553,0.040000000000000036,0.013201320132013139,-0.0037524732209865963
2016-07-30,0.011227912494608194,0.02183514351602489,0.09590521282817743,-0.013814884216731493,-0.12349493770098408,-0.08336285545587874,-0.41242660182622415,-0.41242660182622415,-0.36250000000000004,-0.3670886075949368,-0.5816234369235858,0.40134385665529004,-0.7453893132848246,-1.5876439586179973,-0.09350830874359373,0.14006203769983316,0.07365190705830771,0.03986332574031892,-0.12598425196850394,0.18339100346020754,0.06841046277665996,0.14189189189189189,-0.13319512827157298,0.034965034965035,0.006514657980456029,0.0361594302150392
2016-10-29,0.1370028190513708,0.2367224369858849,0.2044152495185736,0.1871127594830857,0.0029015746148099986,-0.08116743063030118,-0.9394232885758309,-0.9394232885758309,-0.9411764705882353,-0.94,-3.066465991668947,0.020321181216226503,-8.611621279290691,-1.2282012954658694,0.023539892751289315,0.032858936793637605,0.05757452021233167,0.025191675794085322,0.0016380016380015405,0.18128654970760238,-0.019460138104205882,0.12426035502958577,-0.11778774289985061,0.020270270270270174,0.003236245954692629,0.041837409120951685
2017-01-28,-0.1296721654920333,-0.17706406605474823,-0.2650126558170681,-0.11478063721653464,0.19365224969040962,0.42850642877689515,64.46366279069767,64.46366279069767,66.66666666666666,65.66666666666667,-4.948987699370255,-0.5204013128449948,-3.7468434737389495,-7.2438136826783115,-0.14359841320322042,0.004255319148936287,0.0003861003861003187,-0.023504273504273532,0.1880621422730988,0.0024752475247524774,-0.01472471190781044,0.11052631578947358,0.3713995255845477,-0.026490066225165587,0.003225806451612856,-0.07041806762672076
2017-04-29,-0.004971055049209805,-0.004267990373891695,-0.011772302542010782,-0.03873297032839906,0.005033582835098249,-0.17883867323619196,-0.4281400563955683,-0.4281400563955683,-0.4285714285714286,-0.42500000000000004,-0.6816039405489793,0.7116416517614121,-0.8149362573785823,-2.6979834479543072,0.28471190680947545,0.028450363196125927,0.06869934388267063,0.08533916849015322,0.01789401238816235,-0.1333333333333333,-0.002599090318388675,0.11848341232227488,0.010130961205831568,0.08843537414965996,-0.003215434083601254,0.03589708592097174
2017-07-29,-0.005157793732008531,-0.01589884207709047,0.06419471141138278,-0.07989593920691207,-0.10546944892606724,-0.05821002215475635,-0.43469482838950146,-0.43469482838950146,-0.4137931034482758,-0.417391304347826,-0.8302244482411589,0.3485233984552476,-1.1115248480880577,-1.667398915356628,-0.14790585872723672,-0.04963704139690017,0.02094618996027453,0.04435483870967749,-0.06828938471940504,-0.06552706552706555,-0.142671009771987,0.10593220338983045,-0.10102739726027399,0.03437499999999982,0.009677419354838568,0.0695698003821068
2017-10-28,0.1600067610703102,0.24691987729796905,0.2721429948158318,0.21923244817509002,-0.03295050073683026,-0.09045845373089845,-0.8498626373626373,-0.8498626373626373,-0.8529411764705882,-0.8507462686567164,-5.886269644334161,0.40163741113843865,20.00440286186021,-1.2060275663443736,0.03576210966094728,0.04376548307184147,0.009197028652281558,0.01737451737451723,-0.023222060957909907,0.11890243902439024,-0.0022796352583586144,0.09578544061302674,-0.1662585034013605,0.015105740181268867,0.0031948881789138905,0.022667077302125138
2018-02-03,-0.10529334941761292,-0.15886303590976059,-0.23297056882568168,-0.19427803043554315,0.1837186032697855,0.47824317803720473,22.97712717291857,22.97712717291857,24.0,23.7,-4.121681478346734,0.519518292389789,-2.440386043058649,-4.412880678981528,-0.11783768875405087,0.1382515822784809,0.0757097791798107,0.07685009487666039,0.17904903417533413,0.16621253405994563,0.11805026656511797,0.0874125874125875,0.323107049608355,0.0714285714285714,0.0031847133757960666,0.04396795759802452
2018-05-05,0.045564458027542054,0.029548725846964663,0.056748586503539755,0.07921195099116707,0.02915976564658518,-0.22781334268739173,-0.7019975579043767,-0.7019975579043767,-0.704,-0.7004048582995952,-0.5621927192538501,0.03514988531203045,-0.8921033004481042,-2.997366881217086,0.2668047522276067,-0.12980017376194608,-0.1192570869990226,-0.12334801762114533,0.07624448645242587,-0.26168224299065423,-0.22275204359673018,0.09646302250803873,-0.015786877158362134,-0.10277777777777763,-0.022222222222222143,-0.04603934691051759
2018-08-04,0.05891420080996612,0.000827812209232226,0.1783752170301982,-0.02172990608380798,-0.12100645468370885,-0.03613139923800235,-0.22647972086174328,-0.22647972086174328,-0.20270270270270274,-0.20270270270270274,-0.8588532796614543,0.6197105613032383,-5.8297740811509495,-1.4667496704262488,-0.09830325466604972,-0.17791533546325877,-0.03736588975212729,-0.062311557788944816,-0.11416861826697877,-0.23734177215189878,-0.09377738825591586,0.08797653958944274,-0.16992481203007515,-0.02786377708978338,-0.0357142857142857,0.023102509827638285
2018-11-03,0.16639197694574914,0.21291173571424493,0.25942575868455164,0.19773809810678178,-0.021450328119196005,-0.05953922902642761,-1.271312696573415,-1.271312696573415,-1.271186440677966,-1.271186440677966,-6.129067641681901,0.034135617847135036,1.132020804970852,-1.5462105758669387,0.05954804386129986,0.0891425795482148,-0.07609531129900071,-0.10289389067524113,-0.021810971579643068,0.22821576763485463,0.11218568665377182,0.08086253369272223,-0.16092995169082125,-0.07324840764331197,-0.030303030303030387,0.01264999704439318
2019-02-02,-0.05141499173001984,-0.1168481898959246,-0.13632421034043074,-0.1435323656672577,0.16923162576003992,0.3907675469505012,-17.480628431970715,-17.480628431970715,-17.8125,-17.6875,-3.7607641859138865,-0.1292526937148175,-1.6227432488484292,-5.568802068371157,-0.2567729019341922,-0.20450490633363072,0.011647254575707144,-0.027479091995221028,0.16621621621621618,-0.18581081081081074,-0.14782608695652166,0.07481296758104738,0.2324577186038146,0.030927835051546282,-0.05555555555555547,0.031171560329227743
2019-05-04,0.5052509530001528,-0.052225924931050716,0.802077116092087,0.3396846028564269,-0.0645127777433081,-0.189393394392797,-0.8561737021851602,-0.8561737021851602,-0.8550185873605948,-0.8539325842696629,-0.703392894030159,-0.19566219614417435,-1.3231175068358692,-2.1027414486921527,0.380979276187166,-0.024670591533501596,-0.08552631578947378,-0.23218673218673214,-0.037079953650058006,-0.16182572614107893,-0.07551020408163267,0.06960556844547572,-0.3783941605839416,-0.10666666666666658,-0.14338235294117652,-0.29255590150014144
