Quarter end,Assets,Current Assets,Liabilities,Current Liabilities,Shareholders equity,Revenue,Earnings,Earnings available for common stockholders,EPS basic,EPS diluted,Cash from operating activities,Cash from investing activities,Cash from financing activities,Cash change during period,Cash at end of period,Price,ROE,ROA,Book value of equity per share,P/B ratio,P/E ratio,Cumulative dividends per share,Equity to assets ratio,Net margin,Asset turnover,Current ratio
1993-12-31,0.09370231979811772,0.1167149838728343,0.16512031853682196,0.15325562329998,0.02028396471086724,0.044751095809476116,0.375036797173977,0.375036797173977,0.3846153846153846,0.36585365853658547,-0.132477304891098,-0.6101263294552355,-0.9577154427967364,0.36172413793103453,0.32544046683873873,0.030993618960802216,-0.0005473453749315071,0.01678657074340517,0.01933701657458564,-0.0032051282051283048,0.01051524710830698,inf,-0.06713554987212278,0.0,0.006451612903225712,-0.031699185658851214
1994-03-31,0.09370231979811772,0.1167149838728343,0.16512031853682196,0.15325562329998,0.02028396471086724,0.044751095809476116,0.375036797173977,0.375036797173977,0.3846153846153846,0.36585365853658547,-0.132477304891098,-0.6101263294552355,-0.9577154427967364,0.36172413793103453,0.32544046683873873,0.030993618960802216,-0.0005473453749315071,0.01678657074340517,0.01933701657458564,-0.0032051282051283048,0.01051524710830698,inf,-0.06713554987212278,0.0,0.006451612903225712,-0.031699185658851214
1994-06-30,0.03203746367667315,0.04533895940671151,0.027671642499466076,0.01131265388363456,0.03630953168189821,0.044751095809476116,0.375036797173977,0.375036797173977,0.3846153846153846,0.36585365853658547,-0.132477304891098,-0.6101263294552355,-0.9577154427967364,0.36172413793103453,0.3343493353653375,0.014146772767462457,-0.0005473453749315071,0.01678657074340517,0.03794037940379402,-0.0032051282051283048,0.01051524710830698,1.0,0.004112405757368043,0.0,0.006451612903225712,0.033640006773155706
1994-09-30,0.015616253647176448,0.039280031316248465,-0.0028698410565717314,-0.015980821152592917,0.035999612029138595,0.05477225354114368,-0.020980518090344735,-0.020980518090344735,-0.02777777777777779,0.36585365853658547,0.08634066764811199,-0.20987021857923494,-5.402816901408451,-0.09420106356039504,0.2269670050761421,0.048823016564951915,-0.0005473453749315071,0.01678657074340517,0.03394255874673635,0.009646302250803984,0.01051524710830698,0.4285714285714286,0.02002275312855506,0.0,0.006451612903225712,0.056189592093048635
1994-12-31,0.019853893019823987,0.024490105390855943,0.013508335333476396,-0.0026917454715758016,0.029912339918105157,0.04758549641677168,0.2152853706538378,0.2152853706538378,0.19999999999999996,0.36585365853658547,-0.14258506391239056,0.0306894315971471,1.0398272552783108,-2.8481968129717643,-0.34188343590008796,-0.02576891105569401,-0.0005473453749315071,0.01678657074340517,0.030303030303030276,-0.05732484076433131,0.01051524710830698,0.3500000000000001,0.009814856123131932,0.0,0.006451612903225712,0.027246406783166366
1995-03-31,0.02831137859442734,0.037577111862335144,0.019300680125139635,-0.06361411264692773,0.036574192576077635,-0.01244389662240919,-0.27620332883490784,-0.27620332883490784,-0.26190476190476186,0.36585365853658547,-0.5713797522426314,0.2559760956175299,-2.155884889829844,-1.4093178036605658,0.2126355492692127,0.1279863481228669,-0.0005473453749315071,0.01678657074340517,0.0318627450980391,0.09459459459459474,0.01051524710830698,0.29629629629629606,0.008173183123481254,0.0,0.006451612903225712,0.1080577784488399
1995-06-30,0.0016535366727050693,-0.020135201052893126,-0.03152608763881448,0.015531364136023518,0.035856049626600495,0.039693285325504535,0.3132380360472342,0.3132380360472342,0.32258064516129026,0.36585365853658547,4.138030695634842,-0.0630243332359447,-2.9375890373787397,-0.7394678492239468,0.045684292379471136,0.04689863842662634,-0.0016429353778752986,0.01678657074340517,0.03562945368171033,0.015432098765431945,0.01051524710830698,0.22857142857142865,0.034180543382997586,0.00190839694656475,0.019230769230769162,-0.035110828488372214
1995-09-30,0.012587140528889096,0.012262217014471943,0.002314795330005559,0.07240376509554913,0.023176853000871134,-0.027856359935278463,-0.01415049692380499,-0.01415049692380499,-0.024390243902438935,0.36585365853658547,-0.022442052177286342,-0.07982538197692546,-0.2382886352496324,8.946099290780142,0.4345293425048027,0.007225433526011571,0.0010970927043334466,0.01678657074340517,-0.004587155963302836,-0.027355623100303927,-0.026534859521331833,0.18604651162790709,0.01038135593220324,0.020952380952381056,-0.0062893081761006275,-0.05611260179823929
1995-12-31,0.0701687709821488,0.025960197920122052,0.027392169706741853,0.0196615625058143,0.11660598881669482,0.07153441823755857,0.3037780231385916,0.3037780231385916,0.25,0.36585365853658547,-0.25012897337195916,0.2085007503509706,-0.3348961206104063,-1.1592983456930976,-0.048252624303425584,-0.05595408895265419,0.007123287671232825,0.03183962264150941,0.12442396313364057,-0.05312500000000009,-0.08658471405665424,0.1568627450980391,0.04340532606416447,0.042910447761193904,-0.012658227848101222,0.006184230212956887
1996-03-31,0.003988957835036944,0.00253236681333302,-0.011607210366383236,-0.038067650480122284,0.02123601815884313,-0.03417737058220782,-0.20100150962848407,-0.20100150962848407,-0.18000000000000005,0.36585365853658547,-0.281832133784928,-0.5112962666239385,-0.1684174153420871,-1.3357206803939123,0.017020697167756005,0.1306990881458967,0.016322089227421177,0.043428571428571594,0.018442622950819665,0.0066006600660066805,0.07489760093622011,0.15254237288135597,0.01708199356913176,0.05545617173524153,-0.0064102564102563875,0.04223048327137535
1996-06-30,0.08999851165451833,0.05781314135960347,0.15639143136553568,0.018641817233366442,0.02973469442312182,0.06856873085333492,0.16202764976958517,0.16202764976958517,0.14634146341463405,0.36585365853658547,0.14402564385984307,6.06016393442623,-5.918806615141694,11.370666666666667,0.20703351631186684,0.1088709677419355,-0.0016059957173447659,0.0,0.03219315895372232,0.08852459016393444,0.044637996733805085,0.13235294117647056,-0.055325034578146526,0.025423728813559254,-0.02580645161290329,0.038426784610263054
1996-09-30,0.002210443436410525,-0.01819507577372781,-0.01161424819376633,-0.03496259328401641,0.01405974743634908,0.02705215502069458,-0.04691465736040612,-0.04691465736040612,-0.04255319148936165,0.36585365853658547,0.2279227053140096,-0.6895534864281236,-1.2937081840913698,-2.187971545591722,0.0,-0.00969696969696976,-0.00857908847184985,-0.005476451259583848,0.01754385964912286,-0.03915662650602403,-0.04325169359041181,0.11688311688311681,0.011922192010039634,0.0016528925619834212,-0.0066225165562914245,0.01740325166017853
1996-12-31,0.034038118375222526,0.013956750793712835,0.03091800722481408,0.034511869786918004,0.03702098556830724,0.027883022248273992,0.2537760579203594,0.2537760579203594,0.22222222222222232,0.36585365853658547,0.046345109764733605,0.7292819745699326,-0.8145996318453751,1.052622028669933,-0.6220143459291577,0.08873929008567938,0.004326663061114067,-0.0022026431718061845,0.02298850574712641,0.06896551724137945,0.05882352941176472,0.10465116279069764,0.0028937577511367607,0.008250825082508184,-0.013333333333333308,-0.01989646635156428
1997-03-31,0.13285135545583282,0.15201072558312867,0.22786971253305355,0.1453566182471029,0.047871880824620794,0.09332790662380486,-0.3409664144431169,-0.3409664144431169,-0.3272727272727274,0.36585365853658547,-1.252544242241941,-0.37527302610237667,-16.069190195470057,-1.6960749646393212,0.7702240046952948,0.11410905002810567,-0.049003769520732376,-0.07726269315673295,0.050561797752809,0.08797653958944274,0.08487654320987637,0.10526315789473695,-0.07502061005770821,-0.06873977086743044,-0.006756756756756799,0.0058329123226015245
1997-06-30,-0.018931764233186876,-0.07021405545289261,-0.056040950363974606,-0.04158931014266176,0.021827697330225826,0.012326672597602784,0.4096585758888105,0.4096585758888105,0.4054054054054055,0.36585365853658547,-8.15831265508685,-0.22382996399889232,-2.0778702026025364,-1.191516383032766,-0.08332872851853901,0.012108980827447047,-0.0022650056625141968,-0.0083732057416267,0.021390374331550888,-0.035040431266846306,0.03366524419155992,0.09523809523809512,0.041443850267379734,-0.012302284710017597,0.0,-0.029863013698630092
1997-09-30,0.015725894608484614,0.002167436466518735,0.014531653541399736,0.06669895200105347,0.016659640062185455,-0.03282751685939489,-0.09220162183402991,-0.09220162183402991,-0.09615384615384626,0.36585365853658547,-0.11863560732113143,0.9342609936669342,-0.6730085959885387,-2.802387267904509,0.16384351076014236,0.12861415752741778,-0.016458569807037415,-0.024125452352231624,0.015706806282722585,0.1033519553072626,0.09908256880733934,0.0869565217391306,0.0010697475395806677,-0.008896797153024938,-0.013605442176870763,-0.0604819730772852
1997-12-31,0.032692097811785725,0.030284469308518913,0.027997916906038478,0.0003385078573647782,0.036533016270013485,-0.022846930292804157,0.35058240201479607,0.35058240201479607,0.38297872340425543,0.36585365853658547,-0.7152161600906173,-0.07376066405349324,-1.9492347236826733,-3.0161883738042676,-0.2838348785414616,-0.10689045936395769,0.009809578765147098,0.0024721878862794533,0.029209621993127044,-0.12151898734177213,-0.11644407345575958,0.08000000000000007,0.0036332549690105687,0.02872531418312385,-0.020689655172413834,0.029908321226391532
1998-03-31,0.043977286988456266,-0.0002730478530886815,0.06597282703361773,-0.0905102572983475,0.024416887409456356,-0.00748740923769553,-0.3610908773054399,-0.3610908773054399,-0.36923076923076925,0.36585365853658547,0.7589216661142415,1.082945408379179,2.78644839682442,-2.7476277372262774,0.6926303608881175,0.0781404549950544,-0.005142857142857005,0.0012330456226878894,0.025041736227044975,0.04899135446685876,0.02456306093528582,0.08148148148148149,-0.01873935264054516,0.03315881326352543,-0.035211267605633645,0.09923144274734885
1998-06-30,0.005787742471119239,-0.012428039019703574,-0.015300189277884457,0.04163237791746188,0.0279797836490423,0.04231313581001617,0.37641371762130604,0.37641371762130604,0.3902439024390243,0.36585365853658547,0.87393216080402,-0.5691373664459689,-1.5255339206189253,-1.9024746789182416,-0.3692958468637839,-0.006422018348623881,-0.006318207926479191,-0.0049261083743842304,0.027687296416938123,-0.030219780219780334,-0.025818349469801882,0.07534246575342474,0.02213541666666674,0.025337837837837718,-0.02919708029197088,-0.05190724842906436
1998-09-30,-0.009383374268376432,-0.017446786809876103,0.006543738781470632,-0.05037757970776968,-0.028369815240780638,-0.010833094274269817,-0.08044529852229809,-0.08044529852229809,-0.08771929824561397,-0.07142857142857151,0.020933194784299225,-0.4402252302230112,-0.005350405146285597,-2.0181649890084463,0.5961655714382494,-0.12373037857802405,0.0063583815028902535,0.003712871287128827,-0.009508716323296307,-0.14730878186968843,-0.14055844770468529,0.07006369426751591,-0.019108280254777066,0.021416803953871577,-0.015037593984962405,0.03467911318553085
1998-12-31,0.025229009868785512,0.03393213971306008,0.02355378599907132,0.07440203562340963,0.024550465609645356,-0.010904474142690468,0.13742163291777754,0.13742163291777754,0.13461538461538458,0.13461538461538458,0.12482968070261835,1.2857142857142856,-0.2815832841018625,-0.9798863636363636,0.007512414583421778,0.0026343519494205214,-0.03561171740379099,-0.039457459926017346,0.025600000000000067,0.00996677740863805,-0.020374449339207068,0.06547619047619047,-0.0006493506493506773,-0.02741935483870972,-0.01526717557251911,-0.037666907253699033
1999-03-31,-0.0032737943668990077,0.02187709363457868,0.0055448920148721825,-0.04111405835543769,-0.012234517528886824,-0.021315274498773906,-0.4141535732387227,-0.4141535732387227,-0.4067796610169492,-0.4067796610169492,-0.4771669172054467,-0.32533385362469647,-0.9317030945682753,10.977401129943503,0.08930828207936647,-0.08407777193904364,-0.033353186420488345,-0.03594351732991008,-0.012480499219968855,-0.10526315789473684,-0.05789769533445743,0.06703910614525133,-0.009096816114359974,-0.02985074626865669,0.0,0.0656729011390802
1999-06-30,0.03516889146356039,0.09693351219604351,0.024223744261761215,0.08821937578928374,0.04793540597645629,0.06802379900889255,0.7081756245268735,0.7081756245268735,0.7142857142857144,0.7142857142857144,0.29181554265297005,-0.11114681404839177,14.447401774397973,-4.00188679245283,-0.24611338850645836,0.009179575444635768,0.004929143561306137,0.0013315579227697327,0.048973143759873494,0.022058823529411686,0.039379474940334225,0.05759162303664933,0.012240437158469897,0.006837606837606813,-0.007751937984496138,0.008005630333421276
1999-09-30,0.021934563830014353,0.028185898782928653,0.016829404343610133,0.0501176266262473,0.027052171633816346,0.022771522194909632,-0.013896362888164315,-0.013896362888164315,0.0,-0.01666666666666672,0.20381174640217825,0.30193044609934216,-0.4269773547751887,-1.8645505971087366,0.2822406894429055,0.03354178510517336,0.009196811771919,0.01196808510638303,0.027108433734939874,-0.014388489208632893,0.01320321469575192,0.05940594059405946,0.005182465990066998,0.01697792869269943,-0.0078125,-0.020858788619305346
1999-12-31,1.6969983362979946e-05,-0.02237585812931997,-0.017240429068919427,-0.04801139673960031,0.017877124740235617,0.003500481493972085,0.07659219311761678,0.07659219311761678,0.050000000000000044,0.06779661016949157,-0.1513731825525041,0.15918809351918695,-0.2314576174112256,-2.237549981824791,-0.27240358457353175,-0.09405940594059414,-0.002430133657351008,0.003942181340341522,0.0029325513196480912,-0.12043795620437958,-0.12407932011331435,0.051401869158878455,0.01783029001074099,-0.0016694490818029983,0.007874015748031482,0.026918620197878607
2000-03-31,0.026538645544182282,0.03620748447944666,0.04500293446364534,0.06676721891435156,0.06128847836119555,0.013780998135404898,-0.11613691931540338,-0.11613691931540338,-0.12698412698412687,-0.12698412698412687,0.05522770057321735,-0.2580784247969914,0.4750815090824405,-1.3414598325745337,0.1278385660086876,-0.023072252580449204,0.056638246041412765,0.07460732984293217,0.059941520467836185,-0.024896265560165998,-0.0407503234152653,0.053333333333333455,0.03376952300548752,0.07023411371237454,0.0,-0.028643346931689906
2000-06-30,0.010084536916233677,0.03555086644694749,-0.00264584602174589,-0.07393644190126514,0.02322997362354351,0.04889085927452541,0.19252437337651385,0.19252437337651385,0.21818181818181825,0.19999999999999996,-0.36197081462475944,-0.2271655958415394,-1.0848121250394696,2.5268817204301075,0.3997659906396256,0.11311373523927903,-0.0028818443804035088,0.014616321559074219,0.02344827586206888,0.051063829787234116,0.018880647336479983,0.05063291139240511,0.01306655777868504,0.0078125,0.0078125,0.11821999821284979
2000-09-30,0.18292213902868126,0.03501067534960378,0.345259129860249,0.7261412778474992,0.01840082204292881,0.007684252613140874,-0.09009900990099007,-0.09009900990099007,-0.08955223880597019,-0.09090909090909094,1.1289978008168395,12.07795463090613,181.50409530900967,-1.1469512195121951,-0.041968514906659204,-0.045784477945281954,-0.021387283236994126,-0.0456182472989195,0.017520215633423097,-0.06882591093117418,-0.06882859033752475,0.04819277108433728,-0.13905683192261176,-0.010852713178294615,-0.03100775193798455,-0.4003915614511747
2000-12-31,0.004989179291713164,-0.012611609037034066,0.012344599528391731,0.14636569078734096,-0.005017532714238548,0.1512906553604425,0.039763718327374464,0.039763718327374464,0.0,0.016666666666666607,-0.10427057816604202,-0.9147827642494577,-1.1348943097391708,-2.1643153526970957,0.05100519867670039,-0.1433586892919836,-0.023626698168930926,-0.05157232704402526,0.0013245033112583293,-0.15652173913043477,-0.14712153518123672,0.04597701149425282,-0.010065543071161143,-0.054858934169278895,0.0,-0.1386686213100553
2001-03-31,0.014391285171416746,0.03922595041244836,0.004858882897981864,-0.025786866008075227,0.02734749116439672,-0.05242402012672753,-0.11233704102380093,-0.11233704102380093,-0.08196721311475397,-0.08196721311475397,0.09850082372322899,0.176856468118604,-0.11003236245954695,3.4568781183178903,0.21629194050501566,0.10519125683060104,-0.015124016938898976,-0.04641909814323597,0.02777777777777768,0.10309278350515472,0.11416666666666653,0.04761904761904767,0.012768976117285558,-0.03316749585406309,-0.016000000000000014,0.06676466037443918
2001-06-30,-0.015388164773050494,-0.03246013153660865,-0.03861635473169445,-0.07819335309850106,0.01527538962297137,0.0072290199949773815,0.19543908107926034,0.19543908107926034,0.1964285714285714,0.1964285714285714,0.15847568199883022,-0.07192228061793282,0.6777570093457943,-1.043339197185351,-0.007706964707220654,0.11619283065512964,-0.012899262899262798,-0.03894297635605026,0.015444015444015413,0.08411214953271018,0.11144353029169785,0.04195804195804209,0.031286481438244085,-0.02401372212692965,-0.016260162601625994,0.0496047574153311
2001-09-30,0.04822932426887605,-0.00033723196275214917,0.06472393717548397,-0.3786511926048379,0.027347275834917806,-0.010315199056345814,0.016117670264025552,0.016117670264025552,0.014925373134328401,0.014925373134328401,0.041154234523470556,2.535676287881388,-1.4519121698266084,1.5166051660516606,-0.01954602774274905,0.11904761904761907,0.013067828251400071,0.01736613603473236,0.027883396704689423,0.10344827586206917,0.11507402422611035,0.043624161073825496,-0.019923024677382828,0.010544815465729496,0.008264462809917328,0.6087887791059212
2001-12-31,-0.027484184393110067,-0.08761661357746597,-0.07568548768918248,-0.13783704540271702,0.035316384708851345,-0.029535938287263086,0.08394109980311137,0.08394109980311137,0.08823529411764697,0.0588235294117645,0.16368044762200817,-0.755210203942962,-4.011474675033617,-2.306451612903226,0.026045016077170358,0.1355764473033152,0.01535626535626533,0.0369843527738265,0.0320591861898889,0.10546875,0.09897404948702482,0.03858520900321549,0.06444906444906451,0.06434782608695633,-0.024590163934426257,0.058280364198591394
2002-03-31,0.006134768332801244,0.040182519249544635,-0.011778315991719301,0.03070341167678503,0.023840261446169242,-0.010550154859731098,-0.10732194023741304,-0.10732194023741304,-0.108108108108108,-0.09722222222222221,-0.32078556240583833,-0.3962249187088588,-0.3278659244485458,2.612794612794613,0.09170678898037088,0.1424836601307189,0.011494252873563093,0.03429355281207114,0.0238948626045401,0.10600706713780905,0.09500274574409673,0.04024767801857587,0.017578125,0.04901960784313708,-0.008403361344537785,0.009171705693762355
2002-06-30,0.02587851482165071,0.08150963176516846,0.01363212718493978,0.13183160553168083,0.04024363092075833,0.05807551246026166,0.2607972945863066,0.2607972945863066,0.25757575757575735,0.2615384615384615,0.08263721742413521,0.12826743727833967,-0.05573763231321138,2.2199440820130474,0.27048538622129437,-0.006864988558352381,0.02571770334928236,0.04509283819628651,0.03967327887981331,-0.02875399361022357,-0.039618856569709315,0.038690476190476275,0.01407549584133072,0.05607476635514019,-0.016949152542372947,-0.044436401656814284
2002-09-30,0.08884595231857473,0.028931903550224236,0.1455448888031261,0.010382964021320218,0.027427827918617087,0.027779962857445772,-0.01466142340826948,-0.01466142340826948,-0.012048192771084376,-0.012195121951219412,0.05693112467306016,8.831422085103906,-3.509345465631669,0.04052098408104188,0.22152613741398786,-0.09984639016897079,0.015160349854227428,0.022842639593908753,0.02805836139169471,-0.13486842105263164,-0.1472584856396867,0.0372492836676217,-0.05636172450052579,0.03539823008849563,-0.008620689655172376,0.01834862385321112
2002-12-31,0.04417252572084296,0.062285270158476846,0.08922429040680546,0.1606766306670846,-0.011032596589362176,0.04916483505513147,-0.0015456307096060051,-0.0015456307096060051,-0.012195121951219412,-0.024691358024691357,0.12190326926778305,-0.41459140052340526,-0.8719077391800076,-1.2845618915159944,-0.051605851689927706,0.06484641638225264,0.006318207926478969,-0.01488833746898266,-0.014192139737991383,0.034220532319391817,0.018983466013472228,0.035911602209944826,-0.052819255627368,-0.004273504273504147,-0.008695652173913104,-0.08475907099760305
2003-03-31,0.01679081824828832,0.05542676209546116,-0.0029623363407761394,-0.03879970416107881,0.04338699485074682,0.012672701437434153,-0.18037938125274366,-0.18037938125274366,-0.1728395061728395,-0.16455696202531644,-0.34099626248391646,-0.7280524314264909,-2.1276083467094704,-5.490387748452265,0.24433963936809633,-0.09375,-0.021118721461187095,-0.037783375314861534,0.04318936877076429,-0.08088235294117652,-0.11418269230769229,0.03733333333333344,0.02611764705882358,-0.031473533619456484,-0.00877192982456143,0.09802682078836855
2003-06-30,0.014921502819082333,0.03559621560446091,-0.012736106964064797,0.0501676191692475,0.04996696919090016,0.04949581792755242,0.09356148164853129,0.09356148164853129,0.08955223880596996,0.09090909090909083,0.5486630220536279,-0.21332936626004162,2.338984147525073,0.11559393367680149,0.2190590179818186,-0.0053050397877985045,-0.05714285714285716,-0.0680628272251308,0.04989384288747356,-0.04399999999999993,-0.008819538670284954,0.03598971722365052,0.034395780784223895,-0.06499261447562776,-0.008849557522123686,-0.013899169339583795
2003-09-30,-0.03151050400231192,-0.026257470529916338,-0.06704410035326469,0.010801920206248816,0.011363279416929828,-0.012208933620824758,-0.1051993916428221,-0.1051993916428221,-0.1095890410958904,-0.11111111111111105,-0.0935834013736132,0.3702723146747353,-0.17173087357569183,-0.9317679198647066,0.012260975267661012,0.016000000000000014,-0.07544836116264697,-0.06320224719101131,0.011122345803842304,-0.03347280334728031,0.049965776865160905,0.03473945409429269,0.04433606739082241,-0.07582938388625582,0.01785714285714257,-0.036655546288573926
2003-12-31,0.01664185212543412,-0.021025837993372876,-0.032699385418271776,-0.05080065929570854,0.07173357552599247,0.003516706622375576,0.09950449412306983,0.09950449412306983,-0.4307692307692308,-0.4375,0.3058550801430653,0.4366202042506211,0.7373309625193019,-10.6558627264061,-0.11695629582587608,0.023622047244094446,-0.07424749163879596,-0.03748125937031488,0.06600000000000006,0.01298701298701288,0.08539765319426329,0.033573141486810565,0.054128635109318646,-0.04615384615384621,0.00877192982456143,0.03138392277390589
2004-03-31,0.013665908975931229,0.015079012536141523,-0.01109503639443521,-0.027577268953629108,0.04094023796623092,0.029693923478611772,0.12736467012524244,0.12736467012524244,0.08108108108108114,0.11111111111111116,-0.36823258503332357,-0.09318187276351497,-0.5757975679060561,-0.37219863757527893,-0.08315026936555259,0.061111111111111116,0.007947976878612817,0.04672897196261694,0.0403377110694183,-0.004273504273504147,0.0882882882882885,0.037122969837587005,0.026983487716472077,0.03405017921146958,0.01739130434782621,0.04385964912280693
2004-06-30,0.01872375247766289,0.05451860741781145,0.019095889639243246,0.07515567822264502,0.018516846880212157,0.04223017175971466,0.06377390940572192,0.06377390940572192,0.07499999999999996,0.04999999999999982,0.4480322420077394,0.76220238883445,-0.5233015873015874,-2.238716779367825,0.11234080180270123,0.08457511075312119,0.009318996415770497,0.04166666666666674,0.018034265103696878,0.0429184549356223,0.032008830022074886,0.03579418344519025,-0.0001960784313724817,0.029462738301559765,0.008547008547008517,-0.01921917092195735
2004-09-30,0.019504718754144168,0.016484956917705684,0.010917728352407785,-0.0345540344358336,0.02770971968902569,-0.0014896398494088636,-0.04247230779314415,-0.04247230779314415,-0.04651162790697683,-0.023809523809523836,-0.5002328624337451,-0.5579134041689836,-0.6992541289291423,0.37882442554271933,0.1392543016129446,-0.01076865948756034,0.017045454545454364,0.03857142857142848,0.027457927369353374,-0.02880658436214001,-0.0502673796791443,0.03455723542116629,0.008040792312218104,0.03703703703703698,0.0,0.05288402410527615
2004-12-31,0.030147031714160333,0.06801422280023917,0.004711250096121722,0.17767292635914433,0.054087991514850664,0.019257946062579467,0.08020170214707822,0.08020170214707822,0.07317073170731714,0.07317073170731714,0.6422010206345685,-0.4164740277400054,12.299601417183348,-0.5356781143541111,0.05675538799167179,0.017642642642642592,0.01745810055865915,0.031636863823933936,0.05344827586206913,-0.008474576271186418,-0.039977477477477485,0.03340292275574108,0.023151750972762786,0.030844155844155896,0.0,-0.09309660086438487
2005-03-31,0.19275614729789137,0.22421881348231287,0.37498554303752685,0.2085151528883653,0.011454537391445196,0.14650254764867943,-0.31933589624434966,-0.31933589624434966,-0.31818181818181823,-0.31818181818181823,-0.5939822195800795,14.477832799300902,-5.537953081034281,6.29902835613722,0.3920104794564314,0.1154555514570268,-0.08579272477693878,-0.11866666666666659,0.009819967266775809,0.0555555555555558,0.062170087976539445,0.036363636363636376,-0.15193002471952843,-0.1070866141732284,-0.008474576271186418,0.012965825176026069
2005-06-30,0.0019841015644228577,-0.03809169454099448,-0.020485499282246744,-0.044968083182241325,0.03127950549080882,0.0577242330222667,0.27966732869910627,0.27966732869910627,0.26666666666666683,0.26666666666666683,1.5412465475358559,-0.8133485397682148,-1.151118677399708,-1.2867776902388002,-0.0807607855738407,-0.04133597883597884,-0.05555555555555569,-0.08018154311649028,0.034035656401944836,-0.04858299595141702,0.019326339039204887,0.0350877192982455,0.029147982062780242,-0.07760141093474426,-0.008547008547008517,0.007205221666525263
2005-09-30,0.011974913550404143,0.02542432182370913,0.027175735242582544,0.13465780095570445,-0.004778537264747418,-0.01107300020002544,0.07110291977883398,0.07110291977883398,0.10526315789473673,0.07894736842105265,0.8832741891130986,-0.20619492226098535,0.8283723414586772,-3.892004547176961,0.25408028231142477,-0.09692997585374263,-0.019872813990460925,-0.050986842105263164,0.010188087774294807,-0.12765957446808518,-0.07313109425785491,0.033898305084745894,-0.016557734204792895,-0.04588910133843216,0.0,-0.09628008752735218
2005-12-31,-0.014281382333539039,-0.06377239606632956,-0.02410608027696637,-0.034527960462706786,-0.006150816156075045,0.025171666791167002,0.016595725412063,0.016595725412063,0.023809523809523725,0.024390243902439046,-0.7901613127520511,0.6624834874504624,-0.920352689657004,-2.9507992662473796,-0.3952375579875099,-0.018334606569900713,-0.022708840227088523,-0.05372616984402079,-0.0015515903801397446,-0.029268292682926744,-0.018118059614260607,0.032786885245901676,0.008418254319893625,-0.06212424849699394,0.008620689655172376,-0.030266343825666064
2006-03-31,0.0444930176077718,0.10041607191666424,0.06076206589638278,0.08137333445775008,0.024573963115710917,0.01076287374670426,-0.15808111177924766,-0.15808111177924766,-0.16279069767441867,-0.16666666666666674,0.6249047350806853,-0.43782280492649983,-2.566355451817272,-1.4005944185109311,0.2618052126200274,0.20817120622568108,0.023236514522821716,0.0219780219780219,0.024864024864024836,0.21105527638190957,0.22380952380952368,0.0335097001763669,-0.019112478031634406,0.012820512820512775,0.008547008547008517,0.01762220301546158
2006-06-30,0.004939118438083812,0.012604392632212358,-0.03732565486313666,0.08133674649114764,0.05854190264981041,0.03564136376794069,0.2937333015898209,0.2937333015898209,0.3055555555555556,0.3142857142857145,1.4288307027203393,0.45207936939385696,-8.104204364023417,-1.1901747914658172,-0.03945835000260911,-0.0025764895330113724,0.02676399026763976,0.03405017921146958,0.058377558756633974,-0.024896265560165998,-0.03453307392996097,0.03242320819112621,0.05330347144456882,0.03164556962025311,0.0,-0.0635587222196008
2006-09-30,-0.00532039676097229,-0.004858713022495631,-0.029084747393685606,0.026449779675318696,0.0204660360559199,-0.03261243219798993,-0.01893389494346409,-0.01893389494346409,-0.02127659574468077,-0.021739130434782594,0.010637672641786722,-0.35674441241436117,0.3703104398897279,0.10601719197707737,-0.04543437910272086,-0.0019373587342589316,-0.0023696682464454666,0.015597920277296229,0.02077363896848139,-0.05957446808510647,-0.05037783375314864,0.03140495867768611,0.025940888794386607,0.0122699386503069,0.0,-0.030535120427290008
2006-12-31,-0.018167561696306733,-0.0014999703292539746,-0.022998612459403045,-0.024329622382339156,-0.014319003615909986,-0.003027679745652767,-0.13288593401554782,-0.13288593401554782,-0.15217391304347827,-0.1333333333333333,-0.49785664440235267,0.20975439413339547,-0.8260879072818719,-2.3417696293343964,0.06386409553529937,0.09090909090909083,-0.03958828186856678,-0.025597269624573427,-0.012631578947368438,0.07239819004524883,0.06472148541114042,0.03044871794871784,0.003937823834196941,-0.022222222222222254,0.0,0.02338877338877343
2007-03-31,0.016518871776950883,0.04727204236581484,0.026611904737132264,-0.02445022549081388,0.005053613547678859,0.0094748261431028,0.15986059367864436,0.15986059367864436,0.17948717948717952,0.15384615384615374,0.20953279068228436,-0.03646685268931016,-0.8669055702250723,3.5578493984850734,0.27360912981455066,0.015124555160142217,0.04204451772464979,0.06129597197898429,0.004975124378109541,0.025316455696202445,0.03388141504733433,0.03265940902021769,-0.011354252683732469,0.05785123966942152,0.0,0.07353986795327572
2007-06-30,0.018520916350782235,0.01492473463743238,-0.00645011312876409,-0.017548359950837256,0.04424602302875047,0.013958399788809084,0.026317970822281156,0.026317970822281156,0.021739130434782483,0.04444444444444429,0.571283973245428,0.19477731176353097,30.231459612659425,-0.6588894681960376,0.0732806899641576,-0.024832018697049207,-0.010284810126582444,0.0,0.08698727015558694,-0.02880658436214001,-0.08096385542168671,0.031626506024096335,0.025266235122154868,0.005859375,0.0,0.033068407607153016
2007-09-30,0.016850870432316034,0.011877757505533326,0.0629141964962523,0.021956740206437342,-0.03202571015233846,-0.017531622225597232,-0.17136453579937816,-0.17136453579937816,-0.14893617021276584,-0.14893617021276584,-0.09014145810663765,-0.07486731580926909,-0.20087118290303552,0.16211310661062295,0.07934592606120683,-0.06321150389454777,-0.037569944044764214,-0.044554455445544594,-0.03188028627195827,-0.13983050847457634,-0.06816990036706871,0.03065693430656924,-0.0480651731160896,-0.03689320388349515,-0.008474576271186418,-0.009891468608325238
2007-12-31,-0.002515748825186903,-0.033472269804822985,-0.04624128721060583,-0.01746885419462041,0.04473204505970818,0.00774353260995575,0.04127780891347266,0.04127780891347266,0.02499999999999991,0.0,0.08805970149253728,-0.19550536420101639,0.8231130289953819,-2.48557336621455,-0.10920891220140072,-0.1132075471698113,-0.00830564784053145,-0.006908462867012077,0.053763440860215006,-0.08374384236453192,-0.08722566122678677,0.02974504249291776,0.047282841249465246,0.004032258064516014,-0.008547008547008517,-0.016280468063456843
2008-03-31,0.023321142221147007,0.06275248627239893,0.02971565989870051,0.0027555888130204043,0.01620782266509302,0.03792161915781356,-0.009360447429387131,-0.009360447429387131,0.024390243902439046,0.04999999999999982,-0.5111585944919278,-0.2110109772874028,-0.7787928492826444,-1.541555998229305,0.06639350378877817,-0.09159754778218532,-0.04941373534338356,-0.045217391304347876,0.015943877551020336,-0.13440860215053763,-0.09679408138101098,0.030261348005502064,-0.006945863125638385,-0.04417670682730912,-0.008620689655172376,0.05985236729512433
2008-06-30,0.03521807519880893,0.06629043217309771,0.014246453196856024,0.1621441617244037,0.054806021967002794,0.03449553564830743,0.09637871164339873,0.09637871164339873,0.11904761904761907,0.09523809523809534,0.3014228410051625,0.0422374835426822,0.7354984043551718,0.4117707162562583,0.08789663859131269,-0.002381897578404235,-0.037885462555066085,-0.03642987249544616,0.0546139359698683,-0.018633540372670843,0.015017064846416295,0.029372496662216196,0.018926146883357475,-0.031512605042016806,0.0,-0.08251264306627626
2008-09-30,-0.053285885544978595,-0.03999031346947768,-0.03263590364884561,-0.0789182195281698,-0.0722740700091421,0.004386918228211689,-0.04632322840583458,-0.04632322840583458,-0.06382978723404253,-0.0434782608695653,0.08634416033172077,-0.03912598156367364,0.25027041644131964,-2.598682782080046,-0.12916561898803014,0.025069637883008422,0.009157509157509125,0.018903591682419618,-0.0720238095238096,-0.03164556962025322,0.03093476798924022,0.028534370946822207,-0.019987886129618437,-0.002169197396963196,0.01739130434782621,0.04230732037520535
2008-12-31,-0.1182164584614308,-0.2055246170961399,-0.10379404401320125,-0.2649017472005577,-0.13330119359024528,-0.11824541939207,-0.2498249101958746,-0.2498249101958746,-0.22727272727272718,-0.25,0.10703970889474146,0.15644542353610014,2.4515842976100357,3.774774774774775,-0.7082135854529827,-0.0753105590062112,-0.020871143375680634,-0.025974025974026094,-0.1353431686978832,0.0,-0.09654272667971298,0.02774274905422458,-0.01709929954676548,-0.0434782608695653,0.017094017094017033,0.08076262930834543
2009-03-31,-0.016134632787138448,-0.021424544449849314,-0.03678154373160736,0.028870432760129017,0.004919307464885669,-0.0282080117620761,0.10555639210962209,0.10555639210962209,0.0588235294117645,0.09090909090909083,0.7044822434202964,-0.32473038989768643,-0.4058426909965911,-1.2819948800606809,0.6844479219404427,-0.09487825356842994,0.004633920296570837,0.003809523809523707,0.004451038575667532,0.045751633986928164,-0.05631768953068583,0.02822085889570558,0.021379165793334654,-0.006818181818181723,0.01680672268907557,-0.04888831659369908
2009-06-30,0.05570883077755262,0.05816941467650438,0.008156825644967558,0.12434843924988126,0.10119831061482243,0.027254198220758363,0.32173794606374284,0.32173794606374284,0.3055555555555556,0.3055555555555556,-0.1979744718725347,1.4394849394849394,-0.3062287751270856,-0.7691480061865376,0.09380294005136891,0.08209647495361772,0.045202952029520294,0.05313092979127143,0.019202363367799125,0.07499999999999996,0.12241775057383308,0.026252983293555854,0.04309460291401601,0.04576659038901587,0.0,-0.05884742091249595
2009-09-30,0.36811351855111507,1.0379512963114017,0.5715228813425972,0.11525659944253164,0.18424097304059073,0.03757131694096927,-0.2613507553430473,-0.2613507553430473,-0.2978723404255318,-0.2978723404255318,0.08143191027861385,-0.8704840063415089,-14.700936426378037,148.13341101077773,12.789463166046314,0.10458636948135447,-0.08561341571050307,-0.11351351351351346,0.18188405797101437,0.08720930232558155,0.09815950920245387,0.02674418604651163,-0.13436946685028517,-0.028446389496717628,-0.0826446280991735,0.8273315751618318
2009-12-31,-0.02041499722858109,-0.03296090705545984,-0.05469038365874179,-0.03546960798006449,0.022159911324086456,0.00773586374912405,-0.2703683035714286,-0.2703683035714286,-0.33333333333333337,-0.33333333333333337,-0.37863051184775176,2.74985599078341,-1.0991850434107238,-1.0374285853801455,-0.03471429658373282,0.092743500194024,-0.11389961389961378,-0.12398373983739841,0.014714898835070711,-0.07486631016042788,0.17318435754189943,0.02491506228765572,0.04340909090909095,-0.0563063063063064,-0.07207207207207211,0.002597811540580919
2010-03-31,0.1057129512142041,-0.2731939792993535,0.2178291804323691,0.2893332444198875,-0.017366770673248544,0.12788061164564124,0.1771701720841301,0.1771701720841301,0.27272727272727293,0.27272727272727293,-1.017615854268842,46.599984638426974,-3.6778159363708567,25.140769732550556,-0.9400931042604442,0.026633522727272707,-0.09912854030501106,-0.13921113689095121,-0.01812688821752273,0.011560693641618602,0.1084656084656086,0.025414364640883758,-0.11130472663907653,-0.08591885441527447,-0.058252427184466105,-0.43629606365159135
2010-06-30,-0.004013793674983113,0.017219222791919675,-0.012729209182362422,0.004164246881617428,0.008044991923412681,0.24320147514654078,0.9374005132703116,0.9374005132703116,0.9285714285714286,0.9285714285714286,-90.12571022727273,-0.982982856995327,-1.3476844154433574,-1.0164137166927019,0.2575733842924721,-0.008993427879626426,0.0338573155985491,-0.010781671159029615,0.007384615384615545,0.005714285714285783,0.05202863961813842,0.024784482758620774,0.01225490196078427,-0.02872062663185393,0.020618556701030855,0.013000278577398161
2010-09-30,8.297539120927233e-05,0.032667024597395455,-0.032876032131215815,0.0033670281414681646,0.044378188200816515,0.01899363493581796,0.02984624155334603,0.02984624155334603,0.0185185185185186,0.0185185185185186,-0.004287228362645279,-3.4021904039446236,0.8642884606142163,-0.2573583069812697,0.15210622026256138,0.022338568935427627,0.15204678362573087,0.14713896457765663,0.05375687232742821,0.017045454545454586,-0.029945553539019953,0.024185068349106276,0.044067796610169685,0.06451612903225823,0.07070707070707072,0.029196076633971835
2010-12-31,-0.009501396251348826,-0.04187317279631719,-0.023501962602891724,-0.009621321787747217,0.007324935488797868,-0.03521792170687632,-0.13267881274524174,-0.13267881274524174,-0.12727272727272743,-0.12727272727272743,-0.048026826515994214,-1.4222472220577496,-0.10735945243972389,-3.6280707500818865,-0.3469696642089559,0.09696142027995913,0.14010152284263944,0.12826603325415675,0.017971014492753623,0.03910614525139677,-0.054724041159962544,0.02361396303901442,0.01716141001855287,0.07070707070707072,0.05660377358490565,-0.032553996882654035
2011-03-31,0.02899134380240387,0.08540689704066828,0.04873178796293587,-0.0448405722841162,0.0038470480516572536,0.060597057714190994,-0.038670921719542006,-0.038670921719542006,-0.02083333333333337,-0.02083333333333337,-1.0719714165615806,1.0316443862765263,-1.3615228551006116,-0.8648033900417523,-0.0718329911926362,-0.0124494242141302,0.08281389136242212,0.09473684210526301,0.019931662870159572,-0.026881720430107503,-0.15141019297377545,0.02407221664994985,-0.024623803009575895,0.03537735849056611,0.05357142857142838,0.13634689744061856
2011-06-30,0.021134976371192993,0.05346111427932598,0.03659077971057623,0.08133895624670529,1.218960237525657e-05,0.034574925930288325,0.059402460456942086,0.04381956649091978,0.08510638297872353,0.08510638297872353,-11.573998364677024,-0.23306108363050726,-1.6830364275443361,-4.841438119382346,0.2972977793632392,0.021430822565395413,-0.04029605263157898,-0.03461538461538449,0.018983807928531604,0.0,-0.07346938775510192,0.023506366307541438,-0.020570359981299746,-0.04555808656036453,0.016949152542372836,-0.02576359069918177
2011-09-30,-0.03532306380446293,-0.05809488322179657,0.03819560508910702,-0.055626130918413286,-0.10833403555186694,-0.009009502123746516,0.029621027796210342,0.029483294047218278,0.03921568627450989,0.03921568627450989,0.8617383235385092,2.432548372581371,-0.21397035174410106,0.5118790496760259,0.3464727152736722,-0.03085467448318413,-0.005141388174807249,-0.02589641434262957,-0.10465753424657531,-0.04972375690607744,-0.016362492133417228,0.022966507177033524,-0.07565632458233895,-0.04057279236276845,0.008333333333333304,-0.0026195426195425586
2011-12-31,-0.0054730193222258805,-0.019539446325387844,0.028772359299650274,0.035404450949371835,-0.05965120204652219,-0.06460683052563754,-0.5925455163894806,-0.5864074141377431,-0.5849056603773586,-0.5849056603773586,0.011036479718985026,-0.18837831224218693,1.5659338615481904,-0.5292460317460317,0.12113383639835407,-0.055078000636739954,-0.10680447889750211,-0.14314928425357876,-0.0605875152998776,0.058139534883721034,-0.04606525911708259,0.022450888681010417,-0.05447973147430918,-0.1467661691542289,0.0,-0.05307041314045102
2012-03-31,0.016357809521428734,0.052984775447043386,0.002859395524516417,0.009076712147984223,0.03972118123788393,0.02729998968623315,0.9318980667838312,0.9083040421792619,0.909090909090909,0.909090909090909,-0.7134842011362036,-0.7590261551217306,-0.6587996520730647,-0.731180982887971,0.029044773944405966,0.05154986522911065,-0.008678881388621051,-0.038186157517899666,0.03973941368078182,0.1153846153846152,0.2099262240107309,0.02287282708142735,0.02293828509011453,-0.04081632653061218,0.0,0.04349740248305012
2012-06-30,-0.02182064381340787,-0.012988286937835825,-0.00949358215493501,0.008639042076276526,-0.04240017605441149,0.006020744591982652,-0.037298157834887435,-0.03605553381069693,-0.023809523809523836,-0.04761904761904756,0.935272429332241,0.4710666249609008,0.9231815091774302,3.4562558795860774,0.12581316103907603,0.009291893623838421,-0.021400778210116767,-0.057071960297766844,-0.04448621553884713,-0.029556650246305383,0.03935698447893565,0.022361359570661987,-0.021089161772557263,-0.054711246200607855,0.0,-0.0214327904818159
2012-09-30,-0.00428375200800879,-0.012671594508975703,-0.022352119407374693,0.005762858377755364,0.026917216861350957,-0.018952096401402274,0.11977321048901479,0.12021401103494389,0.09756097560975618,0.125,0.554826418289585,0.5856140457458765,1.215889006716154,-1.2744352966012245,-0.030660377358490587,-0.020952380952380945,-0.03976143141153077,-0.047368421052631504,0.02688524590163932,0.025380710659898442,0.04746666666666677,0.021872265966754068,0.031360785383146794,-0.03858520900321538,-0.008264462809917328,-0.018323704406311925
2012-12-31,-0.02132385606397158,-0.04057879836426548,-0.04305644342496151,-0.07892852026930242,0.01440405539070233,-0.041854325205777254,-0.1540084388185654,-0.15138592750533053,-0.1333333333333333,-0.1333333333333333,-0.10755616065350582,-0.17049808429118773,-0.03688933200398803,1.358974358974359,-0.07461476074614759,0.05804150453955903,0.0993788819875776,0.1187845303867403,0.01724137931034475,0.02970297029702973,0.11507128309572301,0.021404109589041154,0.03648863035430994,0.12040133779264228,0.0,0.04163555711713296
2013-03-31,0.028597367226509407,0.09252459016393444,0.05084878968877704,-0.002177293934681135,-0.005911390090803881,0.01710025123591863,0.2294264339152119,0.2386934673366834,0.23076923076923062,0.20512820512820507,-0.9359267734553776,-0.38337182448036955,-1.5569358178053831,-5.195652173913044,0.3382997370727432,0.13484523444682806,0.03672316384180796,0.03703703703703698,-0.005021971123666091,0.1153846153846152,0.018721461187214627,0.021793797150041927,-0.033418367346938815,0.04179104477611939,-0.008333333333333304,0.09491082345996538
2013-06-30,-0.03713940632693824,-0.03103055038713165,-0.04528457108668016,-0.0020261845386533306,-0.023786169691024983,0.03354581673306778,0.07707910750507097,0.0730223123732252,0.0625,0.08510638297872353,10.19047619047619,-1.3108614232209739,-2.79182156133829,-1.0647668393782384,-0.016371971185330736,0.06724277612746432,0.05903723887375101,0.06904761904761902,-0.023974763406940047,0.07327586206896575,0.03585835948005389,0.021328958162428302,0.013723937714436474,0.06590257879656147,0.008403361344537785,-0.029074245224892104
2013-09-30,0.012037148715474677,-0.012388503468780954,-0.017664799655320973,0.037794783695142886,0.05965837729213774,-0.02975869246781282,0.016949152542372836,0.020793950850661602,0.03921568627450989,0.019607843137254832,0.7021276595744681,-11.493975903614459,-0.25311203319502074,-3.16,0.03595206391478034,0.02150809716599178,0.02658662092624353,0.04008908685968815,0.05946994182288301,0.04819277108433728,-0.04024231934227607,0.02088353413654631,0.047123145014319245,0.045698924731182755,0.0,-0.04834807440606037
2013-12-31,-0.020307956333126764,-0.05638484696437529,-0.032934609250398705,-0.09420617005267118,-0.0015408320493066618,-0.031227651966626913,0.040740740740740744,0.040740740740740744,0.018867924528301883,0.03846153846153855,-0.3075,-0.4225028702640643,-0.026388888888888906,-3.574074074074074,-0.08933161953727509,-0.022789199900916435,0.07602339181286544,0.08779443254817987,0.010982306284319732,-0.07662835249042133,-0.059062218214607665,0.020456333595594067,0.01914470412729985,0.08483290488431883,0.0,0.04176044011002755
2014-03-31,0.009245292199892896,0.051977401129943424,0.018883483136802104,0.07160657916597435,-0.00462962962962965,0.015255905511811108,-0.1245551601423488,-0.1245551601423488,-0.11111111111111116,-0.11111111111111116,-0.8871841155234657,-1.9701789264413518,-0.23823109843081314,-1.7553956834532374,0.07410021171489056,-0.011406844106463976,-0.006987577639751441,0.007874015748031482,0.0036210018105007347,-0.024896265560165998,-0.08385241974125535,0.02081727062451799,-0.013661868748475192,0.004739336492890933,0.008333333333333304,-0.018322931669066955
2014-06-30,0.0011571283930380538,0.0073924306564732145,-0.005462932988022029,-0.04511627906976745,0.010912343470482977,0.003069962837291884,0.33739837398373984,0.33739837398373984,0.3750000000000002,0.35416666666666674,3.6319999999999997,-1.625,0.03370786516853941,-3.380952380952381,-0.16425755584756896,0.034871794871794926,0.044566067240031204,0.05859375,0.020444978953698234,0.03404255319148941,0.029811715481171452,0.020392749244712904,0.009646302250803984,0.07075471698113223,-0.016528925619834767,0.054975955660607756
2014-09-30,-0.03183241030580308,0.035373808329151935,-0.012979615087276741,0.017048222113979605,-0.059163569869639554,-0.3464884020618557,-0.7416413373860182,-0.7416413373860182,-0.7424242424242424,-0.7384615384615385,0.0,0.0,0.0,-0.956,-0.00864779874213839,-0.02452923686818642,-0.15269461077844315,-0.15498154981549817,-0.058927519151443675,-0.04526748971193428,-0.08684611477907567,0.01998519615099914,-0.02817246447819699,-0.08149779735682827,-0.07563025210084018,0.018039942828446787
2014-12-31,-0.100900318344608,-0.2198933850254422,-0.10046170335559401,-0.2314814814814815,-0.1015673981191223,0.2973872319447868,2.476470588235294,2.476470588235294,2.529411764705882,2.4705882352941173,0.0,0.0,0.0,70.81818181818181,-0.626486915146709,0.03556007112014248,0.05477031802120158,0.048034934497816595,-0.07952410770194118,0.09913793103448265,0.23248053392658496,0.019593613933236664,-0.0007562389715151108,0.05515587529976007,-0.00909090909090915,0.015064126887758933
2015-03-31,-0.01228181793034766,0.0092405653051717,0.027633930617295244,0.058163689239717487,-0.07306350314026522,-0.011969222000569935,-0.07952622673434862,-0.07952622673434862,-0.08333333333333326,-0.06779661016949146,0.47150259067357503,0.16393442622950816,-0.35144927536231885,-1.1670886075949367,0.28025477707006363,0.14275202354672545,0.08710217755443872,0.06458333333333321,-0.07278911564625845,0.2431372549019608,0.11236462093862798,0.019928825622775648,-0.06155398587285554,0.07500000000000018,-0.00917431192660556,-0.04624126200889689
2015-06-30,0.0008681771081300305,-0.007001615757482482,-0.004593292900463841,-0.013741656851197437,0.010088082511480856,-0.009422170945101449,0.2058823529411764,0.2058823529411764,0.23636363636363633,0.21818181818181825,0.5645539906103287,0.12112676056338034,0.7988826815642458,1.0833333333333335,0.45605306799336653,-0.021678471775059105,0.06086286594761159,0.03913894324853229,0.02054292002934699,0.05362776025236582,-0.05638945233265713,0.01953942777390094,0.009139784946236462,0.052854122621564414,-0.01851851851851849,0.006858979383867814
2015-09-30,-0.03522860820415241,-0.054548272121493824,-0.012320236548541752,0.1253980891719746,-0.07333979280017888,-0.011647093079685478,-0.047256097560975596,-0.047256097560975596,-0.044117647058823595,-0.04477611940298509,0.4516129032258065,0.24623115577889454,1.2173913043478262,-1.3345454545454545,-0.10478359908883828,-0.051996489688459824,0.3129992737835876,0.28060263653483997,-0.06901509705248032,-0.06886227544910184,-0.06190885640584698,0.019164955509924697,-0.039424613745338344,0.1706827309236949,0.10377358490566024,-0.15991280314531509
2015-12-31,0.01215232460338167,-0.08293722340599907,0.035289848498593956,0.0419172267421295,-0.028874768760556613,-0.03496022783069819,-0.09119999999999995,-0.09119999999999995,-0.09230769230769242,-0.09375000000000011,-0.27441860465116275,1.776209677419355,-0.8438375350140056,1.108695652173913,-0.2468193384223919,0.0074056931265911174,0.03373893805309747,0.0,-0.015444015444015413,0.08038585209003224,-0.18560953253895507,0.018804566823371394,-0.04048807542983901,0.00857632933104635,-0.008547008547008517,-0.11982762615263431
2016-03-31,0.023869562725657545,0.04075067024128676,0.025543287767262557,-0.041249363435749475,0.020705648500910945,-0.015060547471252628,-0.010563380281690127,-0.010563380281690127,0.0,0.01724137931034475,-0.6253561253561253,-0.7785039941902687,0.452914798206278,-0.5309278350515464,-0.15371621621621623,0.11003905352630361,0.026752273943285054,0.007352941176470562,0.021176470588235352,0.12797619047619047,0.11423747889701752,0.01911667765326297,-0.0031791907514452378,0.025510204081632626,-0.017241379310344862,0.0855488286391155
2016-06-30,0.054350563936077956,0.04671131719045163,0.05519716324176538,0.04019121813031168,0.052742616033755185,0.05517098873850612,-0.09430604982206403,-0.09430604982206403,-0.08474576271186429,-0.10169491525423724,0.9087452471482891,4.065573770491803,-3.0123456790123457,-2.2857142857142856,0.23353293413173648,0.04677152317880795,-0.05263157894736836,-0.07445255474452561,0.05222734254992312,0.0237467018469657,0.030303030303030276,0.01875808538163004,-0.0014496955639315967,-0.05970149253731338,-0.01754385964912264,0.006256062075654878
2016-09-30,-0.0037692777320627036,-0.016406890894175574,8.097493825665047e-05,0.06365957446808501,-0.011099121319562255,0.005776950944874182,0.34774066797642433,0.34774066797642433,0.35185185185185164,0.35849056603773577,0.9462151394422311,-0.6686084142394821,-2.932515337423313,0.4786324786324787,0.2799352750809061,0.01996836694345605,0.01925192519251917,0.006309148264984188,-0.0007299270072992359,-0.028350515463917536,0.08088235294117663,0.018412698412698436,-0.007259001161440182,0.024691358024691246,-0.017857142857142905,-0.07528073642103228
2016-12-31,-0.009965095521035972,-0.027939949958298627,-0.005708270920205649,-0.07809249479916791,-0.01816056118472331,-0.03816199376947038,-0.11807580174927113,-0.11807580174927113,-0.1095890410958904,-0.11111111111111105,-0.5445240532241555,0.46484375,-0.8634920634920635,-1.2832369942196533,-0.06194690265486724,-0.04380693932932744,0.005396654074473872,0.0,-0.0043827611395178545,-0.0450928381962864,-0.0757369614512472,0.018079800498753018,-0.008482012284293683,0.015490533562822595,-0.018181818181818188,0.05441184135091448
2017-03-31,0.01698199531716771,0.026169026169026166,0.024837133550488666,0.08574900190939072,0.001667063586568318,0.007489878542510153,-0.15537190082644625,-0.15537190082644625,-0.15384615384615385,-0.140625,0.061797752808988804,-0.44533333333333336,3.6104651162790695,3.775510204081633,-0.3153638814016172,0.011757551185890946,-0.027375201288244777,-0.03448275862068961,0.006603081438004477,0.016666666666666607,-0.012266928361138407,0.018371096142069776,-0.015044247787610598,-0.028813559322033888,-0.0092592592592593,-0.05486629430082546
2017-06-30,0.013628665184714617,0.03695652173913033,0.019308700834326675,0.11127098321342932,0.002298304010144303,0.01677717500502318,-0.452054794520548,-0.452054794520548,-0.4363636363636364,-0.4545454545454546,0.12169312169312163,0.32451923076923084,-0.4010088272383354,-1.1794871794871795,0.08267716535433078,-0.06231216189140454,-0.0932671081677704,-0.10389610389610393,0.015306122448979442,-0.06830601092896171,-0.04719324391455537,0.018039687312086716,-0.011081162024558222,-0.09598603839441533,0.0,-0.06688980701846137
2017-09-30,0.012113933634441132,0.01991614255765195,0.013719987527283983,0.012372320529420167,0.008855855143512281,0.02272502717122804,0.9857142857142858,0.9857142857142858,0.967741935483871,1.0333333333333332,-0.06603773584905659,-0.2068965517241379,0.4042105263157896,-3.4523809523809526,-0.18727272727272726,-0.03376068376068375,-0.061472915398660954,-0.0688405797101449,0.008614501076812608,-0.04692082111436957,0.06673618352450483,0.01772002362669811,-0.0033313143549363877,-0.06563706563706562,-0.009345794392523366,0.00745432126443224
2017-12-31,-0.045605798746356396,-0.02197802197802201,-0.03925715164564747,-0.053431860167685086,-0.058546908064895375,-0.030431842334074033,-1.7320143884892087,-1.7320143884892087,-1.737704918032787,-1.737704918032787,-0.19696969696969702,-0.14187643020594964,-0.7931034482758621,-3.563106796116505,0.5906040268456376,0.022335249889429365,-0.5129701686121919,-0.5175097276264592,-0.06049822064056953,0.012307692307692353,0.07575757575757569,0.017411491584445882,-0.013369796414463786,-0.5206611570247934,0.009433962264151052,0.03321279554937395
2018-03-31,0.014567961296251264,0.03888125454692415,0.006763517028854915,0.02492118300555468,0.030802530802530814,0.02371462734157026,-2.169533169533169,-2.169533169533169,-2.155555555555556,-2.155555555555556,-0.31698113207547174,0.2293333333333334,0.6304347826086956,-1.4318181818181819,-0.16033755274261607,-0.01146441704520862,-0.031957390146471365,-0.03629032258064513,0.03106060606060601,0.05167173252279622,1.055883689232167,0.01768397033656588,0.0160147828765016,-0.04310344827586199,0.009345794392523477,0.013622657764376545
2018-06-30,-0.03447173530822101,-0.03376906318082784,-0.023771664811575777,-0.02050681119085984,-0.05621062833144885,0.0057426513529297285,-0.018907563025210128,-0.018907563025210128,-0.019230769230769273,-0.019230769230769273,0.9613259668508287,-0.23861171366594358,2.3155555555555556,-0.23684210526315785,-0.14572864321608037,-0.05908096280087538,0.22971114167812923,0.22175732217573207,-0.0565760470242469,-0.08670520231213863,-0.030276243093922628,0.017376681614349687,-0.02273416186723254,0.19819819819819817,0.0185185185185186,-0.013545816733067761
2018-09-30,-0.005518154729058589,0.01401191818328229,-0.01575861226484243,0.0550321519365935,0.016002053739517352,-0.006677634762411677,0.2312633832976445,0.2312633832976445,0.23529411764705888,0.23529411764705888,0.33615023474178396,-0.14529914529914534,0.3646112600536193,-2.2988505747126435,0.2215686274509805,0.09883720930232553,0.03691275167785246,0.03767123287671237,0.015576323987538832,0.16455696202531644,-0.09503190519598914,0.017079889807162685,0.02171215880893307,0.022556390977443552,0.009090909090909038,-0.03887991383952616
2018-12-31,-0.009266452114082835,-0.019536213468869135,-0.02565057300070328,-0.005527994330262187,0.02408826749768389,-0.022992985190958715,0.28521739130434787,0.28521739130434787,0.3015873015873014,0.2857142857142858,0.11314125087842597,-0.043333333333333335,0.17092337917485256,0.22123893805309724,0.2215088282504012,-0.026666666666666616,1.0248112189859762,1.046204620462046,0.02300613496932513,-0.04076086956521752,-0.042810375220347585,0.01679306608884068,0.033697632058287796,1.0294117647058822,0.009009009009008917,-0.01406320035858355
2019-03-31,0.021506580789694807,0.03693503968896805,0.018895163687316918,-0.056584948688711556,0.02656468459577277,-0.001396090945352979,-0.1826792963464141,-0.1826792963464141,-0.19512195121951215,-0.18518518518518523,-0.990530303030303,-0.010452961672473893,-1.070469798657718,-2.333333333333333,-0.24178712220762155,0.09088932376603598,0.05434203516249325,0.06451612903225823,0.025487256371814038,0.06515580736543902,-0.46566692975532753,0.017048481619605704,0.004992657856093929,0.06340579710144922,0.008928571428571175,0.09910780246632944
