Quarter end,Assets,Current Assets,Liabilities,Current Liabilities,Shareholders equity,Revenue,Earnings,Earnings available for common stockholders,EPS basic,EPS diluted,Cash from operating activities,Cash from investing activities,Cash from financing activities,Cash change during period,Cash at end of period,Price,ROE,ROA,Book value of equity per share,P/B ratio,P/E ratio,Cumulative dividends per share,Equity to assets ratio,Net margin,Asset turnover,Current ratio
1993-12-31,0.055152305653074274,0.12789078020588773,0.01918327995800717,0.007477733908731965,0.0939249223642793,0.0,0.0,0.0,0.0,0.0,-0.4574487043923535,-31.657817916438606,-3.0474899940772118,-1.233767396071061,1.0144508670520231,-0.014991181657848296,0.268882175226586,-1.2341513292433537,0.11219512195121961,-0.15412844036697249,-0.2496099843993761,inf,0.036783042394014975,0.3509411050394655,0.023255813953488413,0.11949105661073212
1994-03-31,0.055152305653074274,0.12789078020588773,0.01918327995800717,0.007477733908731965,0.0939249223642793,0.0,0.0,0.0,0.0,0.0,-0.4574487043923535,-31.657817916438606,-3.0474899940772118,-1.233767396071061,1.0144508670520231,-0.014991181657848296,0.268882175226586,-1.2341513292433537,0.11219512195121961,-0.15412844036697249,-0.2496099843993761,inf,0.036783042394014975,0.3509411050394655,0.023255813953488413,0.11949105661073212
1994-06-30,0.1809741110649561,0.012127447281432335,0.46445334777231695,0.9796690617583692,-0.10372261053322529,-0.17018176120338457,-1.6891084484813348,-1.6891084484813348,-1.7361111111111112,0.0,-0.4574487043923535,-31.657817916438606,-3.0474899940772118,-1.233767396071061,-0.11772217506591454,-0.059982094897045646,0.268882175226586,-1.2341513292433537,-0.10526315789473673,-0.15412844036697249,-0.2496099843993761,inf,-0.2409300461014232,0.3509411050394655,0.023255813953488413,-0.48871685060121883
1994-09-30,0.0036873143811038123,-0.030416111709327898,-0.04606282567305997,-0.1055557090112238,0.0853246119160791,0.3078041503804829,-2.5234461725423296,-2.5234461725423296,-2.4716981132075473,0.0,-0.24226996014540358,-0.8525995994893936,-1.3755434782608695,3.0518121490556407,-0.5406325826912435,0.1695238095238094,0.268882175226586,-1.2341513292433537,0.09313725490196068,0.30585683297180033,-0.2496099843993761,0.0,0.0813308687615526,0.3509411050394655,0.023255813953488413,0.0839776632302407
1994-12-31,0.017204408115336634,0.032241188360334405,-0.03353513623846194,-0.05709832857582553,0.0903858558126458,0.15672345750312822,0.3361917545541706,0.3361917545541706,0.33333333333333326,0.0,1.1010042626977818,-1.6726891010759635,0.8259768451519538,-1.4047874015748032,0.476396997497915,0.13843648208469062,0.268882175226586,-1.2341513292433537,0.094170403587444,0.04152823920265791,-0.2496099843993761,1.0,0.07179487179487198,0.3509411050394655,0.023255813953488413,0.09470972855161475
1995-03-31,0.08829225393135309,0.13374228037538294,0.0033702692537236345,-0.07433139842725656,0.19685490231768,0.11227934405130413,0.222127825677646,0.222127825677646,0.1730769230769229,0.0,0.26157496561210447,-3.44227710590283,-0.5460925366075025,0.4363523187052598,0.46347556459408223,0.1773962804005722,0.268882175226586,-1.2341513292433537,0.19672131147540983,0.07655502392344515,-0.2496099843993761,0.0,0.0997949419002051,0.3509411050394655,0.023255813953488413,0.22479638009049774
1995-06-30,-0.03092069927828356,-0.15311799059923348,-0.11120656677130003,-0.19116327178075532,0.05512300990099006,-0.2799751617540889,-0.584085635644569,-0.584085635644569,-0.5655737704918032,0.0,-0.4531572835858324,-0.8652437825616829,0.9650787839531381,-2.393011917659805,-0.44116007171102856,0.1585662211421628,0.268882175226586,-1.2341513292433537,0.0513698630136985,-0.032592592592592506,-0.2496099843993761,0.5,0.08866790967474603,0.3509411050394655,0.023255813953488413,0.04706664696320395
1995-09-30,0.4753206337082412,0.28083259505295555,1.4338409772627942,1.1549838365604317,-0.39000405977721675,0.4067247147814883,-8.195789901636381,-8.195789901636381,-5.981132075471698,0.0,-0.1379836305815032,148.34886477614663,-12.21428264327787,-1.243923779895003,0.192558596448142,0.0671211326691139,-1.2757142857142858,-1.2341513292433537,-0.3908794788273615,0.015313935681469992,-0.2496099843993761,0.0,-0.586489058039962,0.0,-0.05681818181818188,-0.4056171053560087
1995-12-31,0.044363980993986196,0.1069899042482172,0.0003006617839191872,0.03648818630180739,0.2030798039605637,0.23651263793893018,-1.356536614457453,-1.356536614457453,-1.3409090909090908,0.0,0.7081694962298191,-0.9566746382125014,-1.063065895291879,-2.78333997608609,-0.28795016346178604,0.15233415233415215,-0.316062176165803,-0.40829694323144106,0.19786096256684504,0.8914027149321266,0.0,0.33333333333333326,0.15186378278877144,0.0,-0.036144578313252906,0.06802801852071694
1996-03-31,0.02750794244851318,0.05062556242561467,-0.03426295517441891,-0.01981422208353545,0.2125042451421253,0.10551462059916039,0.16692197307837908,0.16692197307837908,0.2666666666666666,0.0,0.9287416554955248,-0.6865408734129053,1.2236316845326147,-2.8423475773288036,0.7450381403419977,0.22004264392324102,-0.470959595959596,-0.5313653136531366,0.20982142857142838,0.018341307814992103,0.0,0.0,0.18018377946464237,0.0,-0.012499999999999956,0.0718096931969765
1996-06-30,-0.027904096638613596,-0.13795485314839884,-0.07110424004273541,-0.08023899133986068,0.0751439937043672,-0.2867576470927269,-0.5473389186681202,-0.5473389186681202,-0.7192982456140351,0.0,-0.5541966940350114,0.033986693040819915,-0.5489091803816502,-0.902952665162433,0.04620930401185008,0.14260747990213196,-0.5513126491646778,-0.5984251968503936,0.07749077490774914,-0.055599060297572334,0.0,0.25,0.10595802301963442,0.0,-0.03797468354430378,-0.06274631819124665
1996-09-30,0.05455291222313363,0.11618589743589736,0.01401157477916537,0.08182476466328747,0.13810420590081618,0.25,0.8583333333333334,0.8583333333333334,0.8437499999999998,0.0,0.12598425196850394,-1.0869565217391304,0.31313131313131315,2.75,0.14851485148514842,0.05689813398592847,-30.090425531914896,-33.90196078431372,0.13356164383561642,-0.019071310116086315,0.0,0.0,0.07927762473217026,-0.03685393258426972,0.026315789473684292,0.031758326878388976
1996-12-31,0.17483469467133417,0.1880832735104092,0.36046860919194956,0.1097724230254351,-0.16602316602316602,0.06363636363636371,-2.403587443946188,-2.403587443946188,-2.457627118644068,0.0,0.5944055944055944,-545.0,-8.23846153846154,4.533333333333333,0.7155172413793103,0.11895803183791598,-0.6628268422014993,-0.66626936829559,-0.16012084592145026,-0.012679628064243498,0.3279625779625781,0.19999999999999996,-0.2901304594441293,-0.6509566028931404,-0.03846153846153855,0.07057057057057059
1997-03-31,0.00711802681675211,0.07552870090634434,0.011481563258997518,0.04161640530759958,-0.005952380952380931,0.14434947768281092,-2.0734824281150157,-2.0734824281150157,-2.0348837209302326,0.0,0.2807017543859649,-0.9034926470588235,-1.2561105207226355,-1.6746987951807228,-0.2814070351758794,-0.24857734092084838,0.2364425162689805,0.18035714285714288,-0.003597122302158251,-0.1053082191780822,1.1056751467710368,0.0,-0.013184178985217843,0.21122994652406413,-0.026666666666666727,0.032558605489881653
1997-06-30,-0.03369493754109143,-0.12191011235955052,-0.07640253219821003,-0.09785755645628258,0.09647371922821035,-0.2605809128630705,-0.5357142857142857,-0.5357142857142857,-0.5280898876404494,0.0,-0.3938356164383562,-0.7333333333333334,-0.34024896265560167,-0.8035714285714286,-0.07692307692307687,0.10602409638554233,0.08903508771929824,0.05143721633888054,0.09025270758122739,0.11004784688995217,-0.04702602230483266,0.22222222222222232,0.1348178137651821,0.07174392935982343,-0.013698630136986356,-0.026680896478121552
1997-09-30,0.03725123320292556,0.11324376199616126,-0.006854171590640501,0.08664955070603342,0.15048543689320382,0.2592592592592593,0.7435897435897436,0.7435897435897436,0.1428571428571428,0.0,0.384180790960452,0.1785714285714286,0.320754716981132,-0.5454545454545454,-0.037878787878787845,0.32306255835667574,0.10753121224325435,0.07625899280575532,0.14900662251655628,0.21379310344827585,0.19582601911449182,0.0,0.10916874777024632,0.0875386199794026,-0.01388888888888895,0.0245215311004785
1997-12-31,0.05428009183338789,0.16436781609195394,0.024750118990956693,0.06261075014766693,0.11972573839662437,0.10427807486631013,0.25,0.25,0.29166666666666674,0.0,-0.09387755102040818,0.7575757575757576,-0.4476190476190476,-10.6,0.3779527559055118,0.20865678663843812,1.2396363636363636,1.4104278074866308,0.12103746397694515,0.05184659090909083,0.35165552112216614,0.18181818181818188,0.0620778385332903,1.3456439393939394,0.028169014084507005,0.0957384705195563
1998-03-31,0.04308601648778976,0.11303060217176708,-0.01881096144914074,0.04280155642023353,0.1686292981629769,0.18401937046004835,0.17941176470588238,0.17941176470588238,0.27419354838709675,0.0,0.7837837837837838,-0.10344827586206895,1.2672413793103448,0.5833333333333333,0.4342857142857144,0.007201245620864105,-0.0681928884559182,0.03272323904603458,0.16709511568123392,-0.10195813639432816,-0.6517436949438881,0.0,0.12053301029678987,0.0,0.027397260273972712,0.06730598472740179
1998-06-30,0.04249925439904567,0.1019955654101996,-0.0002366863905325367,-0.5282515991471215,0.11527609834744057,-0.2862985685071575,-2.199501246882793,-2.199501246882793,-2.10126582278481,-2.45,-1.2222222222222223,3.8269230769230766,-3.1140684410646386,1.8421052631578947,0.8605577689243027,0.08270531400966186,-0.5999303014462449,-0.5644468313641247,0.08590308370044042,-0.07218045112781957,-0.024255024255024238,0.15384615384615374,0.06972972972972968,-0.5595478401291885,-0.013333333333333308,1.3360232945091517
1998-09-30,0.011300243169789725,-0.06961770623742458,0.05989583333333326,0.23954802259886998,-0.06288398988073729,0.1614135625596944,-1.6112266112266114,-1.6112266112266114,-1.6091954022988506,-1.5977011494252875,-4.625,-1.3466135458167332,-1.933453237410072,-1.5092592592592593,-0.23554603854389722,-0.21470640728181334,-0.03135888501742168,0.004932182490752224,-0.022312373225152005,-0.27714748784440846,0.8600852272727273,0.0,-0.07326932794340568,0.021998166819431786,-0.013513513513513487,-0.24940346878450081
1998-12-31,0.029420084865629414,-0.051038062283736974,0.05427741791378149,0.1868732907930719,-0.013497878904743521,0.11924342105263164,0.2074829931972788,0.2074829931972788,0.24528301886792447,0.23076923076923084,0.46394984326018807,-3.586206896551724,-0.2639691714836223,0.25454545454545463,-0.38655462184873945,-0.12068181818181822,-0.015737410071942293,-0.0036809815950921143,-0.014522821576763545,-0.09977578475336324,-0.28980526918671246,0.13333333333333353,-0.041712104689204055,0.0026905829596413078,0.0,-0.20046498386790668
1999-03-31,0.10882110469909323,0.1991795806745671,0.1315677966101696,0.4308755760368663,0.06684910086004692,0.19691403379867745,0.2901408450704226,0.2901408450704226,0.303030303030303,0.296875,0.2184154175588866,1.4666666666666668,-1.4554973821989527,-2.3043478260869565,0.821917808219178,0.09046265184802271,0.07446322521699389,0.04802955665024622,0.07157894736842096,0.10585305105853071,0.050000000000000044,0.0,-0.037837837837837784,0.06618962432915931,-0.0273972602739726,-0.16194884576583002
1999-06-30,0.41660470879801736,-0.1505131128848347,0.7144729451413594,0.5351583467525496,-0.16636130450714548,-0.24984653161448744,-1.943231441048035,-1.943231441048035,-1.930232558139535,-1.963855421686747,-0.4270650263620387,5.1891891891891895,16.189655172413794,-1.6555555555555554,-0.2957393483709273,0.05404124200047411,0.13052721088435382,-0.062279670975323165,-0.1689587426326129,-0.015765765765765827,0.016641065028161872,0.11764705882352944,-0.41159077468953287,0.043624161073825496,-0.09859154929577463,-0.44660812916017556
1999-09-30,0.03271518544436658,0.05637583892617459,-0.003385388227585495,-0.0346153846153846,0.17802197802197806,0.3134206219312603,-1.7731481481481481,-1.7731481481481481,-1.775,-1.75,0.06134969325153383,-0.8163027656477438,-0.9150785690404547,-0.7542372881355932,-0.10320284697508897,0.1819203957724309,0.050018804061677136,-0.0714285714285714,0.17494089834515347,0.4221967963386728,0.11231427851926479,0.0,0.14070351758793964,-0.01205787781350487,-0.0625,0.09417786308381326
1999-12-31,0.036083347450448944,0.056332062685302775,0.005259697567389976,0.034407823252444736,0.14104477611940291,0.12897196261682242,0.20059880239520966,0.20059880239520966,0.19354838709677424,0.19999999999999996,-0.5317919075144508,-0.8573692551505547,-1.0866141732283465,-2.4482758620689653,0.16666666666666674,0.16533485540334847,0.015042979942693435,-0.05668016194331982,0.13480885311871216,-0.008849557522123797,0.09191759112519793,0.10526315789473673,0.10132158590308382,-0.012205044751830818,-0.033333333333333326,0.021167114957314936
2000-03-31,0.4301013734466972,0.6006415396952687,0.13974275125354252,0.051820728291316565,1.3011772400261608,-0.1920529801324503,-0.01995012468827928,-0.01995012468827928,-0.027027027027027084,-0.05555555555555547,3.518518518518518,-7.111111111111111,11.454545454545455,23.11904761904762,3.445578231292517,0.0785306122448981,-0.34721242060691604,-0.24749642346208878,1.1117021276595747,-0.04951298701298701,0.014513788098693858,0.0,0.6092,-0.060955518945634224,-0.2068965517241378,0.5218735684837379
2000-06-30,-0.08168981878465675,-0.35420841683366733,-0.1189747513389442,-0.10619174434087886,-0.026289612050589772,-0.22336065573770492,-0.9414758269720102,-0.9414758269720102,-0.9444444444444444,-0.9411764705882353,-0.7991803278688525,-1.8018181818181818,0.44890510948905105,-1.686080947680158,-0.531752104055088,-0.18725401150469279,0.26810810810810803,0.5190114068441065,-0.026868178001679288,-0.6148590947907772,-0.08563253627631306,0.09523809523809534,0.060154113845388935,0.6780701754385965,-0.08695652173913049,-0.27752276318759883
2000-09-30,-0.005291334661354563,0.036074476338246786,0.007273122014763267,0.0566108007448789,-0.022183304144775207,0.3588390501319261,5.0,5.0,5.0,4.75,-0.1496598639455783,-0.727891156462585,-0.38287153652392947,-0.6489208633093525,-0.39869281045751637,-0.30135965729186065,-0.31159420289855067,-0.22653316645807253,-0.004314063848145033,-0.28159645232815955,-0.5889584264640143,0.0,-0.01688159437280179,-0.1620491374803973,-0.0714285714285714,-0.019372981981043536
2000-12-31,-0.058389135740659626,-0.08011980531636087,-0.048927686173078966,-0.13041945717307013,-0.07149253731343286,-0.49320388349514566,-3.4782608695652173,-3.4782608695652173,-3.4583333333333335,-3.5652173913043477,2.696,-1.5083333333333333,0.7591836734693878,-1.3811475409836065,0.2527173913043479,-0.3068515062649959,-0.8043343653250774,-0.7880258899676376,-0.06412478336221827,-0.3055555555555556,-0.15334420880913546,0.08695652173913038,-0.013832578106367843,-0.7317529631940112,-0.20512820512820518,0.05778013807753579
2001-03-31,-0.060015951083344454,-0.6894586894586894,-0.05235127478753543,-0.6692338873125253,-0.07088892461019125,-0.0638569604086845,0.19883040935672525,0.19883040935672525,0.22033898305084754,0.22033898305084754,0.40476190476190466,-1.3934426229508197,-0.29234338747099764,2.247311827956989,0.6550976138828633,0.08038461538461528,-3.9272151898734173,-3.9465648854961835,-0.07129629629629641,0.15555555555555567,4.011560693641618,0.0,-0.011608222490930964,0.0,-0.12903225806451601,-0.06115071794356863
2001-06-30,-0.07904970656862054,-0.2608125819134993,-0.0923113715173981,1.9019607843137254,-0.05986159169550176,-0.027285129604365577,-0.1658536585365854,-0.1658536585365854,-0.18055555555555558,-0.18055555555555558,-0.7627118644067796,0.5833333333333333,0.01967213114754096,-1.6589403973509933,-0.2608125819134993,0.12388750444998231,0.7124324324324325,0.7020725388601035,-0.060817547357926216,0.21153846153846145,0.0,0.08000000000000007,0.020797651088818148,0.0,-0.03703703703703709,-0.74524064171123
2001-09-30,-0.04422264875239923,-0.18971631205673756,-0.03965221973389543,-0.03082770270270274,-0.05060728744939269,0.029453015427769902,-0.14912280701754388,-0.14912280701754388,-0.15254237288135586,-0.15254237288135586,0.06493506493506485,0.05263157894736836,-0.21221864951768488,-0.4623115577889447,-0.18971631205673756,-0.07063668039277793,0.5479797979797978,0.5418569254185694,-0.048832271762207946,-0.012698412698412764,0.0,0.0,-0.006711409395973256,0.0,-0.15384615384615385,-0.16414777497900923
2001-12-31,-0.042413045224516055,0.3129102844638949,-0.03607681755829906,0.1755991285403049,-0.05136654390385731,0.02043596730245234,-0.20618556701030932,-0.20618556701030932,-0.19999999999999996,-0.19999999999999996,1.1585365853658538,0.02499999999999991,-0.3387755102040816,-2.336448598130841,0.3129102844638949,0.04533060668030009,-0.022838499184339334,-0.02369200394866733,-0.0535714285714286,0.09967845659163999,0.0,0.07407407407407396,-0.009411196911196962,0.0,0.045454545454545414,0.1170266197890506
2002-03-31,0.025585101920979847,0.8216666666666668,0.08282339547459805,-0.8117123795404003,-0.05659991826726607,0.025367156208277786,0.030303030303030276,0.030303030303030276,0.04999999999999982,0.04999999999999982,0.6355932203389831,-0.46341463414634143,-0.6419753086419753,2.4475524475524475,0.8216666666666668,-0.13042060645582,-0.0847245409015025,-0.10212335692618801,-0.05896226415094341,-0.07894736842105265,0.0,0.0,-0.08014616321559076,0.0,0.04347826086956519,8.674460431654678
2002-06-30,-0.06551611320137407,-0.3357731015553522,-0.10763569457221711,5.187007874015748,0.003898635477582957,-0.00390625,-0.7268907563025211,-0.7268907563025211,-0.7380952380952381,-0.7380952380952381,-0.6597582037996546,-0.13636363636363635,8.810344827586206,-1.744421906693712,-0.3357731015553522,-0.3097112860892389,-0.220702234382125,-0.22635135135135143,0.005012531328320691,-0.2666666666666666,0.0,0.06896551724137945,0.07441737288135597,0.0,0.04166666666666674,-0.8926380368098159
2002-09-30,-0.034048140043763664,-0.05371900826446285,-0.04270986745213545,-0.04931594018453711,-0.021359223300970842,0.009150326797385588,-0.19999999999999996,-0.19999999999999996,-0.18181818181818188,-0.18181818181818188,0.025380710659898442,0.7894736842105263,-0.6467486818980668,-0.8937329700272479,-0.05371900826446285,-0.3568712656165127,-0.2656524283206554,-0.2678311499272198,-0.013715710723191998,-0.35930735930735935,0.0,0.0,0.013063840276066108,0.0,0.040000000000000036,-0.004761904761904856
2002-12-31,-0.000996737948532056,0.32459970887918477,0.011230769230769155,-0.10676037483266398,-0.01851851851851849,0.007772020725388629,-0.15384615384615385,-0.15384615384615385,-0.11111111111111105,-0.11111111111111105,0.6485148514851484,0.3529411764705883,-0.5422885572139303,-6.717948717948718,0.32459970887918477,0.0760135135135136,-0.302788844621514,-0.3061630218687872,-0.020227560050568916,0.08783783783783794,0.0,0.06451612903225823,-0.01751824817518255,0.0,0.03846153846153855,0.4832535885167466
2003-03-31,0.002630385487528253,0.5615384615384615,0.017952228814848592,-0.6897714499812664,-0.01999101527403413,0.02956298200514129,1.4090909090909092,1.4090909090909092,1.25,1.25,0.7327327327327327,-0.4565217391304348,-0.5,1.2914798206278029,0.5615384615384615,0.11459968602825743,-0.32114285714285706,-0.31232091690544417,-0.02580645161290329,0.1366459627329193,0.0,0.0,-0.022535908865775167,0.0,0.03703703703703698,4.032844574780058
2003-06-30,-0.075357336710693,0.5615763546798029,-0.13256613361231506,1.4130434782608696,0.01237680495072202,-0.01872659176029967,-1.0754716981132075,-1.0754716981132075,-1.0555555555555556,-1.0555555555555556,-0.707105719237435,-0.31999999999999995,16.847826086956523,-2.2563600782778863,-0.4630541871921182,0.32042253521126773,-0.2643097643097643,-0.25416666666666676,0.01059602649006619,0.35519125683060104,0.0,0.06060606060606055,0.09475551051431474,0.0,0.03571428571428559,-0.3528726255681156
2003-09-30,-0.020839448194892918,0.006759801712483027,-0.023087525844245338,0.0160160160160161,-0.017885442608105095,0.021628498727735312,-12.25,-12.25,-17.0,-17.0,0.08875739644970415,1.9411764705882355,-0.9719853836784409,-1.1822429906542056,0.15334207077326334,0.3210666666666666,0.20823798627002277,0.22346368715083798,-0.01834862385321101,0.310483870967742,0.0,0.0,0.003239990742883725,0.0,0.034482758620689724,-0.009094183324329208
2003-12-31,0.04076738609112707,0.27842435094001794,0.060141093474426865,0.1650246305418719,0.015444905486399207,0.04234122042341215,-1.2,-1.2,-1.1875,-1.1875,0.8423913043478262,-0.43999999999999995,-1.608695652173913,2.1452991452991452,0.4181818181818182,0.03148970528865558,-0.26515151515151514,-0.2557077625570777,0.010680907877169465,0.04923076923076919,0.0,0.05714285714285716,-0.024452133794694353,0.0,0.03333333333333344,0.09731940027260344
2004-03-31,0.025249615975422524,0.17577030812324934,-0.00831808351355845,0.038054968287526414,0.07105561861521004,0.015531660692950977,3.9444444444444446,3.9444444444444446,4.333333333333334,4.333333333333334,0.7345132743362832,-1.0,-2.571428571428571,0.4809782608695652,0.43669871794871784,0.05870841487279854,-1.1443298969072164,-1.147239263803681,0.06605019815059454,0.04692082111436946,0.0,0.0,0.04469141641049901,-0.8232558139534883,0.032258064516129004,0.13265982113282537
2004-06-30,-0.006742204326247725,0.03394877903514004,-0.025834591511491367,0.320162932790224,0.017380245866892796,0.0117647058823529,-0.4044943820224719,-0.4044943820224719,-0.4375,-0.4375,-0.5357142857142857,-inf,-2.2272727272727275,-0.5119266055045871,0.14835471277189072,0.006654343807763308,1.7321428571428572,1.791666666666667,0.016109045848822667,-0.056022408963585346,7.7242086377034465,0.05405405405405417,0.024219103666817565,1.75,0.0,-0.21677145781547014
2004-09-30,-0.013858772508720696,-0.005184331797234987,-0.012398828999483413,0.009256402344955283,-0.015625,-0.005813953488372103,-2.811320754716981,-2.811320754716981,-2.7777777777777777,-2.7777777777777777,-0.4432234432234432,1.6400000000000001,-1.4814814814814814,-0.6879699248120301,0.04031083050024287,-0.07675358060962179,-0.10457516339869277,-0.08955223880597007,-0.01585365853658527,-0.08902077151335319,-0.6922511935365405,0.0,-0.0017679558011050034,-0.10047846889952139,0.0,-0.014375058340334035
2004-12-31,0.14005736137667313,0.32020845396641584,0.20871839581516993,0.06511770100886571,0.056719576719576725,0.06549707602339172,-1.375,-1.375,-1.375,-1.375,1.4078947368421053,5.787878787878788,-79.15384615384616,11.19277108433735,0.47245564892623726,0.14439140811455853,0.24817518248175174,0.2295081967213113,0.045848822800495626,0.16286644951140072,0.14439140811455853,0.0512820512820511,-0.07305733894177546,0.25531914893617014,0.0,0.2395113173595984
2005-03-31,-0.06389937106918242,-0.11513157894736847,-0.10256780150028855,0.06027554535017221,-0.010214300020027989,0.02524698133918779,-0.9166666666666666,-0.9166666666666666,-1.0,-1.0,1.010928961748634,-0.5513392857142857,-1.8149606299212597,-1.3211462450592886,-0.1030437539632213,-0.005213764337851923,-1.0467836257309941,-1.0533333333333332,-0.0023696682464454666,-0.05042016806722682,-0.2041710114702815,0.0,0.057320277048005686,0.0,0.0,-0.1654187041564792
2005-06-30,-0.10104810534802477,-0.35068153655514245,-0.1819643144189037,-0.3053600433134813,0.0008093889113718333,-0.01498929336188437,30.333333333333332,30.333333333333332,-inf,inf,-0.873641304347826,0.0,0.06642512077294693,2.24,-0.3722163308589608,-0.020265548567435454,-10.375,-9.5,0.0011876484560569,-0.017699115044247815,0.0,0.04878048780487809,0.11339507567201279,-0.5677966101694916,0.03125,-0.06527510757118016
2005-09-30,-0.01664175386148481,-0.14656488549618318,-0.021418746315582604,-0.015198752922837122,-0.011726647796198919,0.023913043478260843,-0.5638297872340425,-0.5638297872340425,-0.5625,-0.5333333333333332,2.21505376344086,0.4129353233830846,-0.7100792751981879,-0.7654320987654322,-0.13907657657657657,-0.008559201141226769,3.6933333333333334,3.764705882352941,-0.0011862396204033177,-0.009009009009009028,1.9140461215932913,0.04651162790697683,0.004869141813755418,3.598039215686274,0.030303030303030276,-0.13339862879529862
2005-12-31,0.019152817186866677,0.11449016100178899,0.04016064257028118,0.09418282548476453,-0.0022504091653028357,0.026539278131634925,0.4390243902439024,0.4390243902439024,0.4285714285714286,0.4285714285714286,0.41137123745819393,-0.7816901408450705,-0.59375,-1.9433198380566803,0.1523871811641595,0.0017985611510791255,0.1392045454545452,0.18518518518518512,0.002375296912114022,0.003030303030303161,-0.821115107913669,0.04444444444444429,-0.02099737532808399,0.11727078891258014,0.08823529411764697,0.018648282097649238
2006-03-31,0.037884060853137225,0.06260032102728741,0.11158301158301165,0.22133815551537062,-0.04039368464219806,0.0,-1.5932203389830508,-1.5932203389830508,-1.6,-1.6,0.34123222748815163,3.838709677419355,1.1634615384615383,-0.703862660944206,0.03916004540295126,0.007181328545780907,-0.1820448877805485,-0.18229166666666663,-0.024881516587677566,0.0030211480362536403,-0.11864065956163283,0.042553191489361764,-0.07527325221695191,-0.20038167938931306,0.027027027027026973,-0.13003439476311995
2006-06-30,-0.029699176087373047,-0.10574018126888218,-0.03490795415074677,-0.09090909090909094,-0.02329059829059832,-0.011375387797311287,-2.0,-2.0,-2.0,-2.0,-1.0812720848056536,-0.51,-0.22666666666666668,-5.797101449275362,-0.18077553249590383,-0.14901960784313728,-0.3597560975609756,-0.3694267515923566,-0.021871202916160404,-0.12650602409638556,0.04734200319415938,0.04081632653061229,0.006467439785905249,-0.3770883054892601,0.0,-0.016324448412192383
2006-09-30,-0.03041074249605058,-0.06165540540540537,0.12074860536260568,-0.0032573289902280145,-0.2141763290308466,0.04184100418410042,0.5142857142857142,0.5142857142857142,0.5,0.5,-1.1304347826086956,-1.7619047619047619,0.8103448275862069,-0.3806646525679759,-0.13666666666666671,-0.09132802681189778,0.2047619047619047,0.1212121212121211,-0.15279503105590064,-0.07241379310344831,0.3897178956540681,0.03921568627450989,-0.1894526922224684,0.10344827586206895,0.0,-0.058602359652534686
2006-12-31,0.02942973523421588,0.20387038703870397,0.04126525369299938,0.09934640522875826,0.008908685968819663,0.006024096385542244,-0.05660377358490565,-0.05660377358490565,0.11111111111111116,0.0,96.83333333333333,-1.6339285714285714,-0.9365079365079365,-3.624390243902439,0.41544401544401555,0.07837713231904098,-0.011857707509881354,-0.08108108108108103,0.007331378299120228,0.275092936802974,-0.03511246962928127,0.037735849056603765,-0.019956260251503655,-0.08680555555555547,0.026315789473684292,0.09516595510260295
2007-03-31,0.04708675437728749,0.15925233644859804,0.0632228218966846,0.10404280618311534,0.01821192052980125,-0.012974051896207595,-1.4,-1.4,-1.3,-1.3333333333333333,-0.11243611584327085,0.352112676056338,-0.7,-0.1784386617100372,0.24113475177304955,0.08037622915775966,0.21999999999999997,0.13725490196078405,0.01601164483260553,0.07288629737609331,0.14036227763788478,0.036363636363636154,-0.02761506276150616,0.1368821292775666,0.0,0.049924547283702214
2007-06-30,-0.04893717524799246,-0.13963237665269268,-0.025380710659898442,-0.03500269251480881,-0.09295392953929538,0.03640040444893833,-7.45,-7.45,-9.333333333333334,-9.0,-1.0249520153550864,-0.5520833333333333,85.0,-2.235294117647059,-0.24,0.060546102097348786,0.9508196721311475,0.8017241379310345,-0.07020057306590266,0.04347826086956519,-0.09096089465061608,0.03508771929824572,-0.04618473895582331,0.765886287625418,0.025641025641025772,-0.10839621511558273
2007-09-30,-0.014403496572961139,-0.03785607196401797,-0.04434523809523805,-0.0630580357142857,0.04571257842844334,0.0409756097560976,0.0620155038759691,0.0620155038759691,0.08000000000000007,0.08333333333333348,-15.846153846153847,0.6976744186046511,-0.9593023255813954,-1.2912087912087913,0.09196067090803939,-0.06529850746268662,0.4050420168067226,0.39234449760765555,0.046224961479198745,0.005208333333333259,-0.49670897978373296,0.033898305084745894,0.06105263157894725,0.37310606060606055,0.0,0.026867275658248202
2007-12-31,0.022374521265873915,0.11686793922867156,0.00591715976331364,0.018761167361524667,0.05257142857142849,0.030927835051546282,0.1897810218978102,0.1897810218978102,0.18518518518518512,0.1923076923076923,0.20725388601036276,-0.36986301369863017,-0.1428571428571429,0.18867924528301883,0.10010593220338992,0.024351297405189598,0.37559808612440215,0.38144329896907214,0.05743740795287189,-0.020725388601036343,-0.2866261871399658,0.032786885245901676,0.02947845804988658,0.3489655172413795,0.02499999999999991,0.0964154892726321
2008-03-31,0.15891167192429023,0.5584234391349843,0.24566563467492264,0.250511546331482,0.006786102062974919,-0.013636363636363669,-0.5644171779141105,-0.5644171779141105,-0.59375,-0.6129032258064516,1.9613733905579398,0.23913043478260865,-0.05555555555555558,2.798941798941799,0.34569090033702454,-0.07287607170693688,0.22086956521739132,0.18656716417910446,0.0055710306406684396,-0.1243386243386243,-0.3343518114360541,0.031746031746031855,-0.1313325991189428,0.19529652351738247,0.0,0.2461520104999404
2008-06-30,-0.0638822728819326,-0.14547896150402861,-0.12066608674040014,-0.22113136979897152,0.05931517929361019,0.0018433179723502668,1.816901408450704,1.816901408450704,2.0,2.0833333333333335,-0.9217391304347826,0.3157894736842106,20.647058823529413,-1.5362116991643453,-0.1377459749552773,0.01345102984447255,0.0975783475783476,0.11740041928721179,0.049861495844875314,0.009063444108761365,-0.15016393442622944,0.030769230769230882,0.13153724247226628,0.12574850299401197,0.0,0.09718498659517416
2008-09-30,-0.019173103134938696,-0.03483499214248298,-0.05186546071226683,-0.0714285714285714,0.039704759480784,0.01839926402943881,0.04499999999999993,0.04499999999999993,0.0512820512820511,0.05405405405405417,3.037037037037037,-0.29333333333333333,-0.9402173913043478,-0.9714285714285714,-0.004564315352697079,-0.10949813355454174,0.083062946138871,0.10506566604127587,0.0395778364116095,-0.15269461077844304,-0.21875,0.02985074626865658,0.06022408963585413,0.11550151975683898,-0.024390243902438935,0.03935771009686695
2008-12-31,0.009079118028534339,0.042062415196743475,-0.012818601878074265,0.290562378797673,0.04504283965728284,-0.05871725383920501,0.019138755980861344,0.019138755980861344,0.0,0.025641025641025772,0.33944954128440363,0.6037735849056605,6.7272727272727275,1.727272727272727,-0.012505210504376807,-0.1965533302282254,0.03834631515877773,0.05942275042444822,0.04441624365482233,-0.22614840989399299,-0.28395061728395066,0.02898550724637694,0.035402906208718665,0.09264305177111698,-0.025000000000000022,-0.1925272879932829
2009-03-31,0.033051781123760504,0.08854166666666674,0.0430318586743168,0.021287252692211434,0.017568517217146917,-0.006717850287907834,-0.6619718309859155,-0.6619718309859155,-0.6585365853658536,-0.675,1.2191780821917808,-0.16470588235294115,0.1705882352941177,-12.433333333333334,0.14478682988602776,-0.005797101449275477,-0.036353144835545304,0.012820512820512997,0.017010935601457833,-0.05022831050228305,-0.07586206896551717,0.028169014084507005,-0.014799693799438685,0.013092269326683503,0.0,0.06582094208173017
2009-06-30,0.007998578030572245,0.028708133971291794,-0.026925303995367744,-0.07209416380578715,0.06353591160220984,0.01449275362318847,1.7083333333333335,1.7083333333333335,1.6428571428571428,1.8461538461538458,-0.595679012345679,-0.05633802816901412,-0.8894472361809045,-0.22448979591836737,0.09808259587020651,0.02099125364431509,-0.047305389221557026,-0.015822784810126667,0.05376344086021523,0.004807692307692291,0.012686567164179152,0.027397260273972712,0.05490805490805495,0.0012307692307693685,-0.02564102564102566,0.10868292682926839
2009-09-30,0.005201904426027193,0.013720930232558048,-0.01948824754537337,-0.024577167019027457,0.04112554112554112,0.020952380952381056,0.11794871794871797,0.11794871794871797,0.1351351351351351,0.10810810810810811,-0.5419847328244275,0.029850746268656803,2.0454545454545454,-0.8233082706766918,0.01578240429818667,0.12564249000571093,-0.027655562539283363,0.0,0.04535147392290262,0.06698564593301448,0.12601326455416362,0.026666666666666616,0.035845813896390855,0.02151198524892428,-0.02631578947368418,0.0392467441041886
2009-12-31,-0.0006139812297166758,-0.032346868547832086,-0.032923683811257765,-0.1259821186670279,0.043659043659043606,0.052238805970149294,0.17889908256880727,0.17889908256880727,0.16666666666666674,0.19512195121951215,1.85,2.7681159420289854,5.985074626865671,-9.53191489361702,-0.1325619834710744,0.1314053779807205,0.02068519715578554,0.05144694533762051,0.04663774403470722,0.08520179372197312,0.11387434554973819,0.025974025974025983,0.04432329936003798,0.042117930204572884,0.027027027027026973,0.10711261642675707
2010-03-31,0.03896787783043698,-0.05405405405405406,0.07546281769689367,0.11221326720396774,-0.007370517928286802,-0.022163120567375905,-0.6070038910505837,-0.6070038910505837,-0.5918367346938775,-0.6122448979591837,0.8596491228070176,0.8923076923076922,-0.6837606837606838,-0.8977556109725686,-0.015625,0.016143497757847403,0.005066497783407176,0.025993883792049033,0.005181347150258864,-0.028925619834710647,-0.04876615746180957,0.025316455696202445,-0.04471175669541538,0.022517321016166436,0.0,-0.1495219885277247
2010-06-30,-0.04620712958269979,-0.09949874686716786,-0.09715536105032818,-0.15328874024526196,0.02388119606662653,-0.010879419764279197,1.1485148514851486,1.1485148514851486,1.0999999999999996,1.2105263157894735,-0.8160377358490566,-0.8455284552845528,-0.4932432432432432,1.6097560975609757,-0.04142469996128528,-0.06751985878199473,0.003780718336483968,0.029806259314455907,0.019587628865979534,-0.07234042553191489,-0.10623841877702289,0.024691358024691246,0.07365169874079358,0.019198193111236606,0.0,0.06357913669064752
2010-09-30,0.01842175183774697,0.017255775118285577,0.003231539828728369,-0.015141540487162652,0.036848294786358204,0.01741521539871682,0.02304147465437789,0.02304147465437789,0.023809523809523725,0.023809523809523725,0.11111111111111116,-0.1842105263157895,0.6533333333333333,-1.4579439252336448,0.019789983844911152,-0.07240889730241351,-0.01883239171374762,0.0028943560057888007,0.0455005055611728,-0.09174311926605516,-0.10297166551485837,0.024096385542168752,0.01792431953972118,-0.0038781163434903343,0.026315789473684292,0.032890842986387
2010-12-31,0.0340899208626837,0.03857729138166888,0.03494926719278468,0.07386363636363646,0.03308128544423439,0.04954954954954949,-0.09909909909909909,-0.09909909909909909,-0.09302325581395343,-0.09302325581395343,2.8153846153846156,6.403225806451613,-0.5806451612903225,-1.1428571428571428,-0.0027722772277227747,0.17551020408163254,-0.09149072296865013,-0.08225108225108224,0.03578336557059969,0.1262626262626263,0.16024653312788906,0.0235294117647058,-0.0008695652173913437,-0.07897664071190202,-0.02564102564102566,-0.03282580222658815
2011-03-31,0.043982844167858026,0.15147523709167543,0.05726735138499839,0.22128851540616257,0.02836230558096986,-0.0875536480686695,-0.06000000000000005,-0.06000000000000005,-0.05128205128205132,-0.05128205128205132,0.28629032258064524,-0.8104575163398693,0.32692307692307687,-76.85714285714286,0.2108816521048451,0.04166666666666674,0.08450704225352124,0.10377358490566024,0.0364145658263304,0.004484304932735439,0.11420982735723784,0.02298850574712641,-0.015013054830287254,0.12741545893719808,0.0,-0.057215404147270554
2011-06-30,-0.04527146769776058,-0.12125371768474036,-0.09788048277892258,-0.1523955147808359,0.01832740213523132,0.0940733772342428,0.28191489361702127,0.28191489361702127,0.29729729729729737,0.2702702702702702,-0.7946708463949843,0.1839080459770115,4.115942028985507,-1.542372881355932,-0.09445719908166617,-0.033333333333333326,0.0,0.017094017094017255,0.021621621621621623,-0.06696428571428592,-0.1412395709177593,0.028089887640449396,0.06671084603490174,0.012854847348687581,0.0,0.03671783822605268
2011-09-30,-0.032905838677016575,-0.1632387399114814,-0.05449502365801928,-0.08448586891160548,-0.009785077756421456,0.03181427343078247,-0.020746887966805017,-0.020746887966805017,-0.02083333333333337,0.0,0.4122137404580153,2.8155339805825244,-0.3541076487252125,0.9375,-0.2021006881564651,-0.09396551724137925,-0.0006493506493505663,0.0182072829131652,0.013227513227513255,-0.1148325358851674,-0.12144344205412905,0.027322404371584508,0.02381445433837226,-0.00370174510840815,0.026315789473684292,-0.08598891582958079
2011-12-31,0.028703542139242755,0.12134411947728685,0.04624676445211384,0.084072249589491,0.010764072701605842,0.05249999999999999,0.11440677966101687,0.11440677966101687,0.14893617021276606,0.14893617021276606,1.118918918918919,-0.8473282442748091,-0.27192982456140347,-1.2777777777777777,0.07035860190649124,-0.013796384395813432,0.06107862248213114,0.07427785419532329,0.02610966057441244,-0.027027027027027084,-0.03712480252764616,0.02659574468085113,-0.017394822006472466,0.05042462845010598,0.0,0.03439128375177636
2012-03-31,0.017470952421338337,0.10016648168701447,0.08857001484413662,0.1363223265677067,-0.057786312849162025,-0.05938242280285033,-0.19771863117870725,-0.19771863117870725,-0.16666666666666674,-0.16666666666666674,0.9642857142857142,-2.75,2.5120481927710845,1.0709677419354837,0.13613231552162852,0.15967197298601055,0.03490508266993264,0.03457106274007682,-0.02968617472434265,0.1333333333333333,0.0656275635767023,0.1295336787564767,-0.07389872375463147,-0.002021222839817982,0.0512820512820511,-0.031782377724858146
2012-06-30,-0.05317996165708094,-0.13770491803278684,-0.10272727272727278,-0.15915755798453746,0.007411524921252521,-0.036195286195286225,0.13744075829383884,0.13744075829383884,0.1333333333333333,0.1333333333333333,-0.7623376623376623,-1.580952380952381,-0.6861063464837049,-1.4299065420560748,-0.05151175811870101,0.08527454242928445,0.011242603550295716,0.008663366336633782,0.013111888111888126,0.11764705882352922,0.040800615858352485,0.1146788990825689,0.06401422538341861,0.0030379746835442756,0.0,0.025446977580172225
2012-09-30,-0.01927986618540367,-0.0628838841766598,-0.01891252955082745,-0.00665821179454662,-0.019679970572006655,0.006113537117903967,-0.07499999999999996,-0.07499999999999996,-0.05882352941176472,-0.05882352941176472,-0.5136612021857924,2.4918032786885247,0.901639344262295,2.2971014492753623,-0.17906336088154273,-0.015331544653123697,0.0005851375073142595,-0.007361963190184118,0.0008628127696290733,-0.02631578947368407,-0.03550295857988173,0.10288065843621408,-0.0004177982034677674,-0.00504795557799087,0.0,-0.056549815498155076
2012-12-31,0.037522441651705485,0.18695380774032455,0.057659208261617856,0.06639004149377592,0.015572232645403306,0.03732638888888884,0.13063063063063063,0.13063063063063063,0.14583333333333348,0.14583333333333348,5.359550561797753,-0.5868544600938967,-0.3620689655172413,-1.586813186813187,0.12799616490891652,-0.08018684312962254,0.0017543859649122862,-0.007416563658838138,0.02327586206896548,-0.08108108108108114,-0.08512269938650308,0.09328358208955234,-0.02131661442006272,0.0015220700152207556,0.0,0.11303412535445401
2013-03-31,0.021889600276864485,0.08493294767288972,0.03515052888527248,0.0598623166716552,0.0068353962682430325,-0.0368200836820084,-0.03585657370517925,-0.03585657370517925,-0.036363636363636376,-0.036363636363636376,0.007067137809187329,0.26136363636363646,-0.16666666666666663,-0.101123595505618,0.10199745006374838,0.019466779517562482,0.03093987157034439,0.03735990037359893,0.01347935973041281,-0.004901960784313819,0.015088013411567402,0.0853242320819112,-0.014734144778987823,0.042046605876393084,-0.024390243902438935,0.02363173152947362
2013-06-30,-0.0376767420201507,-0.12166747455162386,-0.09825499135356075,-0.13047161818695285,0.03302752293577971,-0.019982623805386623,0.38429752066115697,0.38429752066115697,0.39622641509433953,0.37735849056603765,-0.980701754385965,-1.2162162162162162,-0.254054054054054,-1.55,-0.05090628615503279,0.11124948111249489,0.09003397508493771,0.09963985594237701,0.027431421446383997,0.09852216748768483,0.06771263418662254,0.07861635220125796,0.07347204161248388,0.1035488575595529,0.0,0.010127016821146695
2013-09-30,0.02014780925567483,0.07919426048565126,0.03207810320781035,-0.07275089314712568,0.00799289520426294,0.010638297872340496,-0.28358208955223885,-0.28358208955223885,-0.28378378378378377,-0.273972602739726,6.909090909090909,-2.833333333333333,-2.601449275362319,-3.492424242424242,0.13368549370174732,0.10646245797534548,0.0010389610389611725,0.0065502183406114245,0.017799352750809128,0.07623318385650224,0.0,0.07288629737609331,-0.0119119725418938,0.01982378854625555,0.0,0.1638912489379778
2013-12-31,0.015696420871065042,0.07133725389925849,0.02820945945945952,0.2388791593695272,0.002643171806167466,0.02017543859649118,-0.033333333333333326,-0.033333333333333326,-0.018867924528301883,-0.037735849056603765,3.931034482758621,-0.7272727272727273,-2.0633484162895925,-0.4407294832826748,0.06594982078853051,0.05266711681296421,-0.030098598858328995,-0.022776572668112838,0.010333863275039823,0.03333333333333344,0.030162412993039567,0.06793478260869557,-0.012872905598692364,-0.011231101511879116,-0.025000000000000022,-0.13526534783560829
2014-03-31,0.020293792986329384,0.08806682577565628,0.05897815015607022,0.1088493073225898,-0.02108963093145866,-0.06792777300085984,-0.5387931034482758,-0.5387931034482758,-0.5576923076923077,-0.5098039215686274,0.13286713286713292,-4.083333333333334,0.14468085106382977,0.5108695652173914,0.09347679892400818,0.0416933932007697,-0.1332263242375602,-0.13207547169811318,-0.010228166797797034,0.032258064516129004,0.06006006006006004,0.0636132315521627,-0.04057131028772498,-0.11577107907383133,0.0,-0.01874050312341713
2014-06-30,-0.029127829560585905,-0.05724939679754337,-0.06950046540490229,-0.09178990311065782,0.017594254937163267,-0.013837638376383743,1.02803738317757,1.02803738317757,1.1304347826086953,0.96,-0.6419753086419753,-1.864864864864865,-0.4795539033457249,-0.9892086330935251,0.0009225092250921829,-0.0745073891625615,-0.13024691358024698,-0.13427109974424567,0.012718600953895098,-0.06640625,0.05382436260623247,0.05980861244019131,0.04832793959007553,-0.1175889328063241,-0.02564102564102566,0.03802477632484491
2014-09-30,-0.025201440082290416,-0.01558864588180553,-0.06152050683561183,-0.07636159460976977,0.013232180663373283,0.009354536950420878,0.17972350230414746,0.17972350230414746,0.18367346938775508,0.18367346938775508,-0.7988505747126436,-5.875,-0.5214285714285714,-21.666666666666668,-0.01904761904761909,-0.04723885562208907,0.017033356990773685,0.02511078286558366,0.013343799058084693,-0.05857740585774063,0.08131720430107525,0.05643340857787815,0.03930849969129446,0.034714445688689644,0.0,0.06580474059340302
2014-12-31,-0.04018642279282447,-0.09241314110139442,-0.07994315153668508,-0.12948328267477205,-0.001218875152359411,0.011121408711770142,-0.1328125,-0.1328125,-0.13793103448275856,-0.13793103448275856,7.542857142857143,-1.205128205128205,8.73134328358209,7.225806451612904,-0.15972439711869713,-0.006634078212290562,-0.014654570830425762,0.0057636887608067955,0.0030983733539891034,-0.022222222222222143,-0.033561218147917904,0.05341880341880345,0.04059405940594063,0.0037878787878788955,0.0,0.04261275272161735
2015-03-31,0.005863490609253397,0.038281250000000044,0.03379030700907504,0.02583798882681565,-0.01935146443514646,-0.06232813932172321,-0.3198198198198198,-0.3198198198198198,-0.31999999999999995,-0.33999999999999997,0.5852842809364549,-0.59375,-0.8190184049079754,-1.2372549019607844,0.045098770033544566,0.10720562390158173,0.05240793201133154,0.0787965616045847,-0.01235521235521242,0.1045454545454545,0.11318327974276521,0.05070993914807298,-0.025118934348239752,0.07008086253369283,0.0,0.012082338902148049
2015-06-30,-0.02477456963293556,-0.06069726611487336,-0.07097497198356373,-0.08577263444520078,0.019200000000000106,-0.04496578690127073,0.4039735099337749,0.4039735099337749,0.4117647058823528,0.45454545454545436,-0.5928270042194093,2.8461538461538463,0.6949152542372881,-0.9008264462809917,0.004279600570613384,-0.02317460317460318,-0.008748317631224967,0.015936254980079667,0.015637216575449697,-0.008230452674897082,-0.06470248411322921,0.04826254826254828,0.04509076712863558,0.01612090680100753,0.0,0.027487103905674326
2015-09-30,0.017371812832726263,-0.08624833110814423,0.04362685967028557,-0.046165301563663386,-0.005407291121576785,0.028659160696008268,-0.17924528301886788,-0.17924528301886788,-0.1874999999999999,-0.1874999999999999,-0.766839378238342,10.44,-2.1950000000000003,-30.833333333333332,-0.12713068181818177,-0.09034774130646739,-0.095723014256619,-0.08758169934640525,0.0007698229407235857,-0.10788381742738595,-0.08523780111179746,0.046040515653775316,-0.022226372805379202,-0.0813088745661874,0.0,-0.042028257907193556
2015-12-31,-0.003304874690168047,0.009351256575102385,0.08456944712001535,0.05347384855581572,-0.08330410382321995,0.028855721393034717,0.2816091954022988,0.2816091954022988,0.35897435897435903,0.35897435897435903,6.466666666666667,-0.9790209790209791,-2.6401673640167367,-0.7067039106145252,-0.0427176566314077,-0.0035727045373347144,0.024024024024023927,0.002865329512893977,-0.03538461538461546,0.0,0.10803511141120858,0.04401408450704225,-0.08042024832855776,0.015650296815974185,-0.02631578947368418,-0.041925582091787095
2016-03-31,0.031960946854563854,0.03097857556456285,0.03481349911190046,0.07224898110411271,0.028888463745934567,-0.024177949709864643,-0.21973094170403584,-0.21973094170403584,-0.20754716981132082,-0.2264150943396227,0.33333333333333326,-4.25,-0.7704081632653061,-5.371428571428571,0.19507012324691875,0.020795984223735964,0.04178885630498552,0.024285714285714244,0.028708133971292016,0.05581395348837215,0.0030469226081657474,0.042158516020236014,-0.00290818446198593,0.03347502656748147,0.0,-0.03844651090099249
2016-06-30,-0.02650838986076398,-0.059253018814939606,-0.05938894610367318,-0.08845888044229444,0.009111193752324276,-0.009910802775024763,0.13793103448275867,0.13793103448275867,0.11904761904761907,0.14634146341463405,-0.640625,-1.2307692307692308,0.6000000000000001,-1.0784313725490196,-0.012802275960170695,0.10537407797681775,-0.004222378606615229,-0.02231520223152028,0.003875968992248069,0.07488986784140961,0.05650060753341424,0.04207119741100329,0.036666666666666625,-0.023136246786632397,0.0,0.03201950426655831
2016-09-30,-0.02017053268543134,-0.051343283582089505,-0.05875912408759121,-0.08718726307808944,0.01879491431730229,0.019019019019018923,0.07070707070707072,0.07070707070707072,0.06382978723404253,0.06382978723404253,-1.360248447204969,-0.11111111111111116,-0.04861111111111116,4.305555555555555,-0.06880403458213258,0.06132824912615198,0.05795053003533579,0.0542082738944365,0.021621621621621623,0.05737704918032782,0.06728004600345017,0.03881987577639756,0.03979099678456599,0.04631578947368431,0.0,0.03929443263249088
2016-12-31,0.03134649574249093,0.10730018879798608,0.05583559519193493,0.08762458471760803,0.00850063302586368,-0.01080550098231825,-0.018867924528301883,-0.018867924528301883,0.0,0.0,-9.913793103448276,6.75,-0.3211678832116789,-2.2722513089005236,0.09400386847195352,-0.046407185628742464,-0.03406813627254501,-0.021650879566982306,0.008314436885865417,-0.06589147286821706,-0.1012931034482758,0.038863976083707064,-0.02222651720139146,-0.012072434607645954,0.0,0.018033035308379963
2017-03-31,0.14407548539285076,0.06081273088945727,0.2708409842085935,0.1477663230240549,0.020265423242467717,0.0049652432969216065,-0.2451923076923077,-0.2451923076923077,-0.24,-0.24,-0.1895551257253385,19.29032258064516,-8.89247311827957,-1.2345679012345678,-0.020155586987270158,0.007849293563579218,-0.03526970954356845,-0.052558782849239205,0.020989505247376306,0.0,0.023381294964028854,0.03597122302158273,-0.10832180272781189,-0.022403258655804392,-0.027027027027027084,-0.07576659720154799
2017-06-30,-0.010626486915146671,-0.03241360835788909,-0.045369166305447184,-0.09614105123087158,0.031640007031112694,0.012845849802371578,0.13375796178343946,0.13375796178343946,0.10526315789473673,0.10526315789473673,-0.28878281622911695,-0.985691573926868,-1.226158038147139,-4.5438596491228065,0.07325875135330207,0.05077881619937674,-0.04444444444444451,-0.058394160583941646,0.022760646108663796,0.029045643153526868,0.06795547744581132,0.03611111111111098,0.0427843050321437,-0.031770833333333304,-0.02777777777777779,0.0705427605089386
2017-09-30,-0.013065084963129192,-0.042912513842746414,-0.034660208869380926,0.030180345969819555,0.011245527347077955,0.008780487804878057,0.03370786516853941,0.03370786516853941,0.04761904761904767,0.04761904761904767,-0.8758389261744967,0.11111111111111116,0.29518072289156616,-1.7425742574257426,-0.0504371217215871,-0.027275422472576194,-0.054013503375844096,-0.06821705426356595,0.01794687724335975,-0.048387096774193616,0.0,0.03351206434316345,0.024659863945578397,-0.04088219472834875,-0.02857142857142847,-0.07093425605536319
2017-12-31,0.017867294729148053,0.1067399479317328,0.06773283160865473,0.10396570203644151,-0.035720303285593946,0.05705996131528046,-1.5054347826086958,-1.5054347826086958,-1.5227272727272727,-1.5227272727272727,7.513513513513514,-0.35,-0.23720930232558135,-2.0,0.05311614730878178,0.003657421517829773,-0.4179222839016652,-0.4326123128119801,-0.03173483779971786,-0.016949152542372947,0.038398244651673075,0.03372243839169897,-0.05269709543568468,-0.4262478968031407,-0.02941176470588236,0.0025099182252448227
2018-03-31,0.04204899066464529,0.15211709357030845,0.052129221732746034,0.07475728155339811,0.030054167394722997,-0.009149130832570851,-3.225806451612903,-3.225806451612903,-3.217391304347826,-3.1739130434782608,0.7396825396825397,0.07692307692307687,-0.17682926829268297,1.8866666666666667,0.14559515803631462,0.05952019435165501,0.10762942779291529,0.1085043988269796,0.030589949016751605,0.09482758620689657,0.8246170100369783,0.03136762860727749,-0.0113885238720981,0.09872922776148574,0.030303030303030276,0.07195929575189797
2018-06-30,0.04088820826952522,0.08030852994555349,-0.19986043265875786,-0.35140018066847334,0.3335029686174724,-0.133887349953832,-0.19806763285024154,-0.19806763285024154,-0.21568627450980393,-0.19999999999999996,-0.5218978102189781,1.6428571428571428,0.4740740740740741,-1.1801385681293302,-0.022894041678896415,0.0002866150759528452,-0.10209102091020916,-0.04761904761904767,0.3286219081272086,-0.027559055118110187,-0.1059640995946729,0.031630170316301776,0.28112538768276485,-0.004448398576512469,-0.05882352941176472,0.6656370074587508
2018-09-30,-0.036118875974694764,-0.0839983200335993,-0.0927960927960928,-0.20612813370473537,0.005215621422210992,-0.04584221748400852,-0.22289156626506024,-0.22289156626506024,-0.2250000000000001,-0.2250000000000001,-1.0419847328244274,-0.6486486486486487,0.8040201005025125,4.089743589743589,-0.11925503154100325,0.14212034383954153,-0.18219178082191767,-0.13055555555555542,0.004787234042553212,-0.1417004048582996,0.16288860103626934,0.02948113207547176,0.042884316098910524,-0.0884718498659518,-0.03125,0.1538357155780714
