Quarter end,Assets,Current Assets,Liabilities,Current Liabilities,Shareholders equity,Revenue,Earnings,Earnings available for common stockholders,EPS basic,EPS diluted,Cash from operating activities,Cash from investing activities,Cash from financing activities,Cash change during period,Cash at end of period,Price,ROE,ROA,Book value of equity per share,P/B ratio,P/E ratio,Cumulative dividends per share,Equity to assets ratio,Net margin,Asset turnover,Current ratio
1993-11-28,-0.016084447525116286,-0.03323782234957018,-0.02669073235658903,-0.034492072066346746,0.03505104521147295,-0.12176047583830307,-0.2261194029850746,-0.23671874999999998,-0.2321428571428572,0.0,4.530706243602866,1.6921086675291073,4.96001279590531,99.22222222222223,0.01195219123505975,0.013803680981595123,0.017042606516290748,0.014319809069212486,0.033734939759036076,0.015673981191222763,0.05042979942693404,1.0,0.05180442374854466,0.015151515151515138,0.0,0.0012673035679469091
1994-02-27,-0.016084447525116286,-0.03323782234957018,-0.02669073235658903,-0.034492072066346746,0.03505104521147295,-0.12176047583830307,-0.2261194029850746,-0.23671874999999998,-0.2321428571428572,0.0,4.530706243602866,1.6921086675291073,4.96001279590531,99.22222222222223,0.01195219123505975,0.013803680981595123,0.017042606516290748,0.014319809069212486,0.033734939759036076,0.015673981191222763,0.05042979942693404,1.0,0.05180442374854466,0.015151515151515138,0.0,0.0012673035679469091
1994-05-29,-0.08996155054024457,-0.17600410131530464,-0.11993659739344842,-0.2179164404074312,0.0459349020712978,0.0,0.0,0.0,0.0,0.0,4.530706243602866,1.6921086675291073,4.96001279590531,99.22222222222223,1.1837270341207349,0.05219364599092291,0.017042606516290748,0.014319809069212486,0.046620046620046596,0.015673981191222763,0.05042979942693404,0.0,0.14941892639734355,0.015151515151515138,0.0,0.05364618829714751
1994-08-28,0.1132272566173591,0.20836816829661897,0.13737654357320284,0.2153467429725635,0.02110557276932057,0.11907620088509852,-0.2594021215043394,-0.27533265097236437,-0.2790697674418604,0.0,-2.139261589710373,-0.015857760691974976,-2.3648757447265307,-2.3780487804878048,-0.7469951923076923,0.10136592379583043,0.017042606516290748,0.014319809069212486,0.020044543429843964,0.05246913580246915,0.05042979942693404,0.5000000000000002,-0.08281174771304767,0.015151515151515138,0.0,-0.005821474773609281
1994-11-27,0.048576551215670394,0.06468222043443284,0.047278485598070796,0.08148814985371255,0.05409208848234304,0.0068364847339854595,0.9518229166666667,1.0324858757062145,1.032258064516129,0.0,-1.27838693957115,0.33837890625,-1.1549805340359431,-1.1391794046661303,0.4109263657957245,0.026762402088772896,0.017042606516290748,0.014319809069212486,0.05458515283842802,0.0058651026392961825,0.05042979942693404,0.37037037037037024,0.005249343832020914,0.015151515151515138,0.0,-0.015521888651361837
1995-02-26,-0.03790469494071402,-0.07751246788574884,-0.04837577949736627,-0.1196734432527613,0.006299803913388136,-0.08443850777597561,-0.20947298198799202,-0.2182070882557331,-0.2222222222222222,0.0,-0.19256017505470457,-0.7811017876687341,0.1212890129408779,1.9826589595375723,0.8686868686868687,0.005721551176096629,0.017042606516290748,0.014319809069212486,0.016563146997929712,-0.04373177842565612,0.05042979942693404,0.29729729729729737,0.04595300261096602,0.015151515151515138,0.0,0.047960725075528954
1995-05-28,-0.10299637909842874,-0.1579102570403499,-0.1374569019233166,-0.27903043968432917,0.0345771144278606,0.010282061970265488,0.2691983122362869,0.3368888888888888,0.2857142857142858,0.0,2.3577235772357725,1.605,2.9674134419551934,-1.9883720930232558,-0.45945945945945943,0.03286978508217442,0.017042606516290748,0.014319809069212486,0.048879837067209886,0.015243902439024515,0.05042979942693404,0.20833333333333326,0.15327009485771348,0.015151515151515138,0.0,0.16792792792792777
1995-08-27,0.13787612258124238,0.25981479319870826,0.198841745328453,0.46989835809225955,-0.06503967299831692,0.10651904827396508,-0.4208776595744681,-0.45478723404255317,-0.4285714285714286,0.0,-2.286682808716707,0.5022392834293026,-2.516255989048597,-1.6313725490196078,0.5366666666666666,0.09975520195838428,0.017042606516290748,0.014319809069212486,-0.05048543689320406,0.048048048048048075,0.05042979942693404,0.18965517241379315,-0.17835497835497838,0.015151515151515138,0.0,-0.1429342795433508
1995-11-26,0.07208995785259797,0.069011844279383,0.059003123399383295,0.1342312971859987,0.12794136556512803,0.029504070598471266,0.9184845005740527,0.9951219512195122,1.0,0.0,-1.2083803788734162,0.7751277683134583,-1.04788774780875,-2.422360248447205,-0.49674620390455526,0.07623817473567063,0.015278462296697937,0.018823529411764683,0.09202453987730075,0.13467048710601714,0.05042979942693404,0.15942028985507273,0.05216016859852468,0.02487562189054726,0.0,-0.05751057510575108
1996-02-25,-0.03195154900502417,-0.0600208014329876,-0.02507444568784023,-0.01665582500037821,-0.059507523939808515,-0.12895582753572887,-0.23159784560143626,-0.21515892420537897,-0.23611111111111105,0.0,0.7102147300822796,-0.7766314779270633,4.86331500392773,-1.277292576419214,0.2737068965517242,0.11995863495346426,0.02475728155339807,0.004618937644341736,-0.04681647940074907,0.025252525252525082,0.07419530823786169,0.1499999999999999,-0.02854281422133209,0.03398058252427183,-0.014705882352941346,-0.04402215431627177
1996-05-26,-0.12219330155544406,-0.14448832813388457,-0.13026011167097917,-0.20099381557490537,-0.0886868686868687,0.03730205481825433,-2.508566978193146,-2.508566978193146,-2.509090909090909,0.0,1.5847218962684817,-2.5177228786251344,2.067256162915327,3.299212598425197,0.9238578680203047,-0.05032317636195749,-0.6475603979156799,-0.6482758620689655,-0.08055009823182713,-0.004926108374384119,-0.07567293042153389,0.26086956521739113,0.0381443298969073,-0.6572769953051643,0.0,0.07072220557386877
1996-08-25,0.07368308236428911,0.12761141748549454,0.09601726856874437,0.16726033463619383,-0.014852582575925477,0.06968315211037068,-1.4961280330407847,-1.4961280330407847,-1.5060240963855422,0.0,-2.2568665728424206,-2.302193913658882,-2.2550449899536997,-2.4505494505494507,-0.6965699208443272,0.07875546912980069,0.09005376344086047,0.05228758169934644,-0.014957264957264793,0.1732673267326732,2.047802197802198,0.10344827586206917,-0.08242303872889778,0.06849315068493156,0.004975124378109541,-0.03405168392573932
1996-11-24,0.07760198309709199,0.12487853057843346,0.08078901179639986,0.12508247558722618,0.06354635463546354,0.056243461424355434,0.9490114464099897,0.9490114464099897,0.9523809523809523,0.0,-1.275239299259527,0.7978260869565217,-1.1347927470156267,-1.5542929292929293,1.272463768115942,0.06489409643983768,0.15413070283600483,0.10559006211180133,0.06724511930585675,0.08227848101265822,-0.009374436632413885,0.109375,-0.01298701298701288,0.11538461538461542,0.00990099009900991,-9.658103148535435e-05
1997-02-23,-0.0599714384962754,-0.11578768481277968,-0.07870610784322984,-0.12212822730804751,0.023992890995260696,-0.16697464705447562,-0.2253069941270689,-0.2253069941270689,-0.23170731707317072,0.0,0.5069553805774278,-0.5882708585247884,1.6491092176607283,-1.316628701594533,-0.17729591836734693,0.0964875158696572,0.08333333333333326,0.0898876404494382,0.030487804878048808,0.02729044834307981,-0.01765241128298467,0.09859154929577474,0.08936403508771917,0.09195402298850586,0.004901960784313708,0.0071476866608710665
1997-05-25,-0.07394724740507164,-0.1663463386507784,-0.09759472006722891,-0.16669171802194493,0.021405843216661946,-0.07749778172138422,0.28532046864231564,0.28532046864231564,0.2857142857142858,0.0,0.5643995471566663,0.6864904552129221,0.48674463937621826,-3.971223021582734,0.6403100775193797,0.09031262060980305,1.5601577909270214,1.6185567010309279,0.03155818540433919,0.05692599620493377,0.006483882919599893,0.09615384615384603,0.1031706089582285,1.6947368421052635,-0.03414634146341455,0.00047952431188247324
1997-08-24,0.10362593219888083,0.23796349663784833,0.14160628705112766,0.2598605098605098,-0.03167860177205972,0.18123232595271532,-0.40965147453083106,-0.40965147453083106,-0.7037037037037037,0.0,-2.4521821420619014,-1.261210274270788,-2.618526288186705,-2.9322033898305087,-0.7542533081285444,0.15823008849557518,0.0046224961479197635,0.013779527559055094,-0.030592734225621476,0.12387791741472154,-0.5505245720596355,0.08187134502923987,-0.12271897810218979,0.03515625,-0.02020202020202022,-0.017446319018404877
1997-11-23,0.04935841294583665,0.09257247501396737,0.04471613461595858,0.06519041710413287,0.06885602072365682,0.047749332291056046,0.9128065395095368,0.9128065395095368,0.9166666666666667,0.0,-1.2562579062368229,-3.8716666666666666,-1.1863177933492648,-1.4536340852130325,1.3923076923076922,0.007640586797065918,0.016487730061349737,0.03495145631067964,0.061143984220907166,0.03833865814696491,-0.014332514332514368,0.08108108108108092,0.018720748829953227,0.05283018867924527,-0.015463917525773252,0.025756097560975633
1998-02-22,-0.031860643185298576,-0.06370648144202495,-0.050134262697823284,-0.08815710872162486,0.04315534360096951,-0.16298806267097732,-0.41215574548907885,-0.41215574548907885,-0.4130434782608695,0.0,0.06282722513089012,-0.4962275101567034,0.405,-1.6243093922651934,-0.36334405144694537,-0.0027297543221108667,-0.056582421727650045,-0.0412757973733584,0.03159851301115246,-0.05999999999999994,-0.0382218529289573,0.08000000000000007,0.07759060745278212,-0.02508960573476715,-0.020942408376963262,0.02682138101578846
1998-05-31,-0.07443114861711975,-0.16751623278111538,-0.10540033883692723,-0.16959562376140325,0.04133253391291314,0.09220055710306396,0.362681744749596,0.362681744749596,0.5925925925925926,0.0,1.5415904292751583,1.1244239631336406,1.42271390994894,-3.4601769911504423,1.404040404040404,-0.07512165450121666,-0.05677728908436619,-0.03718199608610562,0.02522522522522541,-0.10310965630114566,-0.04449244060475155,0.08333333333333326,0.12505921364282324,-0.05514705882352933,0.021390374331550666,0.002500926268988568
1998-08-30,0.15602249034419113,0.25257863469038155,0.1929761651295958,0.3329848921147094,0.03735290942459257,0.10233783898665316,-0.3521043272080616,-0.3521043272080616,-0.4651162790697674,-0.14814814814814814,-2.5856684018163696,1.7624728850325377,-3.0917103078298633,-2.755395683453237,-0.8865546218487395,-0.08220979940808948,-0.046206019499787976,-0.022357723577235866,0.03514938488576447,-0.10401459854014605,-0.09855334538878846,0.06837606837606836,-0.10273684210526302,-0.015564202334630406,-0.005235602094240788,-0.060334472881825696
1998-11-29,0.030912061025819115,0.05327785375505578,0.023473605109900486,0.03311385662499067,0.058382766156727994,-0.012184964679026411,1.0036596523330283,1.0036596523330283,1.043478260869565,1.0,-1.346441293567088,-0.6670592854338437,-1.240870786516854,-1.3432377049180328,3.101851851851852,0.022214260121820262,-0.03022222222222226,-0.004158004158004158,0.05772495755517837,-0.014256619144602856,0.02958876629889673,0.07200000000000006,0.02674800563115909,0.015810276679842028,-0.021052631578947323,0.019567354965584816
1999-02-28,-0.02939721371774373,-0.0607353997458423,-0.04489762204131831,-0.07539063059450324,0.02595870206489681,-0.11103303978514767,-0.21735159817351601,-0.21735159817351601,-0.23404255319148937,-0.21739130434782616,0.08094758064516139,-0.14740566037735847,0.20306756242869817,-1.6388059701492539,-0.4830699774266366,0.11531720995443395,0.03483043079743342,0.05845511482254695,0.028892455858748,0.05578512396694224,0.11495372625426192,0.06343283582089554,0.05667276051188308,0.0622568093385214,0.0,0.015816375735365096
1999-05-30,-0.10274139574053143,-0.16820835600523543,-0.11236991553518405,-0.16566241732368836,-0.07073030477285791,0.05618885356471637,-1.8243873978996499,-1.8243873978996499,-1.8333333333333335,-1.8333333333333335,0.8451925767042805,0.2904564315352698,0.8460646928669266,-2.864485981308411,1.7423580786026203,-0.1455059710873664,-0.4698848538529672,-0.4674556213017752,-0.07800312012480504,-0.1702544031311155,-0.19746614242027083,0.06315789473684208,0.035899653979238666,-0.4652014652014652,-0.005376344086021501,-0.0030380708250259403
1999-08-29,0.10147290076650117,0.23284595392585006,0.12911781581197967,0.2167681568394475,0.013682618261826152,0.09652098716157775,-1.7204529370134467,-1.7204529370134467,-1.7333333333333334,-1.7,-2.232790862225816,-0.4801714898177921,-2.4177843730380686,-2.3057644110275692,-0.8296178343949044,-0.040456050018389145,-0.02589807852965753,-0.01851851851851849,-0.04737732656514382,0.04009433962264142,0.8938486663037559,0.05940594059405946,-0.07974947807933186,-0.0273972602739726,0.00540540540540535,0.013141605561375114
1999-11-28,0.014874501068871115,0.03557958440291986,0.009884947267497557,0.0076899603295697005,0.03252390965203822,0.0014104586265468733,0.8398821218074657,0.8398821218074657,0.7727272727272727,0.8571428571428572,-1.330559199737619,0.3927835051546391,-1.27064127853146,-0.9788867562380038,-0.10280373831775702,-0.08010732081257188,-0.09005145797598624,-0.08301886792452828,0.09769094138543521,-0.03401360544217691,-0.05490083357286568,0.06230529595015577,0.01724137931034475,-0.09859154929577463,0.016129032258064502,0.027728169940783864
2000-02-27,-0.03404872731557862,-0.09498421315016892,-0.048437781849597905,-0.08141542002301494,0.015733289538512052,-0.12193127262263548,-0.23438334223171386,-0.23438334223171386,-0.23076923076923084,-0.23076923076923084,-0.1359295547562942,2.4204293116210214,-0.6626506024096386,-8.09090909090909,0.8125,-0.15625,-0.08482563619227135,-0.08230452674897115,0.016181229773462924,-0.2300469483568075,-0.06690997566909984,0.058651026392961825,0.05173951828724355,-0.09375000000000011,0.015873015873015817,-0.014816169745747176
2000-05-28,-0.07004795925369611,-0.10334644163236573,-0.07133663909646903,-0.09911484002835147,-0.06587116802483506,0.1280658180689227,-1.3500697350069735,-1.3500697350069735,-1.4,-1.4,1.3355820295679632,-0.7463752434537978,5.0396825396825395,16.974358974358974,8.057471264367816,-0.053827160493827186,0.3151390319258496,0.31390134529147984,-0.0652866242038217,-0.07012195121951215,0.04074315514993487,0.05817174515235446,0.004240882103477617,0.2931034482758621,0.015625,-0.004641663572224175
2000-08-27,0.3470721348572554,0.2852608406286796,0.3584159692304387,0.3172686354155232,0.3105203032505972,0.08201458648685844,-3.394422310756972,-3.394422310756972,-3.0833333333333335,-3.0833333333333335,-2.146755162241888,7.410409556313994,-3.0266462257263833,-1.5392296718972895,-0.47969543147208127,0.09446764091858029,-0.02036021926389986,-0.010238907849829282,0.20954003407155009,0.17049180327868863,-0.15815847165674912,0.05235602094240832,-0.027027027027027084,0.02666666666666684,-0.03589743589743588,-0.0243424734191382
2000-11-26,0.045229066872797485,0.0844054969129655,0.04603764631445739,0.07315887435064039,0.04252846237155605,0.028996566196108464,1.339434276206323,1.339434276206323,1.1600000000000001,1.1600000000000001,-1.015112540192926,-0.7233438165770518,-0.9116746514894997,-1.0092592592592593,0.008536585365853666,0.05531711969480213,0.15347721822541982,0.1586206896551723,0.035211267605633756,-0.1260504201680671,0.0040922619047618625,0.057213930348258835,-0.0026041666666666297,0.2012987012987013,-0.037234042553191404,0.01051524710830698
2001-02-25,-0.0057125221280164284,-0.06119600352630028,-0.010214651333348423,-0.06478041961662417,0.009374920819925414,-0.12138315549513179,-0.5881934566145093,-0.5881934566145093,-0.5925925925925926,-0.5925925925925926,27.31205673758865,-0.43784378437843785,-3.868678629690049,-84.28571428571429,-0.7049576783555018,0.015363759602349703,-0.11365211365211358,-0.11607142857142849,0.00952380952380949,-0.019230769230769273,-0.14190440904038526,0.054117647058823604,0.015230635335073961,-0.07567567567567557,-0.03867403314917128,0.0037839371866426053
2001-05-27,-0.034782455914305954,-0.03975271930510993,-0.04532885188297309,-0.04013507528786542,-0.00012551145919625917,0.0061894341981869605,0.04835924006908465,0.04835924006908465,0.09090909090909083,0.09090909090909083,0.4579158316633267,0.02022178734507496,0.1855274381575207,-3.979416809605489,7.118852459016393,-0.1281708945260347,0.27208756841282256,0.2794612794612794,-0.0013477088948786742,-0.13725490196078427,-0.04965457685664931,0.049107142857142794,0.036005143591941735,0.3742690058479532,-0.06896551724137923,0.0004712091226086734
2001-08-26,0.03537449638367063,0.09208703447151811,0.043168288311355774,0.11612549743353129,0.01092086764410527,0.18177581707468615,0.5518945634266885,0.5518945634266885,0.5,0.5,-1.6667525773195875,-0.2934782608695652,-1.856697445736899,-1.991364421416235,-0.8692579505300353,0.06278713629402755,0.09035033804548243,0.09736842105263155,0.010796221322537214,0.06439393939393945,-0.243071331213085,0.042553191489361764,-0.023582954075299867,0.0851063829787233,0.012345679012345512,-0.021571213262999378
2001-11-25,-7.618467164405285e-05,0.005969703753451183,-0.008253369230887264,-0.2743185634930887,0.026398788089502467,-0.03209863561082049,0.2292993630573248,0.2292993630573248,0.22222222222222232,0.22222222222222232,-1.469140574668213,0.2642533936651583,-1.3143896976483762,-0.9988385598141696,-0.007722007722007707,0.11479346781940447,-0.0811724915445321,-0.0695443645083933,0.026702269692923997,0.10320284697508897,0.024609843937575038,0.048979591836734615,0.02627118644067794,-0.07450980392156858,0.0,0.38625204582651396
2002-02-24,-0.030171428571428627,-0.07253418391316169,-0.04345875710584324,-0.006711170449488213,0.0113960803290587,-0.15195013308707694,-0.2625215889464594,-0.2625215889464594,-0.2954545454545454,-0.2954545454545454,2.3309530348805274,0.6879026485325699,3.3276936776491537,-26.0,0.19455252918287935,0.02929771650150803,0.07055214723926362,0.09278350515463907,0.011703511053315907,0.003225806451612856,0.11072056239015815,0.04669260700389111,0.04293971924029716,0.09322033898305082,0.0060975609756097615,-0.0662546010139593
2002-05-26,-0.0635435740314364,-0.14236393446993423,-0.09537824638571757,-0.22696153984013767,0.030645199875600992,0.027030922222044396,0.12529274004683844,0.12529274004683844,0.19354838709677424,0.16129032258064502,0.27696240105540904,-0.5767599660729432,0.3597736625514403,24.44,4.143322475570033,0.009627459187944831,0.07793696275071627,0.11556603773584917,0.03084832904884305,-0.003215434083601254,-0.057489451476793185,0.04275092936802971,0.10055423594615998,0.0968992248062015,0.0121212121212122,0.10940870211974718
2002-08-25,0.06278958712458538,0.15628157105332696,0.07218448337504468,0.15672091621458706,0.0383919038113365,0.10130194121774383,0.18418314255983348,0.18418314255983348,0.16216216216216206,0.19444444444444442,-1.6642990895589849,-0.2655310621242485,-1.727547855035182,-2.104559748427673,-0.8898036732108929,-0.013681592039801016,0.02286018075491758,0.06131078224101483,0.03865336658354113,-0.04193548387096768,-0.0945719082260773,0.04278074866310155,-0.02302158273381305,0.07420494699646651,-0.0119760479041916,-0.0004022526146421068
2002-11-24,-0.03405144147863892,-0.09601580772642959,-0.05567874887458735,-0.0442337756042811,0.02394045064377681,-0.15553856608902483,0.03602811950790863,0.03602811950790863,0.04651162790697683,0.023255813953488413,-1.4344867807153965,-8.042291950886767,-1.9925124792013311,-1.0626334519572953,0.5057471264367817,0.034888608659100484,-0.02079002079002068,0.021912350597609542,0.024009603841536498,-0.0033670033670034627,-0.011742892459826959,0.042735042735042805,0.060014727540500745,0.05921052631578938,-0.036363636363636265,-0.05412474849094551
2003-02-23,-0.024936511528500627,-0.06695811214703129,-0.04027295920619367,-0.103592173967748,0.012989281114240248,-0.2541159507762465,-0.3172179813401187,-0.3172179813401187,-0.33333333333333337,-0.31818181818181823,0.6675615212527963,-1.1712514529252227,-0.3658843252305113,4.886363636363637,1.9770992366412212,-0.0077173030056865155,-0.03715498938428874,0.0038986354775827348,0.012895662368112681,-0.03378378378378377,-0.008130081300813052,0.040983606557376984,0.038902396665508876,0.06211180124223614,-0.05031446540880502,0.0408423739629864
2003-05-25,-0.028385025496883043,-0.03429591381398611,-0.03879869383249779,-0.11025335111235879,-0.003986897116503574,-0.4689698577176381,-0.06583850931677016,-0.06583850931677016,-0.033333333333333326,-0.033333333333333326,0.0,0.0,0.0,9.62934362934363,7.058974358974359,-0.12853049529267302,-0.06725468577728788,-0.044660194174757195,-0.003472222222222321,-0.1398601398601398,-0.12232030264817151,0.03779527559055129,0.025409562019391485,0.14327485380116967,-0.16556291390728473,0.0853600381497377
2003-08-24,0.03103892140079889,0.08484058353686708,0.033101428749150674,0.14868275753273386,0.026375576086721253,0.8597671957671957,0.2958776595744681,0.2958776595744681,0.27586206896551735,0.27586206896551735,-0.6946605849208478,-0.2816742081447964,-0.7921348314606742,-0.905375953505267,0.08288259624562522,0.10662282761860031,-0.056146572104018855,-0.026422764227642337,0.025551684088269466,0.11382113821138229,0.15948275862068972,0.03793626707132014,-0.0045647212259535275,0.10485933503836309,-0.11904761904761896,-0.055548581471252856
2003-11-23,-0.06477167421746288,-0.12189482331107293,-0.10756234021267919,-0.19151273776007693,0.03261236191921757,-0.11855611443657965,0.3858388917393536,0.3858388917393536,0.3783783783783785,0.3783783783783785,-0.633128295254833,0.11811023622047245,3.1780604133545314,-13.55278310940499,-0.9607756721022477,-0.03056027164685904,0.02880400751408896,0.06889352818371619,0.032842582106455076,-0.054744525547445355,0.010532837670383932,0.03801169590643272,0.10415984277759582,0.19212962962962954,-0.10810810810810823,0.08606366717618141
2004-02-22,-0.003922189269715881,-0.05015244958769316,-0.0036224362700323365,-0.09869203329369802,-0.004511769389380027,-0.07103387729807886,-0.24731580895964456,-0.24731580895964456,-0.2549019607843137,-0.2549019607843137,4.528143712574851,-12.749295774647887,0.45509893455098926,-1.7752293577981653,18.98876404494382,0.10989492119089328,0.04138770541692027,0.072265625,0.01206140350877205,0.07335907335907343,0.0570202329858982,0.03661971830985933,-0.0005932957579354303,0.11650485436893221,-0.04040404040404044,0.053848978093256505
2004-05-30,-0.017512106495713553,-0.06084371409290701,-0.01783426220115636,-0.056257067470787736,-0.016877896722858,-0.26122244767490344,-0.2966060009837679,-0.2966060009837679,-0.2894736842105263,-0.3157894736842105,0.0,0.0,0.0,-0.9696252465483235,0.1403410155518081,0.08678500986193294,-0.018118059614260607,0.005464480874316946,0.0021668472372697867,0.07194244604316546,0.030742459396751798,0.03532608695652173,0.0005936479667558725,-0.02782608695652178,0.04210526315789487,-0.0048194170247357615
2004-08-29,-0.014646116634557282,-0.046899578583496804,-0.0030758461228429512,-0.015776335496754834,-0.03740169799119719,0.31517363331953807,-0.058041958041958,-0.058041958041958,-0.03703703703703709,0.0,-0.662261698440208,-1.0783984655957803,-0.5694299163179917,-16.506493506493506,-0.3923759447913243,-0.02214156079854812,-0.06785714285714295,-0.048913043478260865,-0.030270270270270183,-0.02348993288590595,-0.002813731007315745,0.034120734908136496,-0.023138534559478008,-0.014311270125223485,-0.04040404040404044,-0.031623782017620616
2004-11-28,0.013693547121072625,0.11923876278576961,-0.0006064281382656134,0.23891650603631942,0.042820612837515704,0.1775374756837167,0.7787676317743133,0.7787676317743133,0.8076923076923075,0.7692307692307692,0.9621552277100704,-2.787461773700306,0.3343455815365928,-0.9304857621440537,-0.04488912925905897,-0.0029695619896066283,-0.036398467432950055,-0.03619047619047622,0.041248606465997595,0.027491408934708028,0.07505643340857793,0.03426395939086291,0.028545399331916244,-0.056261343012704246,0.021052631578947434,-0.0966439718021328
2005-02-27,-0.062263300905263996,-0.09983615510649924,-0.1026017714188383,-0.20185063871601705,0.01647894933710159,-0.13271949856663912,-0.31010016694490816,-0.31010016694490816,-0.31914893617021267,-0.30434782608695654,-0.1359921542987904,1.1659538066723694,0.961993627674101,19.759036144578314,-0.9756511891279728,0.053983618763961294,-0.0530152418820411,-0.03162055335968372,0.01070663811563155,0.013377926421404451,0.09291338582677167,0.03312883435582825,0.0841452612931799,-0.05192307692307696,0.020618556701030855,0.12785966784499414
2005-05-29,-0.039755879681412476,-0.08512316466448244,-0.05901682127689867,-0.18313327177593108,-0.006562404170499803,-0.051738143925600166,-0.38354506957047796,-0.38354506957047796,-0.40625,-0.40625,0.4472190692395006,-1.014218009478673,-0.7913235123535552,-1.5774811375507836,23.13953488372093,-0.04380077711056163,-0.06368089573128055,-0.03673469387755113,-0.007415254237288171,-0.05280528052805267,0.0,0.03325415676959609,0.034586056644880125,-0.10750507099391482,0.08080808080808088,0.11998817267888828
2005-08-28,0.030551060453262613,0.16937462696465277,0.0326134916732852,0.141086829104915,0.02718442606083049,-0.006587498522982349,2.4553483807654564,2.4553483807654564,2.5789473684210527,2.5789473684210527,-0.9874509803921568,-120.33333333333333,-0.21845469705391884,0.4763819095477386,1.4152215799614645,-0.10786848910232738,0.3131539611360239,0.36016949152542366,0.026680896478121774,-0.10104529616724744,-0.057156580211335295,0.031034482758620863,-0.0034219531455647045,0.3522727272727273,0.009345794392523477,0.024763715085273752
2005-11-27,0.009573297932865543,0.0323635607478403,0.009302893419606884,0.35661872615203993,0.010017028949213636,0.13301019953016735,-0.536779324055666,-0.536779324055666,-0.5441176470588236,-0.5441176470588236,95.0,-1.0835661080074488,0.6991465149359886,-0.3669162695711369,0.3709613083366574,-0.03354037267080745,-0.09960159362549792,-0.07320872274143297,0.00935550935550955,-0.05813953488372092,-0.2791645440652063,0.030100334448160515,0.0005282620179609676,-0.06890756302521006,-0.0092592592592593,-0.2390251442704039
2006-02-26,-0.06955600471871781,-0.12640310560143564,-0.09310286433133341,-0.20188771094764169,-0.030943171675096748,-0.24442286494147292,-1.1943592887798897,-1.1943592887798897,-1.1935483870967742,-1.1935483870967742,-0.44162326388888884,0.07520891364902504,1.7999162829635833,-3.4204301075268817,-0.6549316264183882,-0.10325621251071126,-0.2515802781289507,-0.23865546218487388,-0.03089598352214218,-0.11111111111111116,-0.014134275618374659,0.02922077922077926,0.041446673706441395,-0.21299638989169667,-0.028037383177570097,0.09459001963572344
2006-05-28,-0.03331987402083503,0.004087364802548787,-0.023621207069023042,0.0046423367557859585,-0.04820386859072767,-0.4694501372051826,-2.586750788643533,-2.586750788643533,-2.666666666666667,-2.666666666666667,0.33851535172949854,-9.852331606217616,-0.11541336522649126,-1.2096845846290538,0.39797639123102857,0.02150023889154329,-0.07854729729729737,-0.07284768211920523,-0.032943676939426236,0.05092592592592582,0.36845878136200727,0.01997896950578326,-0.01520912547528519,0.05733944954128445,-0.125,-0.0005567239886181685
2006-08-27,0.0018963443159794036,0.03219005072751191,-0.004617234030927286,-0.007015650296815945,0.012150537634408654,0.7602461699620269,2.3141153081510932,2.3141153081510932,2.3,2.3,0.10627177700348422,-0.6602282704126426,-0.7745479127936454,2.8527542372881354,1.0968033775633295,0.05144995322731538,-0.33730522456461964,-0.330952380952381,0.015384615384615552,0.08810572687224671,0.14353064431639595,0.01855670103092799,0.010038610038610063,-0.30802603036876364,-0.03296703296703296,0.039487528625363755
2006-11-26,0.030300756268187623,0.15684093437152402,0.04560425987428984,0.00448369565217388,0.006607882715393698,0.14881350888938472,0.2795440911817637,0.2795440911817637,0.2727272727272727,0.2727272727272727,-1.9451443569553806,5.0671834625323,0.7698650674662668,-0.7025020621391256,0.15561628074212575,0.09697508896797147,0.16182572614107893,0.16370106761565828,0.015151515151515138,0.08097165991902822,0.6610169491525424,0.018218623481781382,-0.022935779816513735,0.22570532915360508,-0.045454545454545525,0.15171181899374808
2007-02-25,-0.006142516084651772,-0.023706293706293735,-0.0005512606806756803,0.04984444745029082,-0.015134245187436668,-0.05513646517952542,-0.09704641350210974,-0.09704641350210974,-0.09523809523809523,-0.09523809523809523,-1.5584559844487642,-1.1890971039182283,0.5857687420584499,-3.8327171903881703,-0.3814561294337274,0.0697485806974858,0.5809523809523809,0.5688073394495412,-0.0010660980810236476,0.05243445692883908,-0.0791505791505791,0.017892644135188762,-0.009128847157016229,0.5575447570332481,0.0,-0.07005118130589871
2007-05-27,-0.036244157451590264,-0.10357424253276981,-0.04755275979355722,-0.13647490820073438,-0.017788636704601513,0.14189281798245612,-0.0031152647975077885,-0.0031152647975077885,0.026315789473684292,0.0,2.587270014917951,0.23423423423423428,-0.14850427350427353,-1.7771615008156607,0.4792756539235412,-0.056103108415466285,0.2319277108433735,0.230019493177388,-0.0010672358591248265,-0.053380782918149405,-0.3938304881701109,0.017578125,0.019215583048170393,0.044334975369458185,0.1785714285714286,0.038080942850789334
2007-08-26,0.010079844535507476,0.0025369556532162107,0.014698177205415996,0.01738222238800402,0.0027711710925395483,-0.11309827456864219,-0.0864583333333333,-0.0864583333333333,-0.07692307692307698,-0.052631578947368474,-1.248267258109232,0.1599756690997567,-0.7898368883312421,-2.8337531486146093,-0.5941240478781284,0.052610441767068306,0.01772616136919325,0.012678288431061668,0.007478632478632452,0.05263157894736836,-0.14229249011857703,0.017274472168905985,-0.007231404958677579,-0.011006289308176154,0.030303030303030276,-0.014620039629411385
2007-11-25,0.07064108140663161,0.15474126765895546,0.08638167192086099,0.2433730522456461,0.04543476368700494,0.18791446745161733,0.39566704675028497,0.39566704675028497,0.38888888888888884,0.38888888888888884,-0.4561697375767727,-0.04981646565285791,-2.616417910447761,-0.6101190476190477,-0.5707104557640751,-0.04921785578023652,0.03663663663663663,0.031298904538341166,0.044538706256627814,-0.05714285714285705,-0.0679723502304147,0.017924528301886733,-0.02341311134235169,0.006359300476947549,0.019607843137254832,-0.07125000000000004
2008-02-24,0.045893134780808253,0.09314444463617066,0.04419067155311507,0.10659629050806485,0.04872616767962712,0.004955853033323798,0.2626633986928104,0.2626633986928104,0.26,0.26,-1.6273100616016427,-0.6252759381898454,-0.9362880886426592,-1.0005871990604815,0.0007806401249024209,-0.058587479935794606,0.12224797219003491,0.11836115326251906,0.04873096446700509,-0.09848484848484862,-0.10506798516687266,0.017608897126969447,0.002663825253063301,0.09162717219589256,0.028846153846153966,-0.012171572356486693
2008-05-25,0.02209655852450565,-0.039952013385739726,-0.0003713375338396663,-0.027046471967597574,0.059323211273196286,-0.5435041378528511,-0.3487544483985765,-0.3487544483985765,-0.33333333333333337,-0.3492063492063493,4.196399345335515,2.004418262150221,-11.144927536231885,434.0,0.33931357254290173,-0.023017902813299185,-0.028394424367578774,-0.02578018995929443,0.06582768635043568,-0.0672268907563024,-0.1533149171270719,0.01730418943533696,0.03639744952178536,0.16063675832127355,-0.15887850467289721,-0.013269356080800931
2008-08-24,-0.15758816005846887,-0.3986024334100625,-0.19085451342704107,-0.328102319721743,-0.10557574849177498,0.9032718693735642,1.1977148534525583,1.1977148534525583,1.2619047619047619,1.292682926829268,-2.390236220472441,-11.586274509803921,21.764285714285716,1.8666666666666667,0.726266744321491,-0.05584642233856896,0.27577045696068003,0.29805013927576596,-0.02997275204359673,-0.11261261261261268,-0.07096247960848279,0.017009847806624734,0.06177903101768778,0.2743142144638404,0.011111111111111072,-0.10494086570210726
2008-11-23,0.021203682014176328,0.04997676135276263,0.03609087139387479,0.08910447152814571,0.00014663063742426097,0.06481602296450939,-0.6200271247739602,-0.6200271247739602,-0.6,-0.6063829787234043,-0.5573176257362936,-1.0734395258381182,-1.1190461248823345,-2.317562149157979,-0.5543184885290149,-0.17467652495378938,-0.06289046230737194,-0.04506437768240357,0.0,-0.15228426395939088,-0.3678665496049166,0.01672535211267623,-0.020762916465475567,-0.04403131115459891,0.0,-0.035884365148567854
2009-02-22,-0.03181628960044858,-0.09949225361281078,-0.06978173553837141,-0.1939069575957184,0.023813513173878365,-0.03970223325062039,0.14931588340273638,0.14931588340273638,0.13157894736842102,0.16216216216216206,-2.333162743091095,-0.4085750315258512,-1.999472851871376,-0.8606208155812538,-0.3323239969719909,-0.11310190369540873,-0.09644444444444444,-0.06629213483146068,0.023408239700374533,-0.11377245508982037,-0.06388888888888888,0.016450216450216493,0.057445759368836224,-0.07164790174002045,0.01098901098901095,0.11708640601085296
2009-05-31,-0.02833400607219949,-0.03521859819569739,-0.02389403647874122,-0.26887361872040116,-0.03424503406092094,0.04207739177592762,-0.09575569358178049,-0.09575569358178049,-0.09302325581395343,-0.06976744186046502,0.9205374280230327,0.2366737739872069,0.23206751054852326,-7.7685589519650655,1.7573696145124718,0.03282828282828287,0.004918839153959631,0.028880866425992968,-0.02287282708142724,0.013513513513513598,0.12908011869436198,0.016183986371379966,-0.0060620191186756545,-0.15214994487320843,0.2065217391304348,0.31961138444292225
2009-08-30,0.014187279311496992,0.06776359168015356,0.012310307915118779,0.048453673715628476,0.016712914910292476,-0.09343047817302397,-0.05037206639954206,-0.05037206639954206,-0.05128205128205132,-0.07500000000000007,-0.47511493104137514,-0.016379310344827536,-0.5599315068493151,-0.7,0.19120065789473695,0.19070904645476783,-0.2834067547723935,-0.27836257309941526,0.014981273408239737,0.21333333333333337,0.19579500657030224,0.0159262363788768,0.0025803424818202636,-0.2769830949284785,0.0,0.018405776582189004
2009-11-29,0.02992769625302749,0.08117439020967243,0.02352813112306773,0.21592973955178674,0.03850160423350979,0.07131762004457354,0.44484629294755873,0.44484629294755873,0.45945945945945965,0.45945945945945965,0.5026656511805028,-0.022787028921998242,-0.16245136186770426,3.311827956989247,0.692095270969969,0.09034907597535935,0.08948087431693996,0.10858995137763383,0.03690036900368998,0.07692307692307687,0.48681318681318686,0.01650165016501659,0.008423022929340274,0.10971223021582732,0.0,-0.1108021687751981
2010-02-28,0.01556218389313968,0.03722838079908608,0.00019751135690304622,-0.0053798256537982425,0.035850419291417523,-0.02389207589989284,-0.04213600333750522,-0.04213600333750522,-0.03703703703703709,-0.05555555555555558,0.13862138874809937,-0.1847533632286995,-0.2915214866434379,0.4733167082294265,0.602611179110567,0.09369114877589468,0.03260188087774307,0.03801169590643272,0.03113879003558706,0.05612244897959173,-0.013303769401330379,0.016233766233766156,0.0199535962877031,0.050243111831442366,-0.009009009009009028,0.04283927454659153
2010-05-30,-0.0007236198016430384,-0.008810352163792445,0.034314619030258786,0.01978264135824115,-0.04636569635698096,-0.0801472487729269,-0.6054006968641115,-0.6054006968641115,-0.6153846153846154,-0.607843137254902,-0.184954373469842,-0.5731573157315731,1.5344262295081967,-0.4326337169939065,0.21334012219959275,0.07318123116659492,-0.1129326047358834,-0.11690140845070407,-0.04055220017256256,0.03864734299516903,0.02621722846441954,0.015974440894568787,-0.04572338489535943,-0.07253086419753085,-0.054545454545454564,-0.028085957021489194
2010-08-29,-0.007692963026069144,0.006464483220120609,-0.010794378111644742,0.02072487967783121,-0.0034119295680253847,-0.010882538790984997,0.6158940397350994,0.6158940397350994,0.6499999999999999,0.6499999999999999,-0.7028945931185144,-0.8350515463917526,0.3997412677878396,-1.6700477326968972,-0.11781368023499794,-0.06538307260328913,-0.03216974674880224,-0.03508771929824572,0.003597122302158251,-0.023255813953488302,0.04963503649635048,0.015723270440251458,0.004290822407628125,-0.014975041597337757,-0.019230769230769273,-0.01393459481694781
2010-11-28,-0.0037947405925633504,0.05221165667260452,-0.012441356375081702,0.0969976905311778,0.00806993947545398,0.121912265758092,0.37226775956284164,0.37226775956284164,0.36363636363636354,0.36363636363636354,0.9329044117647058,11.578125,0.9778188539741219,1.633125556544969,-0.3516470448329171,-0.05364806866952787,-0.05304101838755304,-0.056198347107437985,0.017025089605734678,-0.05714285714285716,-0.029207232267037586,0.017801857585139302,0.011868027533823877,-0.05405405405405406,0.0,-0.04083016113052096
2011-02-27,-0.011263842806049862,-0.03774619676665558,0.029585976728103702,0.010263157894736752,-0.06658984777730603,-0.0020246116858055885,0.06918865107018424,0.06918865107018424,0.1333333333333333,0.0888888888888888,1.951973371374227,-4.329192546583851,0.29556074766355134,-2.142035847142374,0.6194057226705796,0.02176870748299331,0.00522778192681117,-0.015761821366024442,-0.005286343612334821,0.005050505050504972,0.08309455587392534,0.017490494296577896,-0.05582922824302128,-0.0267857142857143,0.009803921568627416,-0.04751549418288581
2011-05-29,-0.005587127815354531,-0.03375046462644038,-0.02166866220833452,-0.07719024051402279,0.018235765490654643,0.004754810283069677,0.18668528864059586,0.18668528864059586,0.21568627450980382,0.26530612244897966,-0.3356958762886598,-1.3440298507462687,-0.5794409377817854,-0.7349718685223572,0.10137048363348056,0.06657789613848197,0.2667161961367015,0.25978647686832734,0.013286093888396744,0.07035175879396971,0.0813492063492065,0.01718983557548559,0.023850931677018572,0.21834862385321108,0.03883495145631066,0.04703196347031979
2011-08-28,0.017705785935294927,0.04982945656912774,0.02689471956061018,0.09813699661272102,0.004658087844304992,-0.030823106287661273,-0.6653589642997254,-0.6653589642997254,-0.6612903225806452,-0.6774193548387096,-0.23593598448108632,0.6193058568329719,-0.8237564322469983,0.37206703910614536,0.12628547922665567,0.024968789013732673,-0.06627565982404693,-0.07344632768361581,-0.0034965034965034336,0.009389671361502261,-0.20305810397553525,0.01689933872152838,-0.01286095607862181,-0.09337349397590367,0.01869158878504673,-0.0439925861317052
2011-11-27,-0.011394661820562035,-0.020959546609341406,-0.013037032730655151,0.0038128695056121042,-0.00899775585383411,0.10804036458333344,1.0140679953106684,1.0140679953106684,0.9523809523809523,1.0499999999999998,-0.44525547445255476,-0.5780308104487608,10.968369829683699,-4.165309446254072,-0.3549123447772097,-0.00649614291514411,-0.02449748743718605,-0.03658536585365857,-0.004385964912280715,0.0,0.06676899462778207,0.01734104046242768,0.002458210422812135,-0.056478405315614544,0.01834862385321112,-0.024633631750014318
2012-02-26,0.023478882074156715,-0.0455112530565398,-0.024401019040746874,-0.07157184925952798,0.07297741887243903,-0.009048444431387526,0.5809080325960418,0.5809080325960418,0.6097560975609757,0.5853658536585367,0.6561784897025171,5.165079365079365,-0.9831266517584875,-0.7368150244404426,-0.14479830148619954,0.05190028606456876,0.05537669027688352,0.07278481012658222,0.06519823788546253,0.05581395348837215,0.07697841726618715,0.017045454545454586,0.048307994114762165,0.059859154929577274,0.018018018018017834,0.02806197018415668
2012-05-27,-0.02604720843725261,-0.15857165263763262,0.04239999999999999,0.022892341638319325,-0.11607765057242414,0.012006759360825292,-1.223858615611193,-1.223858615611193,-1.2272727272727273,-1.2307692307692308,-0.0583765112262522,0.19361483007209057,36.144578313253014,3.8993157380254155,-0.8295266468056934,0.007381507381507335,-0.3947528981086028,-0.4041297935103245,-0.0992555831265508,-0.05726872246696035,-0.0788243152972613,0.016759776536312776,-0.09239766081871359,-0.41362126245847175,0.017699115044247815,-0.1774239408586864
2012-08-26,0.04253664164168547,0.07987448738660374,0.0539393851634109,0.165872730541075,0.025678567406239416,-0.029792594328568067,-5.113486842105263,-5.113486842105263,-5.066666666666666,-5.066666666666666,0.18818782098312536,-0.21203623813632444,-1.1725591955887122,-1.0269353551476457,0.13106796116504849,-0.04087929039722327,0.36491935483870974,0.34405940594059414,0.025711662075298403,0.06542056074766345,0.6250906453952141,0.016483516483516425,-0.016237113402061798,0.3286118980169972,0.008695652173912993,-0.07376425855513291
2012-11-25,0.04995556896869702,0.16948128542248053,0.07498900857331292,-0.07940484909224066,0.01071703085538589,0.12790241251245504,-0.15393842463014795,-0.15393842463014795,-0.14754098360655732,-0.16393442622950816,-0.522383451682618,-0.777443197372023,4.37781954887218,25.68888888888889,3.0927038626609438,0.08082026537997589,0.06720827178729682,0.0405156537753224,0.017009847806624734,0.05701754385964919,-0.2110664881749219,0.016891891891891886,-0.03720199109248101,0.036247334754797356,0.0,0.27033885654575296
2013-02-24,0.6852968182362569,0.2659286592865928,1.042854221517855,0.43302767659004315,0.09145427286356811,-0.9218846205327266,-0.43289224952741023,-0.43289224952741023,-0.4423076923076924,-0.43137254901960786,0.9592760180995474,58.70971709717097,15.771059070255156,-0.31446017207882315,0.518036912751678,0.1573660714285714,-0.22560553633217983,-0.352212389380531,0.06073943661971848,0.13692946058091282,0.08597285067873295,0.01661129568106312,-0.35238095238095235,-0.004115226337448541,-0.35344827586206895,-0.11656874265569916
2013-05-26,-0.033267795807177536,-0.14889234356781966,-0.05889750182998932,-0.0061943024105186595,0.04801720019111322,26.937628512679918,0.6016666666666666,0.6016666666666666,0.5862068965517244,0.517241379310345,1.0801715605410758,-0.9660514172709295,-1.209349339335584,-3.18582995951417,-0.7459242884774799,0.11989713918354239,0.42269883824843624,0.2814207650273224,0.04149377593361003,0.054744525547445244,0.44010416666666674,0.016339869281045694,0.08403361344537807,0.03305785123966953,0.2533333333333332,-0.14358872040436288
2013-08-25,0.0031119366047056563,0.017717704004749146,-0.0016819236419962635,0.01822832446417544,0.01905250360914823,-0.4845808493412821,-0.24921956295525494,-0.24921956295525494,-0.26086956521739124,-0.22727272727272718,-0.736558287073751,0.07766990291262132,-1.0224987555998009,-1.0190776069642526,0.05600870038064176,0.005453501722158416,-0.17148241206030157,-0.23454157782515983,0.013545816733067761,-0.03460207612456745,-0.31500904159132004,0.016077170418006492,0.015891472868217127,-0.18399999999999994,-0.06382978723404253,-0.0005436048769124069
2013-11-24,0.015516297975455284,0.06689998653923812,0.013830991542918003,0.0768631074408801,0.020038399164911347,0.12085296777571508,0.7234927234927235,0.7234927234927235,0.7352941176470587,0.7058823529411762,1.345574954846478,-0.2826576576576577,-12.676991150442477,-1.145631067961165,-0.007723995880535517,-0.07793320011418792,0.012130401819560488,-0.050139275766016844,0.023584905660377187,-0.08960573476702505,0.07919746568109809,0.015822784810126667,0.004578405188859103,-0.004901960784313819,-0.045454545454545525,-0.009246309246309314
2014-02-23,-0.01698706846784437,-0.0494154260240558,-0.03344565081742168,-0.13111677168521252,0.028215343006469107,-0.0751443859351113,-0.0579010856453559,-0.0579010856453559,-0.05084745762711851,-0.06896551724137923,-0.007700205338808996,0.0894819466248038,-0.2523683213338386,-32.0,0.24130773222625845,-0.031888544891640835,0.1303370786516853,0.1700879765395895,0.02611367127496167,-0.055118110236220486,-0.07289628180039143,0.015576323987538832,0.045955184200531685,-0.056650246305418595,0.23809523809523814,0.09403184063994985
2014-05-25,-0.0522137882769792,-0.0641065345308145,-0.0478610988413577,-0.18457028236383277,-0.06542139124871149,0.01832082099318133,-2.3836961160904826,-2.3836961160904826,-2.375,-2.4259259259259256,0.5750129332643559,-0.49351585014409227,2.018246325392803,-2.206451612903226,-0.23453177257525082,-0.04253277902142627,-0.6302186878727634,-0.6240601503759399,-0.06811377245508987,-0.06666666666666654,-0.16833773087071235,0.015337423312883347,-0.014161220043572786,-0.5535248041775457,-0.16346153846153855,0.14774193548387093
2014-08-24,0.00034596001321873793,-0.12749361822823102,-0.027577937649880147,0.09752497729336973,0.07659979081487123,-0.16559576146995825,-2.4876619370758792,-2.4876619370758792,-2.4805194805194803,-2.4545454545454546,-0.6163573657415011,-5.716927453769559,0.0305625524769102,-0.11942959001782527,-0.269797924631349,0.028390113560454067,1.0878136200716848,1.1399999999999997,0.07068273092369481,0.1026785714285714,1.831218274111675,0.015105740181268867,0.07624309392265194,1.1812865497076022,-0.011494252873563204,-0.20498407344950353
2014-11-23,0.006638070313992106,0.1150512000866879,0.016279138042393226,0.17420088962449576,-0.016286012046703102,0.12131856255066209,-0.9792660170018661,-0.9995853203400373,-0.9824561403508771,-0.9821428571428571,-0.21190068493150682,-1.2985524728588662,-0.84308293954701,-0.7611336032388664,-0.08825729244577407,0.09645988957453722,-0.3905579399141632,-0.36137071651090336,-0.018754688672168007,0.024291497975708287,-0.48520842671447784,0.014880952380952328,-0.022587268993839782,-0.3672922252010724,-0.011627906976744207,-0.050436012255479445
2015-02-22,-0.08372603414061341,-0.04684045577123974,-0.0372871318590845,0.09150441958124111,-0.20042735810094991,-0.06585542168674696,-96.41,-4771.5,-113.00000000000001,-113.00000000000001,0.7533948940793047,0.014141414141414232,1.0851505711318796,-2.305084745762712,0.12633305988515175,0.04946682464454977,-3.1408450704225355,-3.0146341463414634,-0.20259938837920488,0.07114624505928857,0.694819329560296,0.014662756598240456,-0.12745098039215685,0.0,0.0,-0.12674774551170676
2015-05-31,-0.01828316236589833,-0.06514923661203575,-0.029864294126913826,-0.10941913960558525,0.01641626805003482,0.05881290788557281,-1.2192642280683366,-1.2192642280683366,-1.21875,-1.21875,1.29275092936803,0.7310756972111554,1.5866533864541834,1.9740259740259742,0.3335761107064821,0.02286198137171902,-0.6585526315789474,-0.6707021791767556,0.011505273250239867,0.2804428044280445,0.0,0.014450867052023142,0.035313001605136396,0.0,0.0,0.04973945997157725
2015-08-30,-0.09735951020966582,0.00935190991629642,-0.041934087007624354,0.16213521841580558,-0.2568935041979673,-0.3193656052817502,-6.516730401529637,-6.516730401529637,-6.469387755102042,-6.408163265306122,-0.9097419267666531,-0.2779056386651323,-1.0271467077396996,-2.0087336244541483,-0.2523211359912616,0.14155629139072845,7.169556840077071,6.852941176470589,-0.2635071090047394,0.12968299711815545,0.0,0.014245014245014342,-0.17674418604651165,0.0,-0.0117647058823529,-0.13149819494584825
2015-11-29,0.010123592454355457,0.056861156131820634,0.007263981145933407,0.02773661909589542,0.020961555615020888,0.10698689956331875,-1.1342171388961095,-1.1342171388961095,-1.1343283582089552,-1.1320754716981132,2.7604790419161676,-0.11155378486055778,-11.411347517730496,-0.8160173160173161,-0.06208911614317014,-0.011119168479574615,0.042924528301886866,-0.028089887640449507,0.018018018018018056,0.34438775510204067,0.0,0.014044943820224809,0.010828625235404843,0.0,-0.023809523809523836,0.028369531331185582
2016-02-28,-0.175521738586773,-0.09840255591054314,-0.24240578850792072,-0.3384257385673817,0.06398159473469622,-0.054515471917741753,0.32085216268560357,0.32085216268560357,0.2777777777777779,0.3142857142857145,0.5011942675159236,-23.362331838565023,16.00817438692098,-45.023529411764706,2.9143302180685358,-0.005133219261793998,-0.6463138851198552,-0.6396917148362236,0.058154235145385424,-0.022770398481973264,0.0,0.013850415512465464,0.2901723334885886,0.0,0.012195121951219523,0.36277283751010514
2016-05-29,0.01542404756127147,0.013947554925584749,0.014923794514897448,-0.031809145129224614,0.01644997947173943,-0.031394275161588214,-0.42521994134897356,-0.42521994134897356,-0.4347826086956522,-0.4565217391304348,0.35852559002916995,-1.0517365845833,-0.9792133931432233,-0.11304115446285412,0.6603660962992439,0.08722358722358714,0.22250639386189253,0.24064171122994638,0.010752688172043223,0.027184466019417375,0.0,0.013661202185792254,0.0010830324909747446,0.0,-0.036144578313252906,0.04730831973898875
2016-08-28,-0.04142458142278915,-0.047418011015740724,-0.058306759207153114,-0.06618227768125096,0.001265618267987989,-0.05818592663206579,0.5833333333333333,0.5833333333333333,0.6153846153846152,0.6799999999999999,-0.3638493070466523,-3.8829457364341087,13.213872832369942,-1.1202169328110876,-0.047813061713601,0.06327683615819213,-1.9555439330543933,-2.032327586206897,0.0035460992907800915,0.0510396975425329,0.0,0.013477088948786964,0.04471691309051584,1.440677966101695,0.03749999999999987,0.020107618238459413
2016-11-27,-0.10991827608504268,-0.01822664436030641,-0.2366123302679194,-0.261924898511502,0.19589597396659775,-0.2170946579194002,-0.3442534908700322,-0.3442534908700322,-0.33333333333333326,-0.33333333333333326,-0.33629947836759744,-1.5961279913955364,-1.8903348244543854,-17.238095238095237,0.8153788069468915,-0.11817215727948982,-0.11111111111111116,0.035490605427974886,0.2037691401649,-0.12050359712230219,-0.27998972514770093,0.577659574468085,0.3434587504314808,0.04166666666666674,0.0,0.3301637978900611
2017-02-26,-0.08105032822757108,-0.24092675635276528,-0.10196862949755003,-0.10341469004239712,-0.05068927519283961,-0.05133116261252635,0.47174447174447165,0.47174447174447165,0.4999999999999998,0.46428571428571397,0.4068423485899213,-0.8240866035182679,-2.5622716199756397,-2.1713227349899675,-0.5261005199306759,-0.06459387804290184,-0.07327586206896552,0.014112903225806495,-0.02935420743639927,-0.2229038854805726,-0.01819479129504109,0.006743088334457248,0.03314491264131547,0.05499999999999994,-0.04819277108433728,-0.15340464388207675
2017-05-28,-0.03835603390799125,-0.2071206332952621,-0.028459353005746757,0.0994312735638061,-0.054604031933290664,-0.4499293357561074,-0.15804117974401777,-0.15804117974401777,-0.1428571428571429,-0.14634146341463417,0.0811698981268485,6.705128205128205,-0.5496540298216548,-0.4304915008565028,-0.6322410766530134,0.014944601906724975,0.037209302325581284,0.13320079522862827,-0.03427419354838712,0.044736842105263186,0.05232558139534893,0.006697923643670389,-0.016911216115394256,0.2906793048973144,-0.11392405063291144,-0.27882896764252707
2017-08-27,0.012806671751037557,0.05553347903834682,0.05391708897565839,0.19360650973554194,-0.04936353613310618,0.6555331253440999,0.00793126239259756,0.00793126239259756,0.0277777777777779,0.028571428571428692,-0.5866261398176291,-0.8715474209650582,-0.7682319844189569,-1.0,0.0,-0.07108403148007103,-0.05701473414477898,0.0052631578947368585,-0.030271398747390488,-0.037783375314861534,-0.13466850828729293,0.00698602794411185,-0.0614722995193524,0.06487148102815188,-0.05714285714285705,-0.11563114263738139
2017-11-26,0.017065013299953025,-0.03232941176470583,0.04266120132429441,-0.09899688352162062,-0.025330802888924087,0.20463363263496293,0.46557377049180326,0.46557377049180326,0.4864864864864866,0.5000000000000002,1.0933823529411764,7.484455958549223,0.15219421101774033,-inf,-0.665871121718377,-0.06723148401202517,0.22350543478260887,0.19720767888307145,-0.006458557588804981,-0.03926701570680624,-0.02713487629688749,0.0069375619425173785,-0.0417789757412399,0.15287356321839085,0.030303030303030276,0.07392732895245469
2018-02-25,0.006067249353371551,0.0008753586538929881,0.0060632635780815125,0.07587958709398479,0.006165995078021513,-0.08231342596852853,0.6232662192393736,0.6232662192393736,0.6545454545454545,0.6666666666666665,0.480857042500878,-0.5874809160305343,0.9246353322528362,-1.2921146953405018,0.5821428571428571,0.08350424846176363,0.3003886729594669,0.2594752186588922,0.02383531960996743,0.0926430517711172,-0.08613617719442157,0.006889763779527547,0.0002812939521801283,0.2562313060817547,0.014705882352941124,-0.06964815981283179
2018-05-27,-0.007043734230445797,-0.05791749672027602,-0.0031260802260396625,0.1735570402371025,-0.01190700174707704,-0.0141890198044623,-0.8081587651598677,-0.8081587651598677,-0.8131868131868132,-0.8,-0.7345825426944972,-0.44485566247224273,-0.8362105263157895,-1.100204498977505,-0.036869826937547034,-0.011357490535424453,-0.0725875320239111,-0.09722222222222232,-0.005291005291005124,-0.03491271820448871,-0.23698384201077205,0.006842619745845546,-0.005061867266591746,-0.19206349206349205,0.11594202898550732,-0.19731115194893134
2018-08-26,0.009191972664709613,0.055495383980607604,0.005593330217551928,0.04160602688126014,0.01640280724661336,-0.06703285525378899,1.5603448275862069,1.5603448275862069,1.6470588235294117,1.5,-0.1537086684539768,-0.4866666666666667,1.8174807197943443,9.857142857142858,-0.415625,0.011487964989058908,0.035911602209944826,0.024358974358974272,0.014893617021276562,0.015503875968992276,0.09882352941176475,0.007119741100323651,0.007348784624081395,0.028487229862475427,-0.012987012987012991,0.013375105434389578
2018-11-25,1.194258464473057,0.6004886391399951,1.3543478260869564,-0.08173748664420155,0.933386859360364,0.2994439598778893,-0.26150392817059487,-0.26150392817059487,-0.3111111111111111,-0.3111111111111111,0.7655755015839494,133.12987012987014,-49.96259124087591,-7.907894736842105,4.926470588235294,-0.04975662520281221,-0.2813333333333333,-0.31664580725907376,0.5597484276729563,-0.06361323155216281,-0.09100642398286929,0.006748071979434389,-0.11896745230078565,-0.1337153772683859,-0.21052631578947367,0.7429250891795482
2019-02-24,-0.012179007945476994,-0.10053733895096784,-0.027280542554207643,0.003222197359588286,0.020611564070264876,0.13567143516382085,0.8389057750759878,0.8389057750759878,0.6129032258064517,0.6129032258064517,1.9569377990430623,-0.980286599535244,-1.1027337271490598,-1.4356462585034013,-0.36115497405819985,-0.2418895845190666,-0.30179344465058755,-0.31684981684981683,0.019489247311827995,-0.5135869565217391,-0.1472320376914017,0.0067028407277369695,0.03312101910828025,-0.22932745314222713,-0.11666666666666659,-0.10342475098922088
2019-05-26,-0.022563867890489586,-0.07206136926784568,-0.03436966042775502,-0.0442075210777535,0.001573308015733188,-0.03468656495881206,-0.4772727272727273,-0.4772727272727273,-0.45999999999999996,-0.48,-0.2532362459546925,-2.3585461689587426,0.007799746054779622,-0.7151780137414117,-0.16454802259887003,0.007132132132132041,-0.06554472984942428,-0.07238605898123329,0.0013183915622940745,-0.011173184357541888,0.2866022099447514,0.00665821179454662,0.024660912453760675,0.01716738197424883,-0.07547169811320764,-0.029143204991629923
