Quarter end,Assets,Current Assets,Liabilities,Current Liabilities,Shareholders equity,Revenue,Earnings,Earnings available for common stockholders,EPS basic,EPS diluted,Cash from operating activities,Cash from investing activities,Cash from financing activities,Cash change during period,Cash at end of period,Price,ROE,ROA,Book value of equity per share,P/B ratio,P/E ratio,Cumulative dividends per share,Equity to assets ratio,Net margin,Asset turnover,Current ratio
1993-12-31,0.6129577632361689,0.6501077252092891,1.0499051082863962,1.0938082696865945,-0.002740142223699893,1.2970685148550984,-1.817466129622849,-1.8326620285609667,-1.6041666666666665,-1.6170212765957448,-0.7249160292986929,5.09130083490439,-1.9272679874869656,0.31502837268899864,-0.9940334586754662,0.09939759036144569,0.0096735187424426,0.02145922746781115,-0.16759776536312854,0.22222222222222232,0.04070231444533112,0.7577781683951483,-0.38183570224042407,0.02752293577981657,-0.00233644859813098,-0.21191386596900785
1994-03-31,0.6129577632361689,0.6501077252092891,1.0499051082863962,1.0938082696865945,-0.002740142223699893,1.2970685148550984,-1.817466129622849,-1.8326620285609667,-1.6041666666666665,-1.6170212765957448,-0.7249160292986929,5.09130083490439,-1.9272679874869656,0.31502837268899864,-0.9940334586754662,0.09939759036144569,0.0096735187424426,0.02145922746781115,-0.16759776536312854,0.22222222222222232,0.04070231444533112,0.7577781683951483,-0.38183570224042407,0.02752293577981657,-0.00233644859813098,-0.21191386596900785
1994-06-30,0.0294395994367449,0.033558092494136105,0.019199015638644124,0.026443393176766916,0.05910079872158569,0.0,0.0,0.0,0.0,0.0,-0.7249160292986929,5.09130083490439,-1.9272679874869656,0.31502837268899864,175.65916398713827,0.01735159817351617,0.0096735187424426,0.02145922746781115,-0.06711409395973156,0.22222222222222232,0.04070231444533112,0.0,0.028838659392049992,0.02752293577981657,-0.00233644859813098,0.0069586312563840735
1994-09-30,0.23756844716473613,0.23439932749292214,0.21323074107104611,0.26768597694726504,0.3054052440473929,0.20389111085515466,-2.7945128779395296,-2.7617634124890063,-2.344827586206897,-2.344827586206897,-0.7249160292986929,5.09130083490439,-1.9272679874869656,0.31502837268899864,1.3075844997360804,0.04667863554757634,0.0096735187424426,0.02145922746781115,0.23021582733812962,0.1203208556149733,0.04070231444533112,1.0,0.05492424242424243,0.02752293577981657,-0.00233644859813098,-0.026247384771444837
1994-12-31,0.09983828879085976,0.10219061255959594,0.12281571824199777,0.1497083089653306,0.040315237592353226,0.09192125967799858,0.3027769110764431,0.3027769110764431,0.2564102564102564,0.2564102564102564,-3.777862775097093,1.3481009859839945,0.22991946286526987,-2.018221046770601,-0.5769713127361356,0.13636363636363624,0.0096735187424426,0.02145922746781115,0.03508771929824572,-0.07637231503579955,0.04070231444533112,0.5,-0.05421903052064636,0.02752293577981657,-0.00233644859813098,-0.04134383748941994
1995-03-31,-0.03759392163252151,-0.04158548368307691,-0.068846924087418,-0.081290210836789,0.049787481490806806,0.0010625103544403824,0.24088710063706475,0.24088710063706475,0.24489795918367352,0.24489795918367352,-0.0647997119071324,-1.0292051895230383,-0.5022051309632658,-0.32025044771630506,-0.9271144093078759,0.06339622641509424,0.0096735187424426,0.02145922746781115,0.04802259887005644,0.028423772609819098,0.04070231444533112,0.3333333333333335,0.09111617312072884,0.02752293577981657,-0.00233644859813098,0.04319478402608001
1995-06-30,0.007454424519302227,-0.0021747368270530476,-0.007082252996160721,-0.017665852455400644,0.04350499293793386,0.012875426376515176,-0.14440670115031262,-0.14440670115031262,-0.16393442622950816,-0.16393442622950816,-2.8030148591102657,-6.0277240490006445,-4.097914753389876,-1.7382901273052713,9.39114863136352,-0.05677785663591206,0.0096735187424426,0.02145922746781115,0.037735849056603765,-0.10050251256281406,0.04070231444533112,0.25,0.035490605427974886,0.02752293577981657,-0.00233644859813098,0.015755208333333437
1995-09-30,0.05741273229941957,0.06055720558853639,0.06586930961257931,0.080031116949421,0.037457337417023506,0.009666914816427896,-0.07390029325513192,-0.07390029325513192,-0.05882352941176472,-0.05882352941176472,-1.0407665877298224,-0.09899974352398055,-1.136244343496874,-0.9425224734404795,0.051946133582805976,0.11738148984198649,0.0096735187424426,0.02145922746781115,0.036363636363636376,0.07821229050279332,0.04070231444533112,0.19999999999999996,-0.018817204301075252,0.02752293577981657,-0.00233644859813098,-0.018010511472888124
1995-12-31,0.07909282805498408,0.054842269428476476,0.04057901852023771,0.04626002675814922,0.1724646625557602,0.04849549982931922,-0.08832269693574313,-0.08832269693574313,-0.20833333333333326,-0.20833333333333326,4.928197226502311,-3.175348704810703,-0.640854985280942,-9.330805687203792,-0.3667766622200379,0.08754208754208737,-0.09461077844311383,-0.050420168067227045,0.01754385964912264,0.04922279792746109,0.04070231444533112,0.0,0.08664383561643851,-0.044642857142857206,-0.009367681498828828,0.008224006265909578
1996-03-31,0.04709067065603856,0.04266475655404722,0.04353110992934739,0.0073855986597421985,0.05474965395303366,0.03339092627368667,0.9662819279683659,0.9662819279683659,0.9736842105263157,0.9736842105263157,-0.7503248947341061,-2.6434179534153364,20.765146115466855,-5.973375810672431,3.2310307868573753,0.07120743034055743,0.0443121693121693,0.07300884955752229,0.05418719211822687,0.051851851851851816,0.13075153374233128,0.16666666666666674,0.007248660573589527,0.09345794392523366,-0.021276595744680993,0.03502298180876551
1996-06-30,0.21837550538524697,0.14656270812313066,0.16908692353315202,0.1340563845746523,0.3233000390999894,0.13262913995071735,-0.026388020762562192,-0.026388020762562192,-0.6000000000000001,-0.6000000000000001,-19.40433062669165,0.4882554343498686,-0.9029931393578177,0.7302166502710987,1.5140156709964274,0.16069364161849697,-0.01266624445851805,0.03298969072164937,0.0,0.10093896713615047,0.08409630383180744,0.1428571428571428,0.08604505632040049,0.07692307692307687,-0.041062801932367,0.011008256192144072
1996-09-30,0.060659916936923075,0.07781310371523587,0.057581046455494,0.06322199505360993,0.06645034436075692,-0.026747923814409824,0.11084128844972918,0.11084128844972918,1.0333333333333332,1.0333333333333332,-2.0142710077379067,-0.5527259108661923,0.5820744366613215,-2.1720889335510614,-0.6160103126454993,0.10358565737051806,0.021808851828094777,0.06586826347305408,0.028037383177570208,0.10447761194029836,0.2248983421958084,0.125,0.005473926822241237,0.12698412698412698,-0.05037783375314864,0.013734224201930267
1996-12-31,0.10799442985093521,0.07539743196215842,0.1091599168959807,0.10927255930890722,0.10582072951047605,0.10729895293887504,-0.03374626228107647,-0.03374626228107647,-0.3770491803278688,-0.3770491803278688,-0.8615230181524134,-1.2772727272727273,-1.9061133041715566,-0.7902802768361263,-0.33644005682589384,0.10649819494584833,0.016949152542372836,0.0393258426966292,0.1045454545454545,0.07528957528957547,0.03600612870275799,0.22222222222222232,-0.0020057306590257618,0.08450704225352101,-0.04244031830238726,-0.030574880995972165
1997-03-31,-0.031474493920186974,-0.04994193156977356,-0.12680884140639614,-0.1301038765230247,0.14686645000997633,0.05085185759590538,-0.05788734591980027,-0.05788734591980027,-0.13157894736842102,-0.13157894736842102,4.160122427610648,2.573123382226057,-3.017897091722595,1.0787498991420348,-0.8292559864724813,0.07422512234910283,-0.13271604938271597,-0.07567567567567568,0.05967078189300401,-0.026929982046678735,-0.017500616218880993,0.09090909090909083,0.18432385874246338,-0.06493506493506496,-0.013850415512465353,0.09216241737488207
1997-06-30,0.0131351202916703,0.008387859011961485,-0.02000024541547163,-0.022645196415934987,0.060329459766060634,0.07080021235179612,0.9355194876890802,0.9355194876890802,0.6666666666666667,0.6666666666666667,-3.845174079652855,-2.403501358285542,-4.457667172365504,-3.8825333160822875,18.412267390783484,-0.041381928625664366,0.12241992882562269,0.18518518518518512,0.05436893203883475,-0.09594095940959402,0.08253888610135474,0.0,0.046545454545454445,0.16666666666666652,0.014044943820224587,0.031759755605510254
1997-09-30,0.05425373979138026,0.0675161130790356,0.05974661643009194,0.07564308606460335,0.04702299341439842,-0.051420470883602465,-0.2293211637193383,-0.2293211637193383,-0.10909090909090913,-0.10909090909090913,-1.132336684450906,-0.11961804808808985,-1.0520271695565961,-1.2807384499373853,-0.25732635017547034,0.10653465346534663,-0.008877615726062271,0.042763157894736725,0.046040515653775316,0.05102040816326525,-0.12584009269988417,0.08333333333333348,-0.006949270326615631,0.03571428571428581,0.008310249307479367,-0.007541899441340871
1997-12-31,0.10523183235163547,0.11281529775558097,0.1444337152174333,0.1838660077321761,0.05299990769184526,0.09077931449481547,0.2246299037749815,0.2246299037749815,0.22448979591836737,0.22448979591836737,1.914206948014261,0.5721614227086183,15.85225429776192,0.10096568925270999,-0.38146968395978176,0.16499642090193256,0.061420345489443307,0.09936908517350163,0.04929577464788748,0.11262135922330097,0.10949098621420994,0.15384615384615374,-0.047119197574061245,0.09770114942528729,0.0027472527472527375,-0.060005629045876696
1998-03-31,0.10285605154877553,0.11806232945841644,0.1382944825524619,0.13211060922564943,0.051538503356981735,0.08017045173222859,-0.1490956345668566,-0.1490956345668566,-0.1499999999999999,-0.16666666666666663,-1.1801085402544935,-0.2678454892942602,-1.2238935242659583,-0.6877332597551589,-0.19258602468339692,0.08018433179723505,0.03375527426160341,0.015781922525107683,0.043624161073825496,0.029668411867364686,-0.040382317801672785,0.06666666666666665,-0.046511627906976605,0.041884816753926746,-0.024657534246575352,-0.012395951853404363
1998-06-30,-0.0030082841076669586,-0.022621981122365575,-0.03699991795935653,-0.07935599016512107,0.05027523552380053,0.9329361501283906,0.25284131268646104,0.25284131268646104,0.27450980392156854,0.26,11.107653423900166,0.5261035653650254,1.3999570169782936,-10.989303818071898,2.382669077436745,0.14931740614334466,-0.04606413994169112,-0.05649717514124297,-0.130225080385852,0.10169491525423724,0.058017928286852705,0.0625,0.05340179717586646,-0.22110552763819102,0.2078651685393258,0.061605626970652416
1998-09-30,0.27316737341889596,0.13671840034738958,0.2596791186529781,0.09253307405866984,0.29255389189501835,-0.291223180256734,-0.1803543586109142,-0.1803543586109142,-0.5538461538461539,-0.5555555555555556,-1.544208878306533,0.47183979974968704,-4.78121250111937,-1.0260567970204841,0.09088345340726867,0.04479089334323194,-0.09046454767726164,-0.09431137724550898,0.290203327171904,0.19999999999999996,0.00706048481995758,0.17647058823529416,0.015110894467462721,-0.08387096774193548,-0.006976744186046546,0.04043865661411927
1998-12-31,0.09218034730129032,0.1001063468323602,0.11781068752723067,0.12916172191143271,0.056279086152135394,0.09277968871250963,0.724258983848096,0.724258983848096,0.7241379310344829,0.7499999999999998,-0.21283915396556163,0.033068783068783025,-0.5715030029745553,16.17473646596391,-0.2889594969128194,0.031975367124585485,0.02016129032258074,0.016528925619834656,-0.22063037249283668,-0.19999999999999996,0.0656695489600374,0.04999999999999982,-0.03289315726290509,0.021126760563380254,-0.007025761124121677,-0.025746596398770416
1999-03-31,0.5395271233244796,0.34421012794169803,0.5834369834280448,0.3384228772773168,0.47443821857793966,0.2707912964208501,-0.17859327830543492,-0.17859327830543492,-0.4,-0.40816326530612246,-1.9516434820347657,2.5652094384488753,-1.2585501735458626,-0.0015708385781310064,-0.25762770621335174,0.12095478540280014,-0.11396574440052687,-0.12357723577235769,0.47242647058823506,0.4391025641025641,0.05460526315789482,0.09523809523809534,-0.04220456802383321,-0.05517241379310345,-0.07075471698113212,0.004338761480813691
1999-06-30,-0.022489003148696285,-0.05170253537735847,-0.07336648681860947,-0.028211107097113164,0.05850348453356147,0.3841809929430784,1.6479487179487178,1.6479487179487178,0.7333333333333334,0.7586206896551726,3.151664986478486,-0.45051562259504385,16.956391620350576,-0.8916395765608068,-0.059225512528473856,-0.12121212121212122,0.22750929368029738,0.23933209647495346,0.051186017478152435,-0.4031180400890868,-0.0954460386774798,0.04347826086956519,0.08294453084499742,0.32846715328467146,-0.06852791878172593,-0.02418087971274685
1999-09-30,0.13853299553625287,0.19686783507558392,0.19276833816825523,0.2360256843528219,0.06295119838290497,-0.2382136307845376,-0.4374432255714332,-0.4374432255714332,-0.15384615384615385,-0.1568627450980392,-1.3441896319136635,-0.2633053221288515,-1.6130952380952381,-1.0,0.12227602905569013,-0.05288909599254432,-0.00181708055723806,-0.017964071856287345,0.040380047505938155,-0.09888059701492546,-0.10712643678160916,0.04166666666666674,-0.06653901388224026,0.049450549450549275,-0.06539509536784738,-0.03167941125740248
1999-12-31,0.08929460756784247,0.12441962401376672,0.11505654674009347,0.13536938808989984,0.04900842162455854,0.09077641994781604,0.4221311475409837,0.4221311475409837,0.40909090909090917,0.4186046511627908,-0.4171332586786114,-0.11026615969581754,0.08504854368932047,inf,0.5668824163969794,-0.23025830258302582,0.010315533980582492,-0.0060975609756099836,0.044520547945205546,-0.26086956521739135,-0.29737384140061796,0.08000000000000007,-0.03692307692307695,0.05235602094240832,-0.055393586005830886,-0.009618810117563048
2000-03-31,0.031060311284046627,0.045753804394906394,0.0650920761536784,0.010114388922335849,-0.025508882788625842,0.009946618014730735,0.09221902017291073,0.09221902017291073,0.09677419354838723,0.09836065573770503,-2.7752161383285303,-0.1766381766381766,-1.2562634216177524,-0.47288296860133205,0.19070567986230635,0.028763183125599223,0.1417417417417417,0.11503067484662588,-0.004371584699453646,-0.014005602240896309,-0.0384756320996702,0.07407407407407396,-0.0548455804046859,0.14427860696517403,-0.021604938271605034,0.035251798561150904
2000-06-30,-0.031549253252573295,-0.05142825585729871,-0.08084664443274237,0.015973298366908972,0.058013765978367715,0.09918240087781505,0.027440633245382484,0.027440633245382484,0.02941176470588225,0.014925373134328401,2.9832251082251084,0.39100346020761245,5.941340782122905,1.8646209386281587,0.4588031222896791,0.24106865486175844,-0.06417674907943183,-0.0784044016506189,0.048298572996707145,0.24715909090909083,0.028582317073170715,0.06896551724137945,0.09239436619718311,-0.008695652173912993,-0.0725552050473186,-0.06636553161917991
2000-09-30,0.0934933608705395,0.12649550257619424,0.11308623899931569,0.05814853924674401,0.06256907465085915,0.06334075940737494,-0.1104262968669748,-0.1104262968669748,-0.11428571428571421,-0.10294117647058831,-1.3600054340442875,2.5559701492537314,-2.081287726358149,-1.0850661625708884,-0.026753864447086828,0.35994993742177717,0.037661607644744244,0.029850746268656803,0.05759162303664911,0.29612756264236917,0.26343090033345695,0.06451612903225823,-0.028107271789582167,0.00877192982456143,0.020408163265306145,0.06463217963031864
2000-12-31,0.09815939988952826,0.13371319301781726,0.14301645625723802,0.18756791519748073,0.023993570195967262,0.10341629839946886,0.20785219399538102,0.20785219399538102,0.20967741935483875,0.19672131147540983,-1.5377358490566038,-0.6439314445610353,-1.2151097878675103,4.548148148148148,-0.15251476277743836,0.18056322473771402,0.018959913326110467,0.0,0.01980198019801982,0.11599297012302268,0.09794721407624629,0.06060606060606055,-0.06765720350225535,-0.021739130434782594,0.023333333333333206,-0.04532742950361213
2001-03-31,0.15447332554517135,0.18131880655528465,0.1430590648687864,0.18587888181359835,0.17553903688997652,0.30527397047074567,-0.07791586998087952,-0.07791586998087952,-0.42666666666666664,-0.4246575342465754,-0.22245614035087724,0.49901768172888006,-0.4749134948096886,0.3684913217623498,-0.04805382027871219,-0.009822263797942044,-0.0717703349282296,-0.07101449275362326,0.10873786407766972,-0.028346456692913358,-0.0542200854700855,0.08571428571428585,0.01821286283437673,-0.12444444444444447,0.061889250814332275,-0.0039057732210423524
2001-06-30,0.028944871930009386,0.0338330632090762,0.0073317794338114695,0.0353200535390914,0.06773103962923677,0.35094315625471983,0.46241575946086044,0.46241575946086044,0.3255813953488371,0.30952380952380976,6.972924187725631,-0.38990825688073394,3.158154859967051,-6.247804878048781,1.3576476527006562,0.09258384506376949,0.02863688430698752,0.020280811232449292,0.05954465849387036,-0.014586709886547755,0.10929116068907097,0.026315789473684292,0.03773057574063721,-0.09137055837563446,0.12269938650306766,-0.0014091410366378065
2001-09-30,0.07369693492870022,0.115095695342609,0.09191444059400555,0.07347752022875231,0.042853727170734324,-0.3072433068549574,-0.37504431052818155,-0.37504431052818155,-0.3157894736842104,-0.3090909090909092,-1.5441476115010189,-0.47690655209452204,-2.8514263074484942,-1.1154489682097044,-0.06648110480676583,0.027381467070183074,-0.06681514476614703,-0.07492354740061169,0.03966942148760344,-0.03125000000000011,-0.0259674134419553,0.0512820512820511,-0.028548343657419872,-0.05586592178770955,-0.021857923497267784,0.03877538499294442
2001-12-31,0.02067868842031606,0.023741181786990362,0.013132498955369387,-0.004633106164723233,0.03405583675772905,-0.04685987055565932,0.6069200226885989,0.6069200226885989,0.6153846153846154,0.631578947368421,-0.029956313709174176,0.20123203285420943,-0.8893644339824524,6.618357487922705,-0.542545871559633,-0.0314209566559126,0.010739856801909253,0.0181818181818183,0.0365659777424483,-0.06791171477079783,-0.017250392054364738,0.07317073170731714,0.013030219018574929,0.053254437869822535,-0.030726256983240163,0.02852755300927301
2002-03-31,0.013080652599304576,0.012196118822240809,-0.01334524814894833,-0.036226726641234386,0.058978032473734565,0.02848053325253752,0.06000705965407693,0.06000705965407693,0.06349206349206349,0.06451612903225823,-2.081278147115591,0.23418803418803424,-0.25918762088974856,-1.9940815895159587,1.1789922286287289,-0.04648805213613316,0.06139315230224307,0.07954545454545459,0.05444785276073616,-0.08014571948998184,-0.1111702127659574,0.045454545454545414,0.0451559934318555,0.1348314606741572,-0.05187319884726227,0.050246927759274085
2002-06-30,0.011164764863285548,-0.03844103823106615,-0.00024881811395871534,0.005863500081232376,0.029634401674987876,-0.14585878540545694,-0.013320013320013313,-0.013320013320013313,-0.02985074626865669,-0.030303030303030276,1.8296310987703293,5.530470914127424,-12.550913838120104,0.09036785030831385,0.5899677864703174,0.020656136087484844,-0.026696329254727424,-0.015037593984962405,0.04581818181818198,-0.03168316831683171,-0.09006582884500303,0.04347826086956519,0.018329405603561222,0.17821782178217838,-0.16413373860182368,-0.044070206134835144
2002-09-30,-0.012337267307458322,-0.02478457326188832,-0.016276754604280685,-0.025299541877129128,-0.006147348662599694,0.15811684030067252,-0.026999662504218702,-0.026999662504218702,0.0,0.0,-1.0098829466601247,-0.873594909862142,-0.18015370705244127,-1.8510140405616224,-0.31577424023154843,-0.12752976190476195,0.07600000000000007,0.09770992366412212,-0.0013908205841447474,-0.16564417177914104,-0.16178888523512003,0.0625,0.0064283877603497075,0.11344537815126032,-0.014545454545454528,0.000514785791912109
2002-12-31,0.058293091554153964,0.10833225681436498,0.07771087385518394,0.14095900935508654,0.02809386656593804,0.1129670830194629,0.2747138397502602,0.2747138397502602,0.2769230769230768,0.28125,-27.45390070921986,0.4546979865771812,-0.3575958092087125,-1.1221356553620532,0.05636632825719112,0.10148388197168678,0.043547530536378165,0.05424200278164126,0.0062674094707519945,0.10294117647058831,-0.010200078462141993,0.03921568627450989,-0.028615227388860576,0.037735849056603765,0.014760147601476037,-0.028584495769494622
2003-03-31,0.07559831447595111,0.03193622080283465,0.05507352526902931,0.06246534104412582,0.10905973485196419,0.01030984629671905,0.0424489795918368,0.0424489795918368,0.024096385542168752,0.024390243902439046,-0.5793565683646112,-0.17531718569780852,1.313733905579399,-9.512195121951219,-0.45419961958153965,-0.11907711365747908,0.024936386768447782,0.0316622691292876,0.12318339100346032,-0.12444444444444447,-0.18311533888228304,0.05660377358490565,0.031036296685954756,0.036363636363636376,-0.0036363636363635488,-0.028719397363465182
2003-06-30,0.002213143583777555,-0.0023192072527935537,-0.04206160610186993,-0.09102884340553508,0.07088037986914397,0.0521215520397591,-0.04228660924040717,-0.04228660924040717,-0.03529411764705881,-0.04761904761904756,4.622689611217336,0.7608391608391609,-1.7837135967352995,-3.5981926383072516,2.1621423330887746,0.040253120056248815,0.0009930486593843213,0.021739130434782483,0.10536044362292052,-0.07360406091370564,-0.02328966521106257,0.05357142857142838,0.06862244897959169,-0.021052631578947323,0.04744525547445244,0.09755210857973817
2003-09-30,0.006905525500232157,0.006294529646178049,0.07092620293032814,0.10143005578037845,-0.08191438625436642,-0.016147900254694036,-0.10438811665303893,-0.10438811665303893,-0.08536585365853655,-0.07500000000000007,-0.6666288823396056,-0.2827640984908658,-3.2149112426035504,-1.6209704784526637,-0.4245939675174014,0.036667793173369434,0.0009920634920634885,-0.006257822277847325,-0.08305462653288753,-0.06301369863013695,-0.016890213611525096,0.05084745762711873,-0.08832656958701357,-0.010752688172043112,0.0,-0.08634205586838906
2003-12-31,0.04660764747202317,0.015390384759619069,0.03465866206286283,0.05076772215533176,0.06594502007693825,0.06060218387604133,0.14363968350578205,0.14363968350578205,0.15999999999999992,0.16216216216216206,-0.13532811968718128,5.286821705426356,-0.8564864287240863,-0.3883879781420765,-0.4513104838709677,-0.024286878565607184,-0.0297324083250744,-0.02518891687657432,0.0607902735562309,0.06432748538011701,-0.05457301667508829,0.048387096774193505,0.0185912542550406,-0.018115942028985477,-0.0034843205574913716,-0.033655589123867125
2004-03-31,0.0225888259856033,0.02020948131952549,0.03151045597088764,0.041628766848192056,0.008574476772519546,0.03869132088323779,0.13916977115486961,0.13916977115486961,0.12643678160919536,0.12790697674418605,2.094769956744003,-0.7149903117843932,3.782576321667908,-0.9618047799865982,-0.03141649825463899,0.0694954894754427,0.016853932584269593,0.010335917312661591,0.019484240687679177,0.008241758241758212,0.05611972207375748,0.04615384615384621,-0.013881748071979505,-0.0036900369003689537,0.013986013986013957,-0.020571500031263623
2004-06-30,0.07062837560247304,-0.05458376171100077,0.0886685091854984,0.0625673361534187,0.0416459895003527,0.5733900771232812,-0.2011212333566924,-0.2011212333566924,-0.19387755102040816,-0.19587628865979378,0.6382465057179161,8.995055624227442,-2.3960765997197573,-34.26315789473684,1.078907435508346,0.10590440487347696,-0.024108488196885935,-0.051150895140664954,0.037661607644744244,0.08446866485013627,0.06325910931174095,0.04411764705882337,-0.026850886339937374,-0.1592592592592592,0.12758620689655187,-0.1102528089887641
2004-09-30,0.042116888404284625,0.055835930739245976,0.049078609402066764,0.06648237880760766,0.030427641889096524,-0.22735936299261483,-0.37631578947368416,-0.37631578947368416,-0.379746835443038,-0.3717948717948718,-0.30722097262080195,-0.7740539203561712,-1.5257053641128584,-0.9008438818565401,0.051459854014598516,-0.327824858757062,-0.11013896037056103,-0.11859838274932621,0.03033586132177679,-0.3517587939698492,-0.32365540218943356,0.04225352112676051,-0.011251004553978095,-0.1409691629955948,0.024464831804281273,-0.009973451962402291
2004-12-31,-0.02155902124468434,-0.03452527743526512,-0.05840527825424735,-0.030323348978713582,0.04142839761528161,0.042627556754326834,0.003281762775433572,0.003281762775433572,0.0,0.0,-0.29914912673533367,-0.7846195949644226,-0.09630886720407295,1.150709219858156,0.10525859076709465,0.010716537087623434,-0.1451706188548294,-0.14220183486238536,0.03785488958990535,-0.019379844961240456,0.09218859957776204,0.04054054054054057,0.06421024112706575,-0.1692307692307693,0.035820895522387985,-0.0043484562980141694
2005-03-31,0.01604020377254578,0.031417624521072884,0.017748214218224367,0.0371234248088097,0.0134003154389859,0.029556013064145903,0.7088785046728971,0.7088785046728971,0.7346938775510203,0.7142857142857142,-0.1506389776357827,-0.24777636594663277,-0.538262910798122,1.273701566364386,0.21653450577058964,0.18378378378378368,-0.08119079837618393,-0.07664884135472372,0.02583586626139822,0.1383399209486167,0.3440721649484537,0.038961038961039085,-0.002545824847250522,-0.10493827160493818,0.03458213256484144,-0.005532100742466017
2005-06-30,-0.003581995166790919,-0.020867931124901706,0.00014111390863247308,0.00557269380037817,-0.009361093818450072,0.018536355546249217,-0.29532403609516,-0.29532403609516,-0.2823529411764706,-0.29761904761904767,0.5032913296971977,5.319256756756757,1.8622267412303,-1.4996374184191443,-0.08893191352049046,0.0017562346329469403,-0.09131075110456555,-0.08108108108108103,-0.005925925925926001,-0.02083333333333337,0.051773729626078735,0.07499999999999996,-0.005870342011230156,-0.034482758620689724,-0.05292479108635095,-0.026277265407700257
2005-09-30,0.04128436208022057,0.0657010868352339,0.04639764744322816,0.06361207323107365,0.033271267310601704,-0.00430177158980527,-0.11408614668218864,-0.11408614668218864,-0.11475409836065564,-0.10169491525423724,-0.09420743150256472,-0.5396952686447474,-1.0424511545293074,-5.177793904208999,0.40036835021605155,0.05820476858345014,-0.004862236628849215,0.006302521008403339,0.02980625931445613,0.06382978723404253,0.14175022789425706,0.06976744186046524,-0.007702182284980763,-0.0071428571428572285,0.0117647058823529,0.001954446365481477
2005-12-31,0.01133222173366022,0.020012704262908354,0.027549499680647127,0.013295744245333863,-0.014404937548570196,0.02816232566302257,0.33158125273762584,0.33158125273762584,0.31481481481481466,0.320754716981132,-0.08715469613259663,1.4965156794425085,-0.33054393305439334,-0.570957095709571,0.12494309272092674,0.07455268389662018,0.07899022801302924,0.06680584551148239,0.00048239266763139277,0.043333333333333224,0.05668662674650693,0.06521739130434767,-0.02535575679172064,0.06474820143884896,0.0,0.006677170080276129
2006-03-31,0.017881895119284286,0.04390046945786508,0.04002983590253595,0.05335745177077689,-0.018763569877728314,0.03607108790601932,-0.5171052631578947,-0.5171052631578947,-0.5070422535211268,-0.5142857142857142,-0.5887426236949614,-0.4805768783438009,-35.8625,-3.061943319838057,-0.22955168847520124,0.10437866173296317,-0.18792452830188677,-0.20156555772994122,-0.008678881388621051,0.10223642172523961,0.017378163959199222,0.061224489795918435,-0.03610299973453679,-0.20270270270270274,0.005813953488372103,-0.00901773736771505
2006-06-30,-0.01148205162905569,-0.03129650389075722,-0.01164767444949133,-0.008629857563765109,-0.011191596403782533,0.0385802543912781,1.1866485013623977,1.1866485013623977,1.2285714285714286,1.2352941176470589,0.7792494481236203,0.6202418271383789,-0.07798494083901042,-0.2293343805222855,-0.2290766896229719,-0.03853134161664096,0.07156133828996292,0.05147058823529416,0.018482490272373697,-0.02898550724637683,0.1838098774600816,0.08653846153846145,0.0005508124483615262,0.04237288135593231,0.00867052023121384,-0.022862299766864824
2006-09-30,0.002442874805874906,-0.003755913025235702,0.008512839808108463,0.018069428812605537,-0.008197203999670277,-0.0035924735346674064,-0.15669781931464177,-0.15669781931464177,-0.14102564102564097,-0.13157894736842102,0.4853184449958643,-0.7681039248203427,-0.32782422710480263,-1.7355414012738852,0.21856310091604203,-0.03281544939741554,0.056374674761491717,0.03729603729603714,-0.007163323782235054,-0.05074626865671639,-0.10319949811794227,0.07964601769911517,-0.0107349298100744,0.016260162601626105,0.02005730659025784,-0.02147310090048471
2006-12-31,0.03013076581651819,0.16689536179115838,0.014610162490589662,0.010735600217648633,0.057795299901437946,0.020035866964465576,1.731067602512006,1.731067602512006,1.7462686567164178,1.727272727272727,-1.1098426841152722,0.8402860548271751,-0.3103847266415968,-2.633875995843436,-0.37667743538767395,-0.037682029725266575,0.4105090311986863,0.404494382022472,0.07022607022607019,-0.03144654088050314,-0.08849247988807274,0.07377049180327866,0.026711185308847973,0.3839999999999999,0.011235955056179803,0.15455403492213304
2007-03-31,0.006413337089637539,0.0049074111805147425,0.07834845758861153,0.10619862252832712,-0.11657199308471222,0.0037870789456773135,-0.9743000135263087,-0.9743000135263087,-0.9728260869565217,-0.9722222222222222,-10.76425855513308,-0.794041450777202,2.6761744966442955,-0.7078651685393258,-0.13635004485198843,0.0677067082683307,-0.06693830034924331,-0.0928,-0.08044943820224715,0.0,-0.2624712202609363,0.06870229007633566,-0.12195121951219512,-0.09826589595375723,0.008333333333333304,-0.09155937052932761
2007-06-30,-0.046854931664745636,-0.15744624154231157,-0.03931776941531795,-0.11476663525267661,-0.06258418685033162,-0.001074673825061434,46.47894736842105,46.47894736842105,46.599999999999994,43.800000000000004,-1.2423416407061267,-57.833333333333336,0.3444774075764492,-4.209724238026125,0.5104443162146566,0.05450029222676811,0.47910168434185896,0.4338624338624337,-0.010752688172043112,0.14610389610389607,0.148283038501561,0.08571428571428585,-0.01666666666666672,0.42307692307692313,0.008264462809917328,-0.04821897262842134
2007-09-30,-0.006724598122122449,-0.014527828388738007,0.009697722619779636,-0.030166583767463395,-0.04184684623622392,0.005942243952462123,-0.6654472896574659,-0.6654472896574659,-0.6512605042016807,-0.6339285714285715,-3.189608998393144,-1.0250096829524706,-0.6751251803445641,-1.043409450599141,-0.014669926650366705,-0.07288346958570047,0.060312104597216365,0.020910209102091182,-0.03409090909090895,-0.06232294617563727,-0.36157680108744905,0.07894736842105265,-0.035467671060891326,0.009009009009008917,0.010928961748633892,0.016151906712889907
2007-12-31,0.020379944430191976,0.027111880110512576,0.02691793419921029,0.02667806370343717,0.005645001556266127,0.05958568086868676,0.07587806494367122,0.07587806494367122,0.09638554216867479,0.08536585365853666,-1.0640900195694716,-0.4070796460176991,-0.8636363636363636,4.479166666666667,-0.08157568238213397,-0.0696457928560753,-0.16308671439936362,-0.2060240963855422,0.019437340153452665,-0.0392749244712991,-0.10007097232079487,0.07317073170731714,-0.014318255776114563,-0.2232142857142858,0.024324324324324298,0.0003876870590058257
2008-03-31,0.0058209896534677785,0.012586776073578054,-0.009077738451099382,-0.0235309583278559,0.04010917122719149,-0.016024773759057198,0.09639667385278727,0.09639667385278727,0.09890109890109877,0.1123595505617978,-34.86259541984733,1.8507462686567164,7.931034482758621,-4.275665399239544,0.29094900371496113,-0.10618473895582325,0.2376425855513309,0.22761760242792106,0.0396387355745107,-0.12264150943396235,0.09700315457413256,0.06818181818181812,0.034004621987454575,0.20114942528735624,0.01846965699208436,0.036971012246163504
2008-06-30,-0.0065753238940152725,-0.04849367080116185,-0.031430827503670544,-0.06875785316819238,0.047922415192338974,0.0007027621608408641,-0.10646067415730343,-0.10646067415730343,-0.10999999999999999,-0.12121212121212122,-0.7268935978358881,6.56544502617801,-1.2102102102102101,-1.6897852582704584,-0.15546108567691297,-0.030014378145219345,-0.31835637480798784,-0.31273176761433874,0.041023166023166135,-0.06810035842293904,-0.21423436376707405,0.07446808510638303,0.05491698595146888,-0.3157894736842105,0.010362694300518172,0.021750504522012104
2008-09-30,0.05104442984962598,0.07346907122009005,0.06536651232110668,0.10121531626172198,0.02202000645369484,0.062004649803495626,-0.21691292046526245,-0.21691292046526245,-0.2134831460674158,-0.206896551724138,-2.4564589352042923,-0.836159169550173,-2.75,1.6045435422801853,-0.47943932471153106,-0.028349082823791005,-0.06760563380281681,-0.055755395683453224,0.020862308762169546,-0.06538461538461537,0.344007319304666,0.06930693069306937,-0.02754237288135608,-0.06293706293706292,0.007692307692307665,-0.025164594001463092
2008-12-31,0.01500095353640285,0.02037921228400852,0.009559394990135806,0.018632779338531913,0.026496255414809156,0.030898830255635223,0.2705740666399037,0.2705740666399037,0.2714285714285716,0.2753623188405798,-1.7696231226976482,-0.14044350580781417,-0.4763848396501458,-1.162170893232111,0.14936030943171685,-0.24790236460717008,-0.0392749244712991,-0.022857142857142798,0.024069028156221695,-0.26337448559670784,-0.21919673247106863,0.06481481481481466,0.011204481792717269,-0.029850746268656803,0.0025445292620864812,0.0017259492720995695
2009-03-31,0.02078769368533817,0.04945097382953789,0.012637014490522347,0.024701434831171154,0.037721920791348396,-0.006406502121556246,-0.011374407582938395,-0.011374407582938395,-0.011235955056179803,-0.011363636363636354,2.022459499263623,0.1412776412776413,0.49888641425389757,4.910358565737051,0.7680559150918975,-0.13640973630831632,-0.0660377358490567,-0.05458089668615984,0.037694013303769314,-0.15642458100558665,-0.13426329555361816,0.0608695652173914,0.01662049861495829,-0.053846153846153766,0.002538071065989911,0.024121657052962764
2009-06-30,-0.01629149239469274,-0.0310274825359248,-0.04129752109612117,-0.044162159896029896,0.034406307427826244,0.007550513859984731,-0.1271971875998722,-0.1271971875998722,-0.1477272727272727,-0.14942528735632188,0.008283591180411776,1.9483315392895588,-0.46285289747399705,-0.1885743174924166,0.3524890190336749,-0.01996476805637115,-0.06599326599326605,-0.05360824742268033,0.036752136752136844,-0.052980132450331174,0.015105740181268867,0.069672131147541,0.05146836209506511,-0.056910569105691144,0.005063291139240533,0.01375173725404144
2009-09-30,-0.18647785722247878,-0.0449395531362744,-0.05493439713067505,0.06551869331040905,-0.43365387921647736,-0.013781987503482362,-1.1398755034785792,-1.1398755034785792,-1.1466666666666667,-1.1486486486486487,-0.509484112601184,-0.7294633077765608,-1.4329183955739973,-0.24569055036344756,-0.14219215155615694,-0.09227082085080895,-0.17519826964671947,-0.21568627450980404,-0.4385820280296786,-0.12587412587412583,-0.05456349206349209,3.8773946360153264,-0.3037719550820617,-0.2586206896551724,0.04785894206549113,-0.10368713471390434
2009-12-31,0.018928587158118404,0.024474782954470253,0.006576951624875038,0.004635003745873334,0.0576580587711486,0.00560920393693487,-7.138743455497382,-7.138743455497382,-6.909090909090909,-6.909090909090909,0.2921182266009852,-2.236167341430499,-15.511182108626198,-0.553964757709251,0.1022211004543161,-0.023432343234323416,0.0008741258741258306,-0.05555555555555547,0.06167400881057272,0.736,0.304302203567681,0.014139827179890041,0.03804797353184464,-0.09302325581395354,0.043269230769230616,0.01980357430365487
2010-03-31,0.021549840309295742,0.040043213031187186,0.020127729971658237,0.04461198066049321,0.025793612827921475,-0.023150358952956918,-0.05159914712153513,-0.05159914712153513,-0.04615384615384621,-0.06153846153846154,0.6761341974837971,-0.03820960698689957,-0.8339938353148393,4.506172839506172,0.5106480421341881,0.14498141263940534,-0.003493449781659441,-0.07058823529411762,0.024204702627939056,0.07834101382488479,0.26790024135156876,0.013168086754453912,0.003984063745019917,-0.10256410256410253,0.04377880184331806,-0.004420587306599222
2010-06-30,-0.06017808953371384,-0.07205189926169198,-0.07512586977428293,-0.09490562781429934,-0.015818239474715057,0.004798133328951515,0.00494604316546754,0.00494604316546754,0.016129032258064502,0.016393442622950838,-0.6312976231092915,-0.7559591373439274,2.0397877984084882,-0.8693946188340808,0.04414885554039705,0.022136953955135708,0.08238387379491674,-0.015822784810126667,0.014179608372721031,0.0,0.1624365482233503,0.014525993883792054,0.047222222222222276,-0.07142857142857151,0.05298013245033095,0.02529337139232468
2010-09-30,0.04913907814829277,0.06698215015852371,0.06928048606438719,0.07921924837054495,-0.007031709027501387,-0.0009035307200444542,0.3190156599552574,0.3190156599552574,0.33333333333333326,0.35483870967741926,-0.3306600863664405,2.911627906976744,0.5017452006980803,-1.3699570815450643,-0.015642579755380526,-0.04937915102512269,0.49716599190283417,0.5112540192926045,-0.0006657789613847553,-0.0641025641025641,0.015283842794759916,0.015071590052750716,-0.05342932929139832,0.5230769230769232,-0.008385744234800652,-0.011368030314747424
2010-12-31,0.08950768863988556,0.022540236961465565,0.10771919788985285,0.0947267821002924,0.034815804542851714,0.03823222506393864,-0.2693351424694709,-0.2693351424694709,-0.26190476190476186,-0.27380952380952384,-0.33732718894009217,-24.03804994054697,-2.247821034282394,30.651972157772622,-0.5029865054199543,0.07989064398541901,-0.028664142779881052,-0.044680851063829685,0.03264490339773496,0.08219178082191791,-0.2973118279569893,0.014847809948032697,-0.05004003202562046,-0.02020202020202022,-0.019027484143763318,-0.0659418022528161
2011-03-31,0.015190571429821942,0.02509061866437312,0.006409116207547472,0.009537014620977002,0.04342051868521035,0.027573920652062434,0.14206128133704743,0.14206128133704743,0.14516129032258052,0.14754098360655732,5.35605006954103,-0.9616,-1.5257275902211873,-1.4499340272687289,0.4553412462908011,0.1451476793248947,0.010579064587973086,0.00222717149220486,0.041290322580645133,0.10970464135021096,0.16220351951032885,0.014630577907827291,0.027812895069532217,0.010309278350515427,-0.006465517241379226,0.015409094715685523
2011-06-30,-0.015127086494688968,-0.02214510889759913,-0.030940706955530195,-0.028457027417866265,0.033906095318908314,0.026546330461731937,-0.17560975609756102,-0.17560975609756102,-0.18309859154929575,-0.18571428571428572,-0.8689277899343545,0.346774193548387,-0.7692648361381753,-1.052948843271424,-0.01656641859516772,0.058462294276590665,-0.046280991735537125,-0.051111111111110996,0.05142503097893414,0.015209125475285079,0.024358130348913765,0.013698630136986356,0.049610496104961044,-0.05102040816326536,-0.008676789587852451,0.006515463917525777
2011-09-30,0.014755382803916639,0.024963379280333875,0.027757349696716505,0.03194584689030999,-0.023031152754505402,0.0010648831430866146,0.16765285996055224,0.16765285996055224,0.18965517241379315,0.19298245614035103,3.2086811352253752,-0.5848303393213573,6.318618042226488,-3.5015384615384617,0.04213963613745908,-0.015780923648178402,-0.08030040439052566,-0.08430913348946134,-0.02533883323512076,-0.06367041198501866,0.001928020565552746,0.014935988620199181,-0.037109375,-0.07526881720430101,-0.002188183807440014,-0.0068010488364470545
2011-12-31,0.04659448733986116,0.06313982969766552,0.04959614404863455,0.05994955278836822,0.03741752568298362,0.010674828306957318,0.10641891891891886,0.10641891891891886,0.10144927536231885,0.10294117647058809,-1.227092423641412,0.02163461538461542,-0.8533962758982429,-3.6186961869618695,-0.1058887894160947,0.006602216458382548,0.028894472361808976,0.03580562659846542,0.03688029020556227,0.03200000000000003,0.06991661321359843,0.015416958654520085,-0.008924949290060935,0.03488372093023262,0.002192982456140413,0.0030525534196848003
2012-03-31,0.015616241880708204,0.016373157246429848,0.003626844100242721,0.015208189445899523,0.052701722421850006,-0.005927321072457303,0.27251908396946556,0.27251908396946556,0.26315789473684204,0.2666666666666666,-8.800873362445415,3.2823529411764705,0.7620751341681575,-3.8778769375293565,0.34082438671635984,-0.014757554462403233,0.06532356532356531,0.07654320987654328,0.051311953352769724,-0.050387596899224785,-0.06594724220623505,0.014492753623188248,0.03643061809250914,0.0786516853932584,-0.008752735229759279,0.0011515051817734268
2012-06-30,-0.01550598366210676,-0.031001317085588398,-0.02097598087164443,-0.04527114865183446,0.0006249899841348494,-0.005684034550013983,-0.289742051589682,-0.289742051589682,-0.28125,-0.28421052631578936,-1.119682042095835,-0.3906593406593407,-1.829441624365482,-1.2221315488819977,-0.056588118154663136,-0.005468378506894966,0.015472779369627654,0.01834862385321112,0.015529672767609304,-0.053061224489796,-0.08985879332477542,0.014285714285714235,0.0165876777251186,0.03125000000000022,-0.013245033112582849,0.01495234965494574
2012-09-30,0.02308326463314092,0.02838378069674463,0.029029751332149134,0.03492309863129672,0.0059256886611147586,-0.032711240635917016,0.14442567567567566,0.14442567567567566,0.15942028985507273,0.1617647058823528,-6.313376987839102,-0.07123534715960322,-4.659730722154222,-2.219691403379868,0.07299912049252422,-0.028687544824288702,0.008465011286681756,0.013513513513513375,0.00983069361004918,-0.04310344827586188,-0.06346967559943584,0.016096579476861272,-0.016705516705516787,0.04040404040404044,-0.02684563758389269,-0.006313744536182608
2012-12-31,-0.007171635777598717,-0.008107958016327022,-0.023679810129996204,-0.031835844297498084,0.04155389269224652,-0.025377573486809024,0.11808118081180807,0.11808118081180807,0.11250000000000004,0.11392405063291133,-1.2288732394366197,-0.8640776699029127,-0.862876254180602,-2.1144578313253013,-0.07581967213114749,0.008368200836819994,0.01231113598209288,0.03333333333333344,0.037858301784748694,0.0,-0.027108433734939763,0.01848184818481835,0.048992493085737054,0.058252427184465994,-0.020689655172413723,0.024437927663734094
2013-03-31,0.08444931417904389,0.0036952018364033723,0.099060773480663,0.01915223207998884,0.044023234484867,-0.02694990488268867,0.13861386138613851,0.13861386138613851,0.1348314606741572,0.13636363636363646,-8.607692307692307,151.85714285714286,-30.29268292682927,-1.2702702702702702,0.022172949002217335,0.08274347083231626,-0.013266998341625258,-0.010752688172043001,0.041167274622198935,0.04054054054054057,0.04024767801857587,0.017498379779649964,-0.03728813559322042,0.03669724770642202,-0.04225352112676051,-0.015108142493638788
2013-06-30,-0.033828537215133014,-0.008757739722206725,-0.0024631780023123273,0.008014370595550657,-0.12518301610541727,0.03535353535353525,-2.6956521739130435,-2.6956521739130435,-2.693069306930693,-2.71,-0.6966632962588473,-0.9448598130841122,-1.4879267277268942,-9.08,-0.17527114967462043,0.021190261496844,-0.7081232492997198,-0.7152173913043478,-0.1191191191191191,-0.017316017316017285,0.005952380952380931,0.015286624203821653,-0.09467918622848204,-0.7079646017699115,-0.02941176470588236,-0.01663168093008227
2013-09-30,-0.07757852744103177,-0.0975239167135622,-0.1171638782503528,-0.14276901987662782,0.053891213389121395,-0.03528717545239968,-1.5794871794871796,-1.5794871794871796,-1.5847953216374269,-1.5789473684210527,2.17,-0.5677966101694916,-0.9180887372013652,-3.108910891089109,0.44818516570226197,0.11037527593818974,0.20345489443378129,0.2137404580152671,0.04772727272727262,0.2599118942731278,2.8757396449704142,0.01882057716436636,0.14261019878997416,0.21212121212121215,-0.002525252525252486,0.05270935960591139
2013-12-31,0.050092374874034284,0.07551287647315585,0.051429876134482466,0.06836171743823449,0.0463712879148801,-0.0930962769644823,-0.1799410029498525,-0.1799410029498525,-0.18999999999999995,-0.19191919191919182,-0.961093585699264,0.7450980392156863,-1.8333333333333335,-1.0140845070422535,-0.004358881220486777,0.19721669980119283,-0.06379585326953752,-0.06289308176100639,0.042299349240780826,0.14335664335664333,-0.00935114503816803,0.0190886699507391,-0.0034039334341906535,-0.025000000000000022,-0.032911392405063356,0.006707221962252374
2014-03-31,-0.012315566396097433,-0.018089053803339472,-0.013626492942453883,-0.016090405627899984,-0.008650781605706426,-0.036555755395683454,0.13309352517985618,0.13309352517985618,0.1358024691358024,0.13749999999999996,21.16216216216216,0.6404494382022472,-10.35,-26.0,0.10944910616563308,0.15244104948522108,-0.0681431005110733,-0.06040268456375841,-0.0010405827263266776,0.10397553516819569,0.23791177037179745,0.01812688821752273,0.0034155597722960174,-0.05128205128205121,-0.01308900523560208,-0.002014254725751452
2014-06-30,0.05392494231002787,0.05922295701464342,0.0805217678463317,0.1496919449304024,-0.02005511328842624,0.06846502076818961,-0.2571428571428571,-0.2571428571428571,-0.2500000000000001,-0.25274725274725274,-0.12682926829268293,2.863013698630137,-0.12299465240641716,-1.5866666666666667,-0.057875698783295015,-0.026512968299711837,2.30164533820841,2.342857142857143,-0.009895833333333215,-0.024930747922437657,0.06193588546529716,0.01780415430267035,-0.06996974281391832,2.4594594594594597,-0.02917771883289122,-0.07871448532836511
2014-09-30,-0.012368916375369743,-0.022353531412007355,-0.009015892420537908,-0.014488918293086295,-0.02265271051398221,0.05136717043766925,0.1367521367521367,0.1367521367521367,0.14492753623188426,0.1470588235294117,-0.914804469273743,-0.8563829787234043,0.14634146341463405,1.25,-0.13821989528795808,0.08984606275902896,-0.060908084163898146,-0.07905982905982911,-0.005786428195686644,0.09943181818181812,-0.6808323563892145,0.019825072886297423,-0.010573403822692229,-0.05468750000000011,-0.024590163934426257,-0.007920458375463513
2014-12-31,0.05977986075998598,0.09219979473144035,0.08702133127730671,0.07612781954887216,-0.02493606138107418,0.06094723722476103,0.08646616541353391,0.08646616541353391,0.10126582278481,0.10256410256410242,14.62295081967213,-0.7654320987654322,0.38829787234042556,-2.0404040404040407,0.16686917780477928,0.05378242564172231,0.02948113207547176,-0.011600928074245953,-0.022222222222222143,0.0620155038759691,0.12396694214876036,0.019439679817038202,-0.07973695026715988,-0.024793388429752095,0.01400560224089653,0.014863258026159398
2015-03-31,0.0234879624192601,0.024849908640041773,0.017543030073765786,0.022769806612601418,0.04409836065573769,-0.006343736539139333,0.26297577854671284,0.26297577854671284,0.26436781609195403,0.2674418604651163,-0.30954879328436513,14.052631578947368,-0.8659003831417624,-0.2669902912621359,0.10482471364109691,0.09833741461528533,0.052119129438717104,0.014084507042253502,0.04166666666666674,0.12165450121654509,0.07761437908496727,0.019629837352776347,0.020098258150960335,0.0,0.011049723756906049,0.002092225290819316
2015-06-30,0.08082329317269066,0.10804340074372165,0.10999581764951905,0.05172308630680078,-0.01774218872664468,0.08567487684729058,-0.1917808219178082,-0.1917808219178082,-0.18181818181818188,-0.1834862385321101,0.31914893617021267,0.618881118881119,-15.685714285714285,3.7450331125827816,0.4502042098649073,0.027693029805210045,0.05879150789330434,0.01388888888888884,-0.0072727272727273196,-0.013015184381778844,-0.02653525398028811,0.018701870187018743,-0.09106830122591936,0.00847457627118664,0.010928961748633892,0.05353265408384833
2015-09-30,0.035830402760268054,-0.02454946671570435,0.03386921209076443,0.03125906164820513,0.03980179028132991,0.01836727285926898,0.29830508474576267,0.29830508474576267,0.2999999999999998,0.292134831460674,-1.0599078341013826,2.1922246220302375,-1.1089494163424125,-2.145847871598046,-0.35571923743500866,-0.07444622059831008,0.0858611825192801,0.04337899543378998,0.03453689167974883,-0.068131868131868,-0.1281152647975078,0.020518358531317338,0.00337186897880537,0.050420168067226934,-0.010810810810810811,-0.05414189456995644
2015-12-31,0.07318557427454997,0.028796305024036295,0.08438955254100011,0.0616915982454167,0.03166794773251347,0.12083407592229545,-0.1488250652741514,-0.1488250652741514,-0.15384615384615385,-0.14782608695652166,-29.134615384615383,0.3484438430311232,-0.017857142857142905,-0.6102314250913521,-0.2185608607935441,0.02862077473476421,0.0033143939393940336,-0.024070021881838044,0.030854830551340306,-0.004716981132075526,-0.066547565877624,0.02063492063492056,-0.03840614498319739,-0.02400000000000002,0.0,-0.030925243043915418
2016-03-31,0.01635479153609687,0.02116450593247521,0.01602001568393141,0.02680226706923028,0.0002980181791090164,-0.02490062013038641,0.18404907975460127,0.18404907975460127,0.19191919191919182,0.19387755102040805,-0.3718386876281613,-0.8946312092323131,2.981818181818182,-1.428125,0.11790017211703963,-0.0055169105301030585,0.0018876828692779846,-0.03363228699551568,0.01079489695780178,-0.03554502369668233,-0.034449760765550175,0.02021772939346822,-0.01597603594608088,-0.032786885245901676,-0.002732240437158584,-0.0055348957882903616
2016-06-30,0.0019674056673029128,-0.015028486833251087,0.008306380476330588,0.016301263863812254,-0.02368538656338448,0.023547061509360034,-0.13989637305699487,-0.13989637305699487,-0.13559322033898302,-0.12820512820512808,-0.3025027203482046,0.8999999999999999,0.09360730593607314,-1.883211678832117,-0.09314857582755964,-0.029908345393150126,0.015073009891662714,-0.004640371229698292,-0.0014563106796117165,-0.04176904176904184,-0.04856293359762143,0.01981707317073167,-0.025367833587011668,-0.008474576271186418,0.00273972602739736,-0.030785285677015328
2016-09-30,0.008323076021335307,0.014893423210056378,0.011846613691040231,0.015227653418608211,-0.006408300274641454,0.020870507264848293,-0.06927710843373491,-0.06927710843373491,-0.0490196078431373,-0.05882352941176472,-0.8377535101404057,-0.7243107769423559,-0.2693110647181628,0.4669421487603307,-0.15067911714770799,-0.004351069119840845,-0.05197215777262176,-0.07226107226107226,-0.010695187165775333,-0.002564102564102555,-0.034375000000000044,0.022421524663677195,-0.014575741801145181,-0.07692307692307687,0.008196721311475308,-0.0003589053387168528
2016-12-31,0.01787478928093944,0.039043216802046476,0.029035628084585152,0.05064746762661865,-0.029023341523341517,0.03467648803021328,0.04854368932038833,0.04854368932038833,0.05154639175257736,0.0625,4.326923076923077,0.15454545454545454,0.5314285714285714,-0.6619718309859155,-0.05997001499250376,-0.1142464727181921,0.013215859030836885,-0.012562814070351758,-0.01523341523341537,-0.10282776349614398,-0.0733549083063646,0.02144249512670582,-0.04648705758055993,-0.0185185185185186,0.0027100271002711285,-0.011040301588726487
2017-03-31,-0.02418548870677595,-0.03757612404440025,-0.04106423945387716,-0.057961359093937403,0.05108334651273139,-0.040090497737556574,0.17592592592592582,0.17592592592592582,0.18627450980392157,0.17647058823529416,-1.3574007220216606,0.5118110236220472,-0.7611940298507462,3.2750000000000004,-0.2727272727272727,0.1013532562729067,-0.0009661835748790981,-0.0050890585241729624,0.04990019960079839,0.11747851002865328,0.09080325960419078,0.02146946564885499,0.07756232686980624,-0.009433962264150941,0.008108108108108025,0.021601016518424387
2017-06-30,0.173757827588225,0.2720459543149487,0.21079147196261672,0.07198423924025055,0.024375564249172532,0.03598252726187101,-0.28083989501312334,-0.28083989501312334,-0.2892561983471075,-0.2833333333333333,-4.656565656565657,-1.125,-38.1875,-11.742690058479532,4.0285087719298245,-0.01523102521438624,-0.0522243713733076,-0.0843989769820973,0.022338403041825217,-0.06153846153846143,-0.022411953041622135,0.02101821578701535,-0.12750642673521861,-0.05714285714285716,-0.029490616621983934,0.1866560056858566
2017-09-30,0.04557239728759477,-0.16299170929617213,0.06232286076102023,0.05588803543659582,-0.01909518213866035,-0.009858642237456805,-0.5802919708029197,-0.5802919708029197,-0.5813953488372093,-0.5813953488372093,0.6312154696132597,-257.0,-1.1563025210084033,-2.033932135728543,-0.828318069486844,-0.07109435924096696,-0.15612244897959193,-0.1927374301675978,-0.013017201301720127,-0.09289617486338808,-0.03438864628820959,0.02150045745654161,-0.06187389510901575,-0.1515151515151516,-0.046961325966850764,-0.20730703002171158
2017-12-31,0.023009060562708683,0.061664910432033704,0.0011352992932762707,0.03204355781675372,0.13791554357592095,0.07796942495634318,8.156521739130435,8.156521739130435,8.305555555555555,8.25,-0.7637595258255716,-0.98291015625,-0.8844086021505376,-1.015093015093015,0.057578323454699376,-0.13250314817405906,0.5900846432889966,0.5847750865051904,0.13754121526142238,-0.12048192771084332,0.018654607122668088,0.020600089565606883,0.11243718592964824,0.6309523809523812,-0.034782608695652195,0.02871174914998109
2018-03-31,-0.04367789301946157,-0.06649992059710974,-0.05080373089898793,-0.07342702702702708,-0.008158968285300716,-0.044136872619791934,-0.7578347578347578,-0.7578347578347578,-0.7582089552238807,-0.7567567567567568,1.7025089605734767,-8.438095238095238,6.406976744186046,9.55813953488372,0.7413931144915933,0.10080645161290325,-0.09809885931558937,-0.10698689956331886,0.004554865424430732,-0.03082191780821908,-0.3412874583795783,0.020184291355857864,0.037267080745341685,-0.08029197080291972,-0.027027027027026973,0.007528461255967622
2018-06-30,-0.02632156174599698,0.04423085101858537,0.011917206773991218,0.06841835067904989,-0.19609924373092746,0.051021318348051015,-5.576470588235294,-5.576470588235294,-5.679012345679012,-5.679012345679012,-0.26525198938992045,-1.179257362355954,0.27001569858712715,-1.449339207048458,-0.1894252873563218,-0.1601465201465201,-0.8452782462057336,-0.8484107579462102,-0.19126133553173952,-0.16607773851590113,-0.09941027801179447,0.01978494623655913,-0.17419706042460537,-0.8492063492063492,0.01851851851851838,-0.0226899945325314
2018-09-30,0.0015018397536983308,-0.00439864782307664,0.006434474616292762,0.007163761848600014,-0.02409638554216864,-0.0038473507029901377,-1.5081405312767782,-1.5081405312767782,-1.5145118733509235,-1.5118733509234827,-0.3411552346570397,-5.85,-0.05562422744128559,-1.6911764705882353,0.15995462280204187,-0.09612700628053028,1.950953678474114,1.8870967741935485,0.011722731906218087,0.1186440677966103,5.82600561272217,0.020244622522142652,-0.02570863546473312,1.7894736842105265,0.030303030303030276,-0.01146853146853144
2018-12-31,0.011271900227437515,0.02642667212108818,0.009414041879289181,0.033265385783059376,0.021985455775410223,0.07176326924715304,-0.5278246205733559,-0.5278246205733559,-0.5179487179487179,-0.5206185567010309,0.016438356164383494,-1.1237113402061856,-0.8115183246073299,-0.5141843971631206,0.06699266503667478,-0.030303030303030276,-1.0563250230840258,-1.0558659217877095,0.021662468513853783,-0.04166666666666674,-0.6993284911607509,0.019429516329061647,0.010825439783491264,0.0,0.03529411764705892,-0.006602527824938753
2019-03-31,0.008575947802876849,0.019568769678370623,0.00459048781196425,0.003987575554063039,0.03094489491974195,-0.06656067832538426,0.05714285714285716,0.05714285714285716,0.05319148936170226,0.06451612903225801,2.98921832884097,0.0,-0.01388888888888884,8.167883211678832,0.5756186984417966,0.0021894904458599207,-1.0491803278688525,-1.0,0.030571992110453472,-0.019762845849802257,0.0,0.019464720194647178,0.02208835341365467,-1.0,0.011363636363636465,0.015476642612988867
