Quarter end,Assets,Current Assets,Liabilities,Current Liabilities,Shareholders equity,Revenue,Earnings,Earnings available for common stockholders,EPS basic,EPS diluted,Cash from operating activities,Cash from investing activities,Cash from financing activities,Cash change during period,Cash at end of period,Price,ROE,ROA,Book value of equity per share,P/B ratio,P/E ratio,Cumulative dividends per share,Equity to assets ratio,Net margin,Asset turnover,Current ratio
1993-12-31,0.07087217544304325,-0.013887172445359863,0.2150489191238858,0.28079204081812503,-0.022282919824181846,0.044069933249292204,-3.6193816575733955,-3.6193816575733955,-3.555555555555556,-3.555555555555556,0.5293483938365109,-1.2132871172732524,13.820213799805636,5.9874572405929305,0.014287576162392845,0.09923664122137388,0.5412887828162292,0.3632790567097135,-0.018018018018018056,0.16216216216216206,-0.15115080728272068,,-0.08707818930041156,0.41217798594847777,0.040000000000000036,-0.2300540203615209
1994-03-31,0.07087217544304325,-0.013887172445359863,0.2150489191238858,0.28079204081812503,-0.022282919824181846,0.044069933249292204,-3.6193816575733955,-3.6193816575733955,-3.555555555555556,-3.555555555555556,0.5293483938365109,-1.2132871172732524,13.820213799805636,5.9874572405929305,0.014287576162392845,0.09923664122137388,0.5412887828162292,0.3632790567097135,-0.018018018018018056,0.16216216216216206,-0.15115080728272068,,-0.08707818930041156,0.41217798594847777,0.040000000000000036,-0.2300540203615209
1994-06-30,-0.07343648513271028,-0.11184964793145225,0.16257670607283448,-0.12630123225748746,-0.2629447871026006,0.044069933249292204,-3.6193816575733955,-3.6193816575733955,-3.555555555555556,-3.555555555555556,0.5293483938365109,-1.2132871172732524,13.820213799805636,5.9874572405929305,0.09842753658105652,0.13888888888888884,0.5412887828162292,0.3632790567097135,-0.22935779816513768,0.16216216216216206,-0.15115080728272068,,-0.20447169130905163,0.41217798594847777,0.040000000000000036,0.01652836807663771
1994-09-30,-0.08038257615136712,-0.13043001087047412,-0.2770628352123832,-0.06313294378907908,0.16871776919037562,0.0846669239828588,-0.05941281491767503,-0.05941281491767503,-0.0434782608695653,-0.0434782608695653,-0.41548018016094945,-0.6655832430480317,-0.09599999999999997,-2.8498694516971277,-0.16576249872051707,0.06707317073170738,0.5412887828162292,0.3632790567097135,0.19047619047619047,0.38538205980066453,-0.15115080728272068,,0.2708522212148685,0.41217798594847777,0.040000000000000036,-0.07180780461906011
1994-12-31,0.16616441055157738,0.15354564960002892,0.3601438192994324,0.38222562180063724,0.01419363014763908,0.10999288308180799,1.2073183591690393,1.2073183591690393,1.0454545454545454,1.0454545454545454,0.8104663477339955,-8.129049676025918,-0.5014991053726002,-2.5843330980945662,0.3148060507265429,0.22571428571428576,0.5412887828162292,0.3632790567097135,0.020000000000000018,0.02877697841726623,-0.15115080728272068,,-0.13037274835027646,0.41217798594847777,0.040000000000000036,-0.16545116545116545
1995-04-01,0.017690168620238866,0.005454971735222802,0.06030218666378362,0.06168740346140278,-0.02708121524681506,-0.04619697007061063,-0.3526657748901204,-0.3526657748901204,-0.28888888888888886,-0.28888888888888886,0.08855091173148288,-0.48072407786109217,0.25221904253771155,0.2755567928730511,0.3054085400807882,0.22144522144522139,0.5412887828162292,0.3632790567097135,-0.019607843137254943,0.19813519813519798,-0.15115080728272068,,-0.04388843314191959,0.41217798594847777,0.040000000000000036,-0.05294722412611386
1995-07-01,-0.10095663178521375,-0.18689825994134168,0.025099418782502214,0.030174240775319827,-0.2452961265652821,0.10777968336593902,0.2524723247232472,0.2524723247232472,0.28125,0.28125,-0.30474743356928435,0.4320303383897317,1.4513305186505017,-2.524117159195076,-0.35657679738562087,0.27862595419847325,0.16104056983586235,0.3632790567097135,-0.20999999999999996,0.30350194552529186,-0.15115080728272068,,-0.16066066066066076,0.062189054726368154,0.0692307692307692,-0.21069296182377406
1995-09-30,0.1510897862808016,0.3603757472245943,0.07976604347890959,0.07416571218877532,0.16933406561105224,0.08986377675258095,1.1159036002592657,1.1159036002592657,0.4390243902439024,0.4390243902439024,0.15823560767590616,-2.771542065593807,-0.7347280599184653,-2.3336292817046624,0.7390800584089898,0.20597014925373136,0.48466257668711643,0.3632790567097135,0.17721518987341778,0.526865671641791,0.05099150141643061,,0.01584462049578339,0.3466042154566744,0.014388489208633004,0.26636103151862445
1995-12-30,-0.01634709704905446,-0.030633086919451658,0.10526437003975109,0.03744442086411004,-0.11303318162574094,0.16893425654936123,-0.14116238268957648,-0.14116238268957648,-0.15254237288135586,-0.15254237288135586,0.4302183767862484,-1.3648019318116484,3.4833809864188705,-1.530484269300977,-0.22544697861621443,0.3712871287128714,0.1933165648580668,0.10378912685337749,-0.07526881720430112,0.16422287390029333,-0.07008086253369272,,-0.0981132075471699,0.028405797101449304,0.07092198581560294,-0.06561679790026242
1996-03-30,0.012899862312350407,-0.041266558091657246,0.0389824716403977,0.055152249946364584,-0.03377808936389193,-0.0019907667505312254,-0.17059014267185468,-0.17059014267185468,-0.43999999999999995,-0.43999999999999995,-0.1045484530111177,2.4026792750197004,-0.4102329041944013,-0.537243947858473,-0.13469310803963852,0.20306859205776173,0.2098765432098766,0.1145522388059701,-0.03488372093023262,0.3014273719563392,0.05010351966873716,,-0.0460251046025103,0.03382187147688831,0.07947019867549665,-0.09134056567222004
1996-06-29,0.08886659979939826,0.11655677877248172,0.09919055946860911,0.03897276823922713,0.06899932073607506,0.08319158049317754,0.11763556042065759,0.11763556042065759,0.10714285714285698,0.10714285714285698,-0.1371844398526637,0.0643353404353868,-0.7984681234512278,-2.330592249147056,0.20711912413530142,0.37734433608402096,0.08785465405674464,0.04753933712755276,0.07228915662650603,0.4270967741935485,0.21805993690851744,,-0.018421052631579005,0.023446019629225656,0.024539877300613577,0.07461891056390568
1996-09-28,0.015724993212582028,-0.01648706361424246,-0.05630261607009268,-0.06050800325864836,0.15824855044732145,0.06617671980387052,0.1433818385336505,0.1433818385336505,0.16129032258064502,0.16129032258064502,-0.1618908788004998,-0.3068018625701727,2.3582606751620836,-1.3573307034845496,-0.06131128308101885,-0.1710239651416121,-0.04266758178906427,-0.05049536593160764,0.1573033707865168,-0.22694394213381552,-0.2515377144707025,,0.14030384271671137,-0.09536494405966967,0.04790419161676662,0.04691994841781555
1996-12-28,0.7111583117549491,1.2544123384820178,0.119273185670977,0.12183424729203396,1.665394901718753,0.12462051170651844,-2.768776577844403,-2.768776577844403,-2.6944444444444446,-2.6944444444444446,-0.22002186552700886,0.5813296503233096,-7.612655194221616,-38.037902483900645,2.4191633317710397,0.21616294349540088,-0.8378539849444379,-0.7970380343318748,1.3398058252427187,0.050877192982456076,0.24783737024221453,,0.5577324973876701,-0.7691401648998822,-0.12,1.0094750805381847
1997-03-29,0.032324920048925954,-0.0026611827705212976,-0.11892431586475183,-0.013995284526163942,0.13472171545651013,-0.11643157984000907,-1.6420713989207139,-1.6420713989207139,-1.6065573770491803,-1.6065573770491803,0.835685387531458,0.30640358886815666,-0.9631236660894777,-0.8491164971858063,0.10675472387807905,0.016747703943813974,-0.012527634487840666,0.17578772802653408,0.13278008298755184,-0.565386755703951,2.8374350086655107,,0.09911118564480947,0.3520408163265307,-0.1298701298701298,0.011505092417955387
1997-06-28,0.12574002469676215,0.1195685015964787,0.059412618123358074,0.05576844751398147,0.16060666023563952,0.12219805063237144,-0.2337158558267335,-0.2337158558267335,-0.2702702702702702,-0.2702702702702702,0.18681452172705826,-0.07876743550004561,-5.810401310401311,-0.9383333882066309,0.005948203312320377,-0.13974495217853344,-0.2619402985074627,-0.15796897038081803,0.0146520146520146,-0.24071702944942386,-0.31984463914732186,,0.030973451327433565,-0.04528301886792452,-0.11940298507462699,0.06041394741749029
1997-09-27,0.12208970198548341,0.11382285793477709,-0.0025279256205076317,-0.009188164482662797,0.18188631528097954,0.11593321486605923,0.9440694649511354,0.9440694649511354,-0.11111111111111116,-0.11111111111111116,0.0687976136513182,1.3732475672109516,-1.4578190176215204,7.435130806193273,0.04987719331477036,0.36689314391599726,0.1911021233569261,0.3098827470686767,0.15162454873646203,0.3473861720067455,0.5071713147410359,,0.05342607666124022,0.47430830039525684,-0.11016949152542366,0.1241867416915774
1998-01-03,0.09505133270372923,-0.0028764799874266833,0.10112839008679075,0.12534330307800512,0.0925903107531405,0.20499774339410548,-0.12122746424115294,-0.12122746424115294,0.5,-0.16666666666666663,-1.0102333980901306,-0.16690527486274243,-4.836184455187802,-8.945629470219634,-0.37747814660343937,0.1536375960234977,1.3573853989813243,1.4539641943734014,0.07836990595611293,0.0012515644555695093,-0.11780773636443731,,-0.002247822422028589,1.479892761394102,-0.00952380952380949,-0.11394830485277452
1998-04-04,0.034449382233725734,-0.06181502941422756,-0.04360865770522959,-0.07922394389776599,0.06630752155489561,-0.04519227031973794,-1.0073872872811078,-1.0073872872811078,-1.0,-1.0,-138.18449197860963,0.9813804494719456,-0.8330990580517991,-0.7784725928640278,-0.1343274209753459,0.17861339600470028,-0.3039250990277278,-0.28556539864512764,0.06395348837209314,0.09375,-0.6045745105872953,,0.030695578710222327,-0.2854054054054054,0.0,0.018888741780308083
1998-07-04,0.05147003977826903,-0.0004392642760889798,0.05884529195382848,0.059131313131313146,0.04877023225578436,0.07980445779966927,-182.37047353760445,-182.37047353760445,inf,inf,-0.4806848967977079,-0.5704120985533606,3.4109390125847048,0.5930454169513466,-0.2471947102642078,0.09039548022598876,0.17071908949818937,0.1911013858497448,0.04644808743169393,0.02400000000000002,0.4412730487496841,,-0.0024590163934427034,0.1815431164901664,0.009615384615384581,-0.05622211634253038
1998-10-03,0.241280348839924,-0.0030691978941065345,1.1761787343642371,1.1394968241554926,-0.10423909848595725,0.057641164132863576,-2.208333333333333,-2.208333333333333,-2.193548387096774,-2.321428571428571,2.205896151175665,0.29401964051198615,-0.2562273674969824,-2.6435972099952596,0.539699364039314,-0.21030173727522106,-0.7984975695978789,-0.8144519289650949,-0.14360313315926898,-0.24441964285714302,-0.36926042762004907,,-0.27841687208983834,-0.8072983354673495,-0.03809523809523818,-0.5340309330396071
1999-01-02,0.01709140785281682,0.018096050972416844,-0.1613086227196966,-0.4153167497864798,0.17727036830586984,0.1193913294254505,-1.5834742046595576,-1.5834742046595576,-1.5675675675675675,-1.6216216216216215,-1.472204824425336,3.2535407546541046,-10.986957804662142,-1.33868951972862,-0.11871831779210218,-0.038595137012736425,-0.11622807017543857,-0.14851485148514854,0.2012195121951219,0.12112259970457906,5.292025562656293,,0.1575251470867336,-0.12624584717607967,-0.02970297029702973,0.741258741258741
1999-04-03,0.008813919050213448,-0.02033258008314498,-0.1799394325033411,-0.17642538241967354,0.129548362117323,-0.11642138415756753,0.12791356249727714,0.12791356249727714,0.1428571428571428,0.04347826086956519,-1.6502708532186288,-0.8585678368695826,-0.979326829325943,-1.8398280686103563,0.11313406093977041,0.11922922521075874,1.4789081885856077,1.4496124031007755,0.12436548223350252,-0.06719367588932801,-0.12060057407816294,,0.11969175274635169,1.5551330798479084,-0.04081632653061229,0.1895469200746649
1999-07-03,0.057765713681390274,0.06920832577655767,0.009949175830283652,0.3393245945345478,0.07997096732895304,-0.13445749818172292,-1.0580748580478196,-1.0580748580478196,-1.0416666666666667,-1.0416666666666667,0.3109153989858553,0.00793151202316511,-10.16821494926397,-2.7780406547245424,-0.05308253630193793,-0.3317790530846485,-0.8218218218218218,-0.8227848101265823,-0.03160270880361171,-0.40536723163841804,-0.7537913026011851,,0.020940108361400034,-0.8050595238095237,-0.08510638297872342,-0.2017118402282454
1999-10-02,-0.0018549845962292366,-0.1523216979454175,0.13056590814531743,0.034329744704145515,-0.059362096936868336,-0.14495463543697218,12.78317259727303,12.78317259727303,16.0,16.0,-1.2631165658445789,1.4420434673994502,-1.5605300077942323,1.1616293279022405,-0.41253109452736314,-0.30381105743424575,2.101123595505618,2.267857142857143,-0.0582750582750583,-0.28266033254156764,1.9392208851723436,,-0.05765920826161797,2.564885496183206,-0.09302325581395343,-0.18042649511555886
2000-01-01,-0.025268798176159013,-0.06765047577972316,-0.07800658914426795,0.12681394758296238,0.002258297617607763,0.31909232969008006,-0.4836654924480046,-0.4836654924480046,-0.47058823529411775,-0.47058823529411775,-2.3313805681441364,-0.2119482379417933,0.4749429890427721,-0.9754151905731012,-0.017263889624023032,0.44024672320740166,-1.2554347826086958,-1.262295081967213,-0.0024752475247524774,0.5298013245033113,-0.5530497536603984,,0.028310502283104944,0.0,-0.05128205128205132,-0.17261428882912988
2000-04-01,-0.037052489656830834,-0.07619730283885384,-0.08478384828197927,-0.06072236797783459,-0.014133766804002246,-0.1358686350380396,-0.44817757009345793,-0.44817757009345793,-0.4444444444444444,-0.4444444444444444,1.1211706102117063,-0.2242717690430448,-0.8406931141111698,-0.7766990291262136,-0.003922765504797976,0.12740899357601698,4.524822695035461,4.520833333333334,-0.017369727047146455,0.13203463203463217,0.0,,0.023830669034931917,0.0,-0.04054054054054057,-0.016426563598032518
2000-07-01,-0.007002116571509842,0.0923233425962684,0.1267110327576817,0.14380998080614193,-0.06660488309636492,0.15996163002489383,-1.4764162926581421,-1.4764162926581421,-1.4,-1.4,-0.26984872502397306,-0.5590789671848592,-1.8391525624334242,-6.036613272311213,0.01983526188673812,-0.18518518518518512,-0.07958921694480103,-0.0962264150943396,-0.06818181818181823,-0.17208413001912048,0.0,,-0.059997108573080826,0.0,0.05633802816901423,-0.04501205680092879
2000-09-30,0.014512804383073341,0.008883382375716176,0.021088482743366388,-0.012364678529398154,0.010974624692960733,0.11309352421639063,1.4299680056878779,1.4299680056878779,2.0,1.5,0.5240954167783436,1.1185244221792097,-2.555007052186178,3.100408905043162,0.07975080634471787,0.35839160839160833,-0.7949790794979079,-0.7954070981210856,0.01084010840108407,0.4595842956120093,0.0,,-0.0035373731159642485,0.0,0.11999999999999988,0.0215093986720285
2000-12-30,0.04331389580003808,0.13973437145015022,0.11567212825403694,0.09897317925433091,-0.00866673352110714,0.17581911863346367,2.107965766951942,2.107965766951942,1.8333333333333335,2.4,-1.0557998030388296,0.5059923684634815,3.609705215419501,-5.096398891966759,-0.3025615844177101,0.0712140712140712,-4.666666666666667,-4.581632653061225,-0.002680965147452974,0.058544303797468444,0.0,,-0.04985337243401755,-0.1627408993576016,0.0714285714285714,0.03707772589947811
2001-03-31,0.011782138072903514,-0.09571373157486418,-0.09739430897232149,-0.10393958997017738,0.07964682533137624,-0.11833037445576267,-0.9100473063616465,-0.9100473063616465,-0.8823529411764706,-0.9411764705882353,-15.390167034352348,-0.8152879880094211,-1.2406044626342922,-1.4165269137138221,0.18069701947899564,0.012014417300761027,0.30983302411873814,0.2934472934472936,0.06182795698924726,0.014947683109117982,1.0648967551622421,,0.06708901884340479,0.2276214833759591,0.05555555555555558,0.00918079096045199
2001-06-30,-0.00980446596602591,0.0692304637076755,0.07744553039522462,0.08677124954594984,-0.05057434507144809,0.008466388322303064,-8.558608058608058,-8.558608058608058,-7.0,-13.0,-0.20801576872536132,1.652047913446677,-3.940955184821721,0.9103837911552699,0.29237022828690407,-0.19351009101701622,-0.5297450424929178,-0.5330396475770925,-0.05063291139240511,-0.24005891016200298,-0.38706766917293234,,-0.041102146445425536,-0.5416666666666667,0.010526315789473717,-0.016182645206438084
2001-09-29,0.01958688496235328,-0.04796893079821918,0.006516289800204023,0.002841021848711378,0.034693781228479326,0.035770696971876514,-5.41084841981377,-5.41084841981377,-5.333333333333334,-5.166666666666667,4.0366130191914165,1.2481484179597389,-2.8131638952227354,-0.12206812155822966,0.19861270253850827,-0.04416094210009802,3.605421686746988,3.584905660377358,0.05066666666666664,0.005813953488372103,1.1723503434739944,,0.014764248293379856,3.5636363636363644,0.01041666666666674,-0.05068018138170172
2001-12-29,0.14642738336794636,0.2386691742231517,0.11792233648069606,-0.015977136238936263,0.1625175593649082,0.05053221039532452,-0.6944948008632529,-0.6944948008632529,-0.7115384615384616,-0.6799999999999999,-1.0716121097653377,-0.8700057247167345,-2.140664059504639,0.9532659619777752,0.3236603705794796,0.0462012320328542,-0.07586657946370179,-0.06481481481481477,0.13705583756345185,-0.003853564547206201,-0.7945112654582416,,0.01408010012515648,-0.015936254980079667,-0.05154639175257725,0.2588742156036339
2002-03-30,-0.005172164644543731,-0.08184469903389713,-0.06428797912870898,-0.12147987578086794,0.026916734962505018,-0.08854045478582762,-0.451694109789617,-0.451694109789617,-0.4,-0.5,4.475657440772828,2.020191109264645,0.11631283864635567,-1.5369199357741787,-0.13128723141277,0.1015701668302258,0.07784854918612871,0.08470847084708466,0.02678571428571419,-0.030947775628626717,0.12173674086287445,,0.03224313483492747,0.12348178137651833,-0.03260869565217395,0.045085931106316535
2002-06-29,0.22571789141946752,0.16375650348138882,0.18747366351096995,0.19326996060288426,0.2446336613027884,0.0003075012909252717,-3.1701100960412276,-3.1701100960412276,-3.0,-3.25,-1.0212688500259035,-1.1101298558380104,-0.4062966710025534,-3.2137266484530755,0.3345571209373692,-0.1665924276169264,-0.20485883125410365,-0.18864097363083154,0.17391304347826098,-0.18762475049900196,-0.26065654091131796,,0.015393812584068023,-0.10810810810810811,-0.0898876404494382,-0.024702783512493776
2002-09-28,0.046555183756241236,-0.14240735827363582,0.04278988892963187,-0.10936909976111286,0.04833198789031501,-0.05099472188388143,-1.1776947820642905,-1.1776947820642905,-1.1666666666666667,-1.1666666666666667,91.24884792626727,-24.095428428678492,-3.4962672941940194,-2.251663581327863,-0.31377672606256224,-0.2993051843933726,-0.8596201486374897,-0.8574999999999999,0.035185185185184986,-0.40294840294840295,-0.22432074221338638,,0.0017662643508977727,-0.8393939393939394,-0.11111111111111116,-0.037153284671533005
2002-12-28,0.10439891438065163,0.30394047520831613,0.1044822677336843,0.16061144717629672,0.10435978872601992,-0.1556644134508428,9.775604422305916,9.775604422305916,9.666666666666668,9.666666666666668,0.9980160712501607,-0.8502882608084282,-0.48500215357859744,-3.760682735739697,1.2623267432296585,-0.09382151029748276,1.9470588235294115,1.9824561403508771,0.10375670840787121,-0.1234567901234569,4.638615976078599,,-0.00014692918013514689,2.4968553459119494,-0.1527777777777778,0.1234932908801456
2003-03-29,-0.059663834183461106,-0.1973326057183682,-0.11602324136408215,-0.12582390748012273,-0.033206071216563604,-0.07390959728118651,-1.215527544140528,-1.215527544140528,-1.21875,-1.21875,-0.9963032281569003,2.553283722274402,0.3045083713370469,-1.6367620371442912,-0.3552986989903778,-0.11447811447811462,-0.5948103792415169,-0.5911764705882354,-0.025931928687196182,-0.19718309859154926,-0.6812121212121212,,0.02821454812637758,-0.5305755395683452,-0.13114754098360648,-0.0817813765182186
2003-06-28,0.06406357333984647,0.029291980464349443,0.17327859257979106,0.08834098354794162,0.017184825390255343,0.0803553283621754,-0.5891922996442771,-0.5891922996442771,-0.5714285714285715,-0.5714285714285715,34.63381642512077,1.0803969012423495,-1.378054386219577,-0.7560713094624504,-0.13443054366214835,0.13022813688212942,1.1527093596059115,1.143884892086331,0.0,0.1578947368421053,1.8255703422053235,,-0.04401886522795473,1.3601532567049808,-0.09433962264150952,-0.0542328042328043
2003-09-27,0.0949538646431134,0.2585409437198356,0.5098038730280543,0.09353343750577503,-0.11043931328725665,-0.02879860510713106,0.9094613523494206,0.9094613523494206,1.0,1.0,0.908977522301456,-0.3238007740724813,4.493968579016414,-6.810390901746318,0.9024047719013768,0.10849453322119418,-0.3249427917620138,-0.36241610738255037,-0.08153078202995012,0.10606060606060597,-0.5566021867115223,,-0.1876214680819256,-0.2954545454545454,-0.08333333333333326,0.15089355089355094
2004-01-03,0.054870523055038145,0.06771996724229301,0.02119920017249255,-0.09508135157210862,0.08316489409339733,0.18705210149138107,-2.627075691897299,-2.627075691897299,-2.5,-2.5,-0.10972232085789357,0.521868586130142,-0.8314997408315521,-1.0517567784373496,-0.024550802505308167,0.18816388467374812,-1.3796610169491526,-1.3631578947368421,0.05434782608695676,0.29680365296803646,0.8566009104704098,,0.026867868973132092,0.0,0.0,0.1798541722927356
2004-04-03,0.009794520888235292,0.11536602943813001,-0.016444809456487963,0.021949336830397792,0.030582319572646455,-0.16621220916550306,-1.3588408885974261,-1.3588408885974261,-1.3333333333333333,-1.3333333333333333,-0.04818123803446073,-0.8361983816434297,0.31577492050324896,-9.511572638974995,0.21422534295559448,0.07854406130268199,-0.5892857142857143,-0.6086956521739131,0.018900343642611617,0.021126760563380254,0.0,,0.02043010752688179,0.0,-0.045454545454545525,0.0914396887159532
2004-07-03,-0.01744823936163109,-0.09015794006218814,0.002935998178162924,0.02353270823096576,-0.0328604974805059,0.08036534148213925,-1.4343803540833808,-1.4343803540833808,-1.3333333333333335,-1.3333333333333335,0.6989607777405296,5.562706557662202,-2.6887937375223285,-1.9369226100151744,-0.16530092096808735,-0.17880402605091783,-1.6304347826086956,-1.5925925925925926,-0.0202360876897133,-0.19310344827586212,0.0,,-0.01563048823322799,-0.9101382488479263,-0.023809523809523836,-0.11109363531508865
2004-10-02,0.008624559302652823,0.048552026881569565,-0.002316205134715865,-0.017292341141369905,0.017202905458998385,0.05051571170305036,4.161977386273994,4.161977386273994,6.000000000000001,6.000000000000001,-0.28054459352801897,-0.6862713915909071,-0.9328967630543328,-1.438409411886653,0.08682108482735096,-0.08435472242249464,7.482758620689657,7.687499999999998,0.015490533562822817,-0.0641025641025641,11.975071516142215,,0.0085637823371989,7.53846153846154,0.024390243902439046,0.06700088469478027
2005-01-01,0.06023937877265184,0.19382176052487687,0.052191554203973034,0.1081575924696041,0.06642836799704899,0.13765787632509996,2.04594773572411,2.04594773572411,2.142857142857143,1.9999999999999996,0.9003071691075641,0.38014643762320466,-3.1923968474733426,1.964593923631635,0.05892949473152376,0.048031496062992174,0.8699186991869918,0.8705035971223021,0.05084745762711851,0.031963470319634535,-0.9251417322834645,,0.0058376083495488285,0.8678678678678677,0.0,0.07733126969211224
2005-04-02,-0.003892851755562754,0.002020721272250503,-0.044111456279668726,-0.11557714797853391,0.026623411001370556,-0.1473610884417189,-0.982891546115896,-0.982891546115896,-1.0,-1.0,-0.516568286452395,-3.027831622763166,3.1829139352928735,1.0765925630545308,0.4644260975615193,0.050338091660405704,0.10869565217391308,0.11923076923076925,0.019354838709677358,-0.004424778761061843,-0.43441674555590615,,0.03060147731269791,0.1061093247588425,0.0,0.13293996921498197
2005-07-02,0.028765361627828945,-0.096949193015054,0.047833241819961625,0.11475950081460562,0.015294267972856268,0.09699285902296118,-0.5278592375366569,-0.5278592375366569,inf,inf,0.92541011747496,-3.5852166388279567,-0.6890450432232951,-1.5437511701703768,-0.17244450534392985,0.012160228898426384,-0.06862745098039214,-0.061855670103092786,0.009493670886075778,-0.004444444444444362,-0.09261670076250705,,-0.01313993174061423,-0.06540697674418605,0.0,-0.18989176214845338
2005-10-01,0.016540850800083273,0.08513851302497577,-0.034287757711610634,-0.09388834280561986,0.05360114813245054,0.05132264085681082,43.03933747412008,43.03933747412008,inf,inf,-0.584235865073766,-0.8649211439958898,3.6728987156559905,-1.6640621551229418,0.13837606130014435,0.06360424028268552,-0.0189473684210526,-0.003663003663003761,0.03134796238244508,0.05357142857142838,0.10166017626562818,,0.03648625280996032,-0.007776049766718529,0.023809523809523725,0.1975626118067979
2005-12-31,0.09207242912936331,0.2148708410513951,0.24763194806235722,0.23538935550240314,-0.011888169573270768,0.12147097791517592,0.24893046871327162,0.24893046871327162,0.25,0.2857142857142856,2.294337019150087,-0.12260481198674544,0.6699544236857671,2.2246892242238916,0.3919792491555829,0.12624584717607967,-0.4141630901287554,-0.4227941176470589,-0.010638297872340496,0.09322033898305104,0.12632558139534877,,-0.09509509509509517,-0.41849529780564254,-0.023255813953488413,-0.01661842965175986
2006-04-01,-0.005727789747015266,-0.02122695098808902,-0.0401186425869583,-0.08261437218061862,0.023292083716411893,-0.13254202974392315,-0.18019272754648796,-0.18019272754648796,-0.20000000000000007,-0.2222222222222221,-0.7657014127875384,-1.1667980295566502,-1.358670402816696,-0.9522933888556763,0.013434109472144407,0.03362831858407089,0.3919413919413919,0.3757961783439492,0.02611367127496167,0.042635658914728536,0.8087215064420219,,0.02912979351032452,0.3854447439353099,0.0,0.06693249786385636
2006-07-01,0.006585783436778403,0.010197644911584147,0.018048280002329165,0.09614267028188239,-0.002487191888840834,0.09231477024136692,0.395289039900822,0.395289039900822,0.375,0.4285714285714286,1.777093298545683,-14.47765308131522,1.5921236059479553,-5.063866562959122,-0.05387072309557028,0.027968036529680385,0.4078947368421053,0.3935185185185184,0.004491017964071808,0.003717472118959231,-0.2849315068493151,,-0.009136510211393722,0.3871595330739299,0.0,-0.07839473215874693
2006-09-30,-0.03653239532775454,-0.0934292907241101,-0.0806954847921868,-0.15013418467422257,-0.000856091633669287,0.021296298878980657,0.38409898644201657,0.38409898644201657,0.36363636363636354,0.40000000000000013,-0.47680396676960546,-0.5395965114750267,0.11850714829919773,0.453607808944559,-0.0827655434375919,-0.10049972237645766,0.20560747663551404,0.19269102990033238,0.010432190760059745,-0.1074074074074074,-0.37305236270753506,,0.037063822093653886,0.1837307152875176,0.023809523809523725,0.06671816162981559
2006-12-30,0.04972342336683799,0.14681140443653495,0.24682382016879556,0.05851462431050192,-0.09677712553232654,0.17717425740410975,0.1499048977650974,0.1499048977650974,0.13333333333333353,0.0714285714285714,2.4038806863527533,-0.4646528747302957,-0.895681615562612,-3.587040802890875,0.2334385024620138,0.09938271604938276,0.20310077519379854,0.1754874651810585,-0.10471976401179939,0.0912863070539418,-0.09309431656141776,,-0.13947001394700143,0.13862559241706163,0.023255813953488413,0.08340876176683554
2007-03-31,0.03685871648316419,0.03315307487395236,-0.024499707776919344,-0.16143340662147743,0.09981456972349045,-0.15274233214236,-0.0815465729349737,-0.0815465729349737,-0.05882352941176472,0.0,-0.9073724007561437,-2.6621621621621623,2.401190704820434,-0.9298090843286283,0.013284214987659748,0.09152161706906248,0.161082474226804,0.14454976303317535,0.10543657331136735,0.21673003802281388,-0.0507637017070981,,0.060575364667747156,0.13007284079084291,0.0,0.23204812231087346
2007-06-30,0.05441715316607465,0.12110937497694585,0.00632579087084717,0.019325962979966915,0.09818316072780586,0.07058340293276011,0.34161770333851105,0.34161770333851105,0.375,0.3333333333333335,4.335759109845489,-1.6912352018257024,-3.7831451157538116,13.64510151466323,0.19199813256664355,0.17901234567901225,0.15094339622641506,0.14492753623188404,0.10283159463487346,0.06874999999999987,0.004259346900141958,,0.04164278892072604,0.152854511970534,0.0,0.0998508171153456
2007-09-29,-0.006561947558617609,-0.09265457014896694,0.04373342899576649,0.5229117704190869,-0.04850516468524657,0.02548336023286213,0.22041747768306608,0.22041747768306608,0.2272727272727273,0.19999999999999996,-0.12254155877527628,3.338612329120454,-2.9985899633796245,-2.0614330903589604,-0.17096769334239525,-0.07242582897033156,0.14657666345226628,0.12115732368896914,-0.018918918918918948,-0.1608187134502923,-0.21724787935909518,,-0.04217861727489458,0.13258785942492013,0.0,-0.40420481519159035
2007-12-29,0.03526753180763653,0.10929375093374105,0.0026068795422371505,0.10098536667414226,0.0651448551039302,0.142218974169668,0.6430594511356762,0.6430594511356762,0.6296296296296295,0.7916666666666667,1.1795839293558452,-0.6076524303243603,-0.8162309218907822,-1.6599548050709538,0.136099582401209,-0.09689557855127007,0.25315391084945316,0.27903225806451615,0.030303030303030498,-0.08013937282229966,-0.2188440698374473,,0.028719126938541173,0.2933709449929478,-0.022727272727272707,0.007554198789258448
2008-03-29,-0.06537953838006794,-0.15571506371427657,-0.03140947046593012,-0.04856604883339888,-0.09463017038882415,-0.40876921363575813,-1.2445377940302753,-1.2445377940302753,-1.25,-1.255813953488372,-1.0986047232701153,-0.17328322928662343,4.326824283267967,-2.864206450802227,-0.22332348624543708,-0.2947916666666667,-0.2503355704697987,-0.25094577553593944,-0.02406417112299475,-0.31439393939393945,-0.48863198458574186,,-0.03126744835287554,-0.20174482006543082,-0.04651162790697683,-0.11261747034355252
2008-06-28,0.005568459968557704,0.026442112240560034,0.002208289356806281,-0.022353978582677958,0.008663842793414922,0.13773222530009233,-0.4253156760086233,-0.4253156760086233,-0.36363636363636354,-0.36363636363636354,-4.070384151774016,1.4298753665689148,-1.0945489803643,-1.0462053712480253,0.013285768795159525,-0.19645494830132926,-0.33034914950760963,-0.33838383838383834,0.0,-0.17679558011049723,0.07912584777694054,,0.00307396733909715,-0.305327868852459,-0.04878048780487798,0.04988425925925921
2008-09-27,-0.10703498402920342,-0.2863736426225204,-0.11205251406544592,-0.30886915866105147,-0.10244242700225581,-0.24526929856739854,9.067047755150648,9.067047755150648,8.571428571428571,8.571428571428571,-1.0303314785102242,-0.7159020622444823,-15.626213326021388,-26.962800875273523,-0.34041311970047083,-0.20128676470588247,-1.6751336898395723,-1.6768447837150127,-0.08904109589041087,-0.20134228187919467,0.23812849162011163,,0.005171423099023187,0.0,-0.10256410256410264,0.03257634218939476
2009-01-03,-0.4832799185419301,0.00910421000997963,0.02131636953901217,0.11732938848984986,-0.9401930026141514,-0.02216458483878736,8.694172689955401,8.694172689955401,8.82089552238806,8.82089552238806,-19.321890827236917,-0.23077740016992354,-0.992193739243895,-1.0579505548532098,0.029908310421510986,-0.4626006904487917,0.0,21.883458646616543,-0.9413533834586466,-0.4117647058823529,0.0,,-0.8843368902439025,0.0,-0.02857142857142847,-0.09688784497944802
2009-04-04,-0.09744125562781991,-0.06957533827528839,-0.13273729567095782,-0.19956753691001572,0.44834654009100894,-0.09251984956122028,-0.9614040653953281,-0.9614040653953281,-0.9620060790273556,-0.9620060790273556,-1.2253823944959765,0.3468866491785172,-9.677233429394812,-1.8393528057205186,-0.024374620548873294,-0.17987152034261245,0.0,0.23081977985871527,0.4358974358974359,13.02857142857143,0.0,,0.6062602965403625,0.0,0.1470588235294117,0.16243054734602191
2009-07-04,-0.04123650782964983,-0.023517821051979748,-0.0008629181405137576,-0.023376261038236312,-0.4150658496123506,0.017581021996878388,0.17547465102676374,0.17547465102676374,0.15999999999999992,0.15999999999999992,-2.409648405560098,-0.5074060786223156,-1.094099413262482,-1.182008519240488,0.004547225488993556,0.39164490861618795,0.0,0.31567004805125465,-0.4285714285714286,-0.03054989816700615,0.0,,-0.3897435897435898,0.0,0.1282051282051282,-0.00015254754398452697
2009-10-03,-0.026463196111406684,-0.007018753574525416,-0.035313586669721175,-0.08116674791125822,0.11351376380432021,0.02950045015219427,-0.8110870530010624,-0.8110870530010624,-0.8275862068965517,-0.8275862068965517,1.1000580046403714,0.9189470398501718,-3.9258823529411764,4.431178103927013,0.02458499797997926,0.18761726078799246,0.0,0.19894491224510502,0.125,1.077731092436975,0.0,,0.14285714285714302,0.0,0.2954545454545454,0.08070996287443433
2010-01-02,-0.002566791376429456,-0.012092976806892142,-0.01199597883196446,-0.018156424581005637,0.1266321523619427,0.019234506436179633,-1.127429344343988,-1.127429344343988,-1.2,-1.2,-0.9582009851309672,-0.8403730412622675,-1.0749899477281866,-1.1096990943616711,-0.0026322384366396223,0.08846761453396512,0.0,-0.9124217295650703,0.11111111111111116,-0.032355915065722995,0.0,,0.12941176470588212,0.0,0.03508771929824572,0.006164705882353072
2010-04-03,0.003118559861958081,0.033898444543442485,-0.004809501356919821,0.009628095642601808,0.09838243843023631,0.007531357959678298,-7.583798882681564,-7.583798882681564,-5.0,-5.0,50.43502202643172,-0.5169836956521738,-12.463806970509383,-34.41411451398136,0.08818604324257828,-0.10885341074020316,18.00990099009901,-0.33236714975845416,0.09999999999999987,-0.19801462904911182,0.0,,0.09505208333333326,0.0,0.033898305084745894,0.024040035545577654
2010-07-03,0.1984252847731356,-0.13018624671152113,0.18297296734212942,0.10543923888989837,0.36665686562775646,0.02309654047526788,-5.124480271531608,-5.124480271531608,-5.75,-5.5,0.049140312185512736,184.77918424753867,15.888914873713752,-3.863234239260381,-0.2320350458499313,0.0895765472312704,-1.2105208333333333,-1.2402315484804631,0.38636363636363624,-0.009771986970684043,0.0,,0.14030915576694425,-0.727630285152409,-0.016393442622950838,-0.21315368805663382
2010-10-02,0.006010891903606375,0.07480694728366855,-0.08030526882246469,0.038145678662063975,0.8194430784361937,0.04787196561321916,1.607710823543934,1.607710823543934,1.5789473684210527,1.6666666666666665,-0.052451120453896105,-0.9470546374035688,-1.1209410526607309,-1.232651356993737,0.0702939216110916,0.008968609865470878,3.7704106877783277,5.397590361445784,0.8196721311475412,-0.2717105263157894,2.8071065989847717,,0.8091762252346193,5.581227436823105,-0.033333333333333326,0.035291386115625656
2011-01-01,0.01533927177147243,0.06943496909312685,0.03227110537099964,0.5130306901764972,-0.06531705784375663,0.04658434691973401,-1.29219821227111,-1.29219821227111,-1.306122448979592,-1.3125,0.22800896011027838,-0.6049903481804533,-0.10453400503778343,0.4469370662837999,0.09503079356036426,0.19259259259259265,-0.38554091899180576,-0.27212806026365355,-0.07207207207207211,-0.34507678410117437,-0.8106666666666666,,-0.07953890489913529,-0.2583653318705431,-0.017241379310344862,-0.29317111459968614
2011-04-02,0.048257737934410905,0.049160456035096445,0.042966425780954776,-0.0342428047962291,0.07609505013482543,0.06860548233461028,-1.1707211707211707,-1.1707211707211707,-1.1333333333333333,-1.1333333333333333,-0.011383169046199182,-0.24832579185520365,-1.4314026339342796,0.13281928308595536,0.09831021745253476,0.14782608695652177,-0.05452397029034439,0.07761966364812434,0.07766990291262132,0.23724137931034495,0.5383411580594679,,0.026925485284909012,0.09171597633136108,-0.01754385964912264,0.08638058221622913
2011-07-02,0.03245077391469087,0.26296012087080745,0.016673935011772167,0.7581546829122023,0.11289661612463298,0.06451661392999686,3.2555748853392377,3.2555748853392377,4.0,4.0,0.23149117360063864,3.3965807849747174,-1.6885002963841138,-0.030839978831730508,0.08674992812900184,0.08441558441558428,-0.2692376361364043,-0.17166866746698672,0.10810810810810789,0.006688963210702115,-0.03814852492370291,,0.07743902439024408,-0.1964769647696477,0.03571428571428559,-0.2816880841121495
2011-10-01,-0.007440421417616805,-0.1774684511115593,-0.03837727895061849,-0.451594982109115,0.13666710934576054,0.032431955378261046,0.044522075219265655,0.044522075219265655,0.09999999999999987,0.0,-0.2447092043277196,0.39870748671887846,-3.6194575979337062,-0.42036189723022466,0.04626967295289308,-0.05489021956087814,-0.814805765941852,-0.8072463768115943,0.12195121951219501,-0.14728682170542629,0.11263881544156518,,0.14544425580079223,-0.811973018549747,0.034482758620689724,0.49989835332384636
2011-12-31,-0.05342571547882835,0.11009756285871375,-0.09025248621874415,0.5632270619461397,0.09170038980764539,0.05316679033157001,-0.6124670888778196,-0.6124670888778196,-0.6363636363636364,-0.5,0.1852099109237606,-0.6653745252359138,-25.9695973705834,-4.069744022869022,-0.13575472524820398,0.07814149947201687,1.6899736147757252,1.9699248120300754,0.0869565217391306,-0.038961038961038974,5.932509505703423,,0.15316205533596827,1.8161434977578472,0.050000000000000044,-0.28984819734345346
2012-03-31,0.019056146448952482,0.04479488864013814,-0.011894330880005688,-0.003880374170496137,0.12069661664193809,0.025402102556443706,1.855673889092912,1.855673889092912,2.0,1.1999999999999997,-0.022981476415018465,0.10554645448162892,-1.0618072923522444,-1.614662589022106,0.09655054338250202,0.09892262487757097,0.2045120156939677,0.34683544303797453,0.11999999999999988,0.010810810810810922,-0.7150692444810092,,0.09982862039417295,0.28821656050955435,0.04761904761904767,0.04885962400992461
2012-06-30,0.01918006810665296,0.04210160806877017,-0.005124130486927281,-0.008476151493040485,0.08955142896829527,0.033708007472374346,0.16981738683127579,0.16981738683127579,0.08333333333333348,0.18181818181818188,0.1115155907690788,5.24629551227773,-1.5426472154190183,-0.9660669708186279,0.002987780568663556,-0.02406417112299475,-0.009364820846905597,0.10526315789473695,0.08928571428571441,-0.12834224598930488,-0.26804619826756493,,0.06895208414491627,0.05933250927070466,0.045454545454545414,0.05104176144117911
2012-09-29,0.08706103079009675,0.07956003128328804,0.054912284402867995,0.07156083693223225,0.17205729732098574,0.03693073916612555,0.6100698070686528,0.6100698070686528,0.6923076923076923,0.6153846153846152,0.36234976807599395,0.9981191222570533,-3.7172291993720563,-7.371892440385591,-0.018981105042181867,0.12420091324200921,0.14755445951500223,0.26360544217687076,0.14754098360655732,0.03220858895705536,0.03747534516765283,,0.07835276967930027,0.24037339556592774,0.01449275362318847,0.007444598337950081
2012-12-29,0.15010656198548267,0.11244334773694797,-0.020208181263686287,0.1327467062714378,0.5553869215551643,0.020831056351965582,4.357674450361873,4.357674450361873,4.227272727272727,4.238095238095239,0.042923963885565186,-0.8739982530381024,-1.1667509207770637,-7.151604427104068,0.11902344634639705,0.024370430544272903,1.5555157593123208,1.9986541049798112,0.5476190476190474,-0.10846953937592874,-0.20088719898605834,,0.3524839472794863,2.1204139228598304,-0.042857142857142705,-0.017958412098298626
2013-03-30,0.015854810859452284,0.05080162589354065,-0.049745158299266956,-0.005458936801202685,0.11418849592043445,0.02511972452508071,-0.7495523681477281,-0.7495523681477281,-0.7478260869565218,-0.7545454545454545,-0.2142350536109141,-0.8774397630905909,-7.580337808575141,0.08461259675373434,0.11536338191825779,0.08564631245043608,-0.0967063770147163,0.03815080789946146,0.10769230769230775,-0.29833333333333334,-0.6498810467882632,,0.09670164917541224,0.0765752185709978,-0.02985074626865669,0.05661037711085837
2013-06-29,0.10322808911431891,-0.1343535041780901,0.16818094646322845,0.12495859576664947,0.020189805947592898,0.023188790343978916,-0.8800519024539175,-0.8800519024539175,-0.896551724137931,-0.8888888888888888,-0.005853775087607538,223.64964305326743,6.072989337896538,-3.779628856137001,-0.2875003703008818,0.009495982468955555,-0.19798293250581833,-0.13099870298313876,0.016666666666666607,-0.0878859857482186,-0.08493771234428082,,-0.07518796992481214,-0.07952954354522535,-0.06153846153846154,-0.23053991387876782
2013-09-28,-0.002224659385608563,0.0068463112179464325,-0.04048254925536621,-0.04714946659196728,0.05378078557283761,0.011493016185675886,3.083147735708983,3.083147735708983,3.666666666666667,3.333333333333334,0.3113024901528807,-0.9849738564168502,-1.4207617222030948,-1.1853434026421201,0.0747878239809574,0.05282199710564406,-0.16289417682337015,-0.09950248756218916,0.040983606557376984,0.03645833333333326,0.1188118811881187,,0.05592510470559242,-0.062366899908731455,-0.032786885245901676,0.056715454154111056
2013-12-28,-0.05035843225917702,-0.04165244164208193,-0.12913184608888295,-0.11518929790627963,0.05464210194069352,0.02747874658731697,-0.020649350649350695,-0.020649350649350695,-0.07142857142857151,0.0,0.21335912839833004,0.6007808687164471,3.2844442478658937,-2.949108176974751,-0.1356263589956851,-0.06254295532646048,-0.6477929281257222,-0.6325966850828729,0.04986876640419946,-0.10050251256281406,-0.01327433628318575,,0.11059262715818963,-0.6349772874756652,0.0,0.08310418576229739
2014-03-29,0.03937204999915589,0.06275863142059035,0.02948692962492605,0.03874204196096542,0.050252355971127205,0.004852384516964792,-0.12292799363479645,-0.12292799363479645,-0.07692307692307698,-0.15384615384615385,-0.764207310932832,2.4743902439024392,-0.9993341385611199,-0.9584160298539391,-0.006524820049975788,0.09384164222873892,-0.30839895013123364,-0.2917293233082706,0.0475000000000001,0.04189944134078205,1.986547085201794,,0.010504201680672232,-0.28888888888888886,0.0,0.023131170662905598
2014-06-28,0.10364112478310128,0.09015315263249146,0.16437255060617484,0.18056014367473971,0.03811721608101459,0.000628714832915156,-0.29655276685817966,-0.29655276685817966,-0.33333333333333326,-0.2727272727272727,1.4508861840700407,3.279337779337779,-776.922480620155,-8.046298942555016,0.04627778685001349,0.044906166219839116,0.06451612903225801,0.09341825902335454,0.038186157517899666,-0.002680965147452974,0.4628378378378377,,-0.05925155925155934,0.10375000000000001,-0.016949152542372947,-0.07664736696994778
2014-09-27,-0.028677957364996343,-0.044608858720353695,-0.06826962223071575,-0.07954492996327533,0.019233088242294194,0.05730910166108738,0.6135064265142072,0.6135064265142072,0.625,0.5,0.2733899658752632,-0.9262211042911238,-2.2772294043599017,-3.309186777529913,-0.10213736240079219,0.1064785118665812,-0.045454545454545414,-0.021359223300970842,0.009195402298850519,0.06720430107526876,-0.016422889402104235,,0.04928176795580108,-0.029445073612684114,0.01724137931034475,0.038021299890514504
2015-01-03,0.1861145531258812,0.3700216778508594,0.3199855897845081,0.07487940224251655,0.0380213072504898,0.05643502057448768,0.7325163181031038,0.7325163181031038,0.7692307692307692,0.75,0.506032477306938,-0.37641282193811376,-3.4783758203421384,-8.58221066868073,0.8625228029723286,0.01565217391304352,0.1652661064425769,0.12301587301587302,0.03872437357630987,0.005037783375314797,0.038872945473519493,,-0.12489469250210616,0.17269544924154046,-0.05084745762711851,0.2745229648096654
2015-04-04,-0.045797923451094125,-0.0637731640866539,-0.0941410951704228,-0.11962965807689518,0.02220799145754193,-0.02772880041976089,-0.4424265723512225,-0.4424265723512225,-0.4347826086956522,-0.4285714285714286,-0.6464824672325411,0.2503342742534542,-1.2325505060866107,-1.1029123559690324,-0.04765807623361196,0.009703196347031984,-0.008814102564102533,-0.026501766784452152,0.021929824561403688,-0.027568922305764465,-0.1456554495228528,,0.07123947051744883,-0.0009950248756218638,-0.017857142857142905,0.06349684020463431
2015-07-04,-0.22266041700339423,-0.3844018725874516,-0.42129429937477014,-0.5700036528608097,0.024959836853263306,0.010980489393873194,0.6040155547588184,0.6040155547588184,0.5384615384615385,0.5833333333333335,1.6078221384509939,1.3393536121673004,3.572935045194213,4.3997749015194145,-0.2702211017689944,0.08196721311475397,0.1843168957154404,0.25952813067150626,0.030042918454935563,0.05927835051546393,0.06143445032333905,,0.3185800943608177,0.1882470119521913,0.05454545454545445,0.4315930956423315
2015-10-03,-0.02079807514996934,-0.023560101496587382,-0.0374807562856021,-0.033593558895864906,-0.009055871859377396,0.04299286097291777,0.33466299862448423,0.33466299862448423,0.3500000000000001,0.3157894736842106,-0.2862082559915896,-0.673760666395774,-0.6797203087762619,-0.8676032265460534,-0.04902361808502265,0.04440961337513061,0.18156996587030716,0.24351585014409216,-0.03124999999999989,0.012165450121654375,-0.13514261977291608,,0.01192707445902208,0.18021793797150054,0.051724137931034475,0.010377032168799927
2016-01-02,0.008525871462031542,-0.07420035237082612,0.029920408038217605,0.052310717025706,-0.00610084633263086,0.016866353285088787,0.035427187467793386,0.035427187467793386,0.03703703703703698,0.0,0.41359154038224766,0.5533239919040946,-0.001362170577115518,-1.0187342569269522,0.0009657664208695405,0.0670335167583791,0.05661467359907579,0.1552723059096175,-0.03010752688172058,0.10336538461538458,-0.1130323406980468,,-0.01448055228152878,0.05326704545454519,0.09836065573770503,-0.1202132342152884
2016-04-02,0.07996928985991159,0.1943310312087656,0.3385701097548466,0.05890842371999616,-0.10323483139127176,0.015378197556446871,-0.3709159678502999,-0.3709159678502999,-0.3928571428571429,-0.31999999999999995,-0.32283009499312176,0.39430690588353223,-2.0989523889059005,324.56974789915967,0.3141209626941426,-0.01359587435536802,0.08201202843083655,0.1143430290872618,-0.09090909090909094,0.017429193899782147,-0.06209386281588447,,-0.16965658636596626,0.034389750505731786,0.07462686567164178,0.12791150147312247
2016-07-02,-0.063469663933858,-0.1649520414078962,-0.0019096195167406238,-0.006038034865293196,-0.1285675157934998,0.01151917331678054,-0.024267236264388314,-0.024267236264388314,0.0,0.0,-0.033958000264451726,-1.527496226008195,-2.9449731071576335,-1.7269841105960333,-0.17377467917077982,0.14733840304182522,0.028297119757453304,-0.03240324032403241,-0.10243902439024377,0.26124197002141325,0.08044649730561959,,-0.06954732510288064,-0.0534550195567145,0.0277777777777779,-0.15988171513060623
2016-10-01,-0.07729008235511314,-0.1765669381684697,-0.02701692156501445,-0.05872755199115631,-0.13817925167822365,-0.015012549087128457,0.31168541603324207,0.31168541603324207,0.3529411764705881,0.3529411764705881,0.05094194062165602,0.7912237666939221,0.059874364551181,0.031336320449913746,-0.21691436183956048,0.036868268434134155,0.04422604422604426,-0.036279069767441885,-0.12228260869565222,0.15449915110356538,0.06163163519771997,,-0.0659000442282176,-0.05647382920110178,0.027027027027026973,-0.12519066056552852
2016-12-31,-0.04429131570443656,-0.11391788360322608,0.06931872790069527,0.1020870622467398,-0.1996404818320321,0.051006230110707707,-0.40541167016936586,-0.40541167016936586,-0.3913043478260869,-0.4347826086956522,1.3308311626805587,-1.3966828971393792,-0.03072404880786106,-0.5930804186174607,-0.11271653700987727,0.04155013983220135,-0.03905882352941181,-0.14864864864864857,-0.17647058823529405,0.18676470588235294,0.06677852348993274,,-0.16264204545454541,-0.1839416058394161,0.03947368421052633,-0.19601663090128751
2017-04-01,0.04496620738725787,0.139551645646792,-0.0033443088452984604,-0.016626761982505678,0.1332245844399207,0.016911168919783393,0.7740208436208644,0.7740208436208644,0.7857142857142856,0.9230769230769229,-0.5304832827056516,1.8262370540851554,-0.997684246112238,-2.334935111081031,0.16958420744918667,0.10126582278481022,0.20666013712047016,0.13038548752834456,0.13157894736842102,0.33705080545229227,0.2900283107895565,,0.08453491659598522,0.07066189624329167,0.05063291139240489,0.15881224455751086
2017-07-01,0.0349128650172188,0.10430697846510761,-0.025692170773711998,-0.05401110752206395,0.1322889106724785,0.004382369037409406,0.012716271846936023,0.012716271846936023,0.0,0.0,0.7541923617872985,-0.14746199782844738,83.11861313868613,0.4179426079902657,0.20559500705716305,0.15813305468477878,0.12824675324675328,0.10330992978936804,0.12956810631229243,0.024096385542168752,0.039502560351134086,,0.09410844629822734,0.07435254803675839,0.03614457831325302,0.16735046426257827
2017-09-30,0.016548933522482434,0.05394193219763421,-0.016276998509012097,-0.04514387993941893,0.06193258408078228,0.013354878173531981,0.1740275145746235,0.1740275145746235,0.19999999999999996,0.15999999999999992,-0.4491550511903294,-0.7295232030565948,0.3639065448944616,-0.8007866273352999,0.0339726645508065,0.08781954887218046,0.04316546762589901,0.054545454545454675,0.05294117647058827,-0.037104072398190024,-0.013370865587614356,,0.04479390040505127,0.04587869362363928,0.0,0.10377358490566047
2017-12-30,0.04923029272171453,0.05249998657509081,0.10430772962571266,0.23506250312419485,-0.021309139838138424,0.03363013444637186,-1.1779513781928854,-1.1779513781928854,-1.1666666666666667,-1.1724137931034484,0.42033723716326676,46.23719835197175,-1.6261928998600332,-0.5601274342636633,0.014452648153280956,0.1783245783798726,-0.25758620689655165,-0.23362068965517235,-0.022346368715083775,0.119360902255639,0.10152163575844031,,-0.06727480045610035,-0.2193308550185874,-0.011627906976744207,-0.14781297134238303
2018-03-31,0.028097162376370166,0.09179194030947313,-0.059556687876701986,0.34846154564615706,0.1547671759660818,0.03107497777653756,-6.046738678853345,-6.046738678853345,-6.4,-6.2,0.24272403354985173,-0.9182117224880383,-3.465227330454661,5.006426604100786,0.08557202795576724,-0.037775692163303565,-0.05294937296795166,-0.008998875140607487,0.15714285714285703,-0.015952980688497043,0.1962011655514786,,0.12322738386308063,0.0019047619047618536,-0.0117647058823529,-0.19036381514257616
2018-06-30,0.016565105263136815,0.05524686829111447,-0.0033457926545792382,0.004462920014914884,0.039998319177657615,0.0020838447902913337,0.031062632914865995,0.031062632914865995,0.0,0.03846153846153855,0.3020609336048259,0.3693631931748933,-0.007737800857237076,0.23251982812791905,0.09715543369997115,-0.012923677151914226,-0.026974006866110845,0.0011350737797957144,0.0370370370370372,-0.14675767918088745,-0.026163839769036468,,0.02307357422725298,0.009505703422053147,-0.011904761904761862,0.050603190025099165
2018-09-29,-0.10074034808029697,-0.21316340936748823,-0.2418781723994068,-0.37787418904397696,0.05844250952029828,0.027155178234190114,0.321614392739757,0.321614392739757,0.33333333333333326,0.29629629629629606,-0.46433408357935557,-0.4072425877510152,2.8105082809822957,-4.788720167557736,-0.33549918246821386,0.11462450592885376,0.026209677419354982,0.08843537414965996,0.06190476190476191,0.07400000000000007,0.08578840096349838,,0.17680851063829794,0.05932203389830515,0.024096385542168752,0.2647194821208383
2018-12-29,0.0859785316515389,0.07059020848037045,0.16190649642150445,0.3097256526164698,0.024640990220428094,0.07020515786864179,-0.008991320807909986,-0.008991320807909986,0.0,0.0,0.19944704149007775,11.39527027027027,-0.9792708415651373,-0.9589496463057591,-0.020725873830531483,-0.0458776595744681,0.3934184675834971,0.4770833333333333,0.03139013452914785,-0.1014897579143389,-0.11484641638225257,,-0.056409329235219685,0.43733333333333335,0.03529411764705892,-0.18256047772835293
2019-03-30,0.0314572232479724,-0.03484941519852969,0.00018724798835512146,-0.10937231128575897,0.0601024060055837,0.012094410809862177,0.2248412496824994,0.2248412496824994,0.22222222222222232,0.22857142857142865,0.4058869915986776,-0.6518351957845008,16.625607992638358,-1.496146008682555,0.010500695671088245,0.2195121951219512,0.08776876982728221,0.1304654442877291,0.0565217391304349,0.1823834196891192,-0.1771737034894929,,0.02778310021076824,0.10698824984539268,0.022727272727272707,0.0836377189713009
2019-06-29,0.02592534847471506,0.06677291826216547,0.0011063352517717284,-0.033662792447093026,0.04737607781894915,0.006375467713466421,-0.11048898842851806,-0.11048898842851806,-0.11363636363636365,-0.11627906976744184,0.3287022554931127,-0.6590775653989172,0.0060188845299005145,15.878035714285716,0.17538940578736617,0.28,0.032404406999351876,0.0723643169058017,0.05144032921810693,0.2120946538124453,0.1246485473289598,,0.020879940343027537,0.051955307262569805,0.011111111111111072,0.1039416660934167
