Quarter end,Assets,Current Assets,Liabilities,Current Liabilities,Shareholders equity,Revenue,Earnings,Earnings available for common stockholders,EPS basic,EPS diluted,Cash from operating activities,Cash from investing activities,Cash from financing activities,Cash change during period,Cash at end of period,Price,ROE,ROA,Book value of equity per share,P/B ratio,P/E ratio,Cumulative dividends per share,Equity to assets ratio,Net margin,Asset turnover,Current ratio
1995-03-31,-0.2240282463242641,-0.251936963425598,0.05681925585205261,0.05681925585205261,-0.2780572306100161,0.5128587374240574,0.051445507322804396,0.051445507322804396,0.07407407407407396,-56.0,0.2718630734145371,0.18675110627183455,inf,-0.220722671498225,0.4182965399456007,0.5454545454545456,-0.2086472322305929,0.06530264279624887,-0.25,0.5294117647058822,0.0,,-0.06963157267199238,0.0,-0.16666666666666663,-0.2921523231678109
1995-06-30,-0.2240282463242641,-0.251936963425598,0.05681925585205261,0.05681925585205261,-0.2780572306100161,0.5128587374240574,0.051445507322804396,0.051445507322804396,0.07407407407407396,-56.0,0.2718630734145371,0.18675110627183455,inf,-0.220722671498225,0.4182965399456007,0.5454545454545456,-0.2086472322305929,0.06530264279624887,-0.25,0.5294117647058822,0.0,,-0.06963157267199238,0.0,-0.16666666666666663,-0.2921523231678109
1995-09-30,1.3694008937362723,1.6493862456043762,5.667466599094735,0.04065805621388496,0.1590055774094019,0.02089873731121572,0.046675829215060194,0.046675829215060194,0.034482758620689724,-56.0,-0.09226566597446528,-5.178704184270916,inf,-2.6949764473714057,-0.4998974214884142,0.1470588235294117,-0.2086472322305929,0.06530264279624887,0.0,0.5294117647058822,0.0,,-0.5108291682686146,0.0,-0.16666666666666663,1.545874922460948
1995-12-31,-0.18148404900399584,-0.1728552804404474,-0.3415585148676432,0.323735185166397,0.07784523940308885,0.5958878695060641,0.5876334786963218,0.5876334786963218,0.43333333333333335,-56.0,0.40548243252895033,-1.2568123947985337,-0.9978833131972195,-0.7516109246227793,-0.24828717875544282,0.15384615384615374,-0.2086472322305929,0.06530264279624887,0.0,0.15384615384615374,0.0,,0.3167408959916167,0.0,-0.16666666666666663,-0.3751384397288796
1996-03-31,1.449798391664951,1.660734318739968,-0.3636667021752321,-0.23765854001619435,3.244529892260428,0.013600790213509573,-0.21136548759986828,-0.19098269194108086,-0.20930232558139528,-56.0,0.3654358049800541,-9.267564847442236,1016.4781965063655,1.0530961531554182,-0.6781279195646048,0.3999999999999999,-0.2086472322305929,0.06530264279624887,3.666666666666667,0.3999999999999999,0.0,,0.7325905292479107,0.0,-0.16666666666666663,2.4901807869549804
1996-06-30,-0.09406585779381926,-0.10680978292028676,-0.08134618035330787,0.08981774934606324,-0.09595307303840117,0.02998500749625177,0.18402474791443035,0.2549603331540482,0.2058823529411764,-56.0,-0.02292799672488932,-1.2162892507968208,-0.9997333747584878,-5.208728968120329,8.86705244922782,-0.031746031746031744,-0.2086472322305929,0.06530264279624887,-0.14285714285714302,-0.7923809523809524,0.0,,-0.002067064768029425,0.0,-0.16666666666666663,-0.18042210891953936
1996-09-30,-0.1505201435952952,-0.1701222558472446,0.16148624448230464,0.31824839224500723,-0.19756040589045543,-0.3377001455604076,0.5790057387801395,0.5249475365760208,0.5609756097560976,-56.0,0.0746352194482165,0.2989455745895391,-0.23292797006548172,1.1154352958781573,1.901041452654621,-0.3770491803278688,0.04194260485651213,0.06530264279624887,-0.25,-0.27293577981651385,0.0,,-0.055350978135788265,0.0,-0.10000000000000009,-0.3704674449153592
1996-12-31,-0.21851441066237332,-0.23708569752550868,0.015294678741113232,0.0020693621202585444,-0.26953780661491455,0.523912087912088,0.05411060171836857,0.5431200547492834,0.34375,-56.0,0.49907644467039924,-0.4005150710597417,-1.0002032520325204,-2.0726305695750464,-0.7028907409374627,0.10526315789473673,0.1950476694915253,0.06530264279624887,-0.33333333333333337,0.473186119873817,0.0,,-0.06529418930442199,0.0,0.0,-0.23866376637565334
1997-03-31,-0.2497352403984705,-0.27439363506682624,-0.05812241822193287,-0.13522079236636075,-0.30785541421109697,-0.6394487871008683,-0.14989444379445138,-0.43172018254942,-0.4534883720930233,-56.0,-0.1045108771315647,1.0333502786796638,-12696.0,-1.925762156235674,2.1901358778973328,-0.023809523809523836,0.0,0.3357874519846351,-0.33333333333333326,0.462526766595289,0.0,,-0.07754463703896786,0.0,0.0,-0.1609287533451409
1997-06-30,-0.06199310710970951,-0.07268801800984825,-0.21317661485204364,0.7154561299084656,0.0004097376914338202,0.09233636934547729,0.3118266268364678,0.3234856304367977,0.23404255319148937,-56.0,0.07670591749660649,-0.3281060612263509,323.4,0.6886697898991299,1.159328766653387,-0.3414634146341463,0.0,0.39875389408099693,0.0,-0.01171303074670571,0.0,,0.06654422153150619,0.0,0.0,-0.459439471210884
1997-09-30,-0.4292341806574156,-0.5414846006935168,-0.0842638337253051,-0.20084381245276883,-0.5412246552794375,0.03992559038827026,-0.06173259791234176,0.06108905998910874,0.0,-56.0,0.06679913993639008,-1.1440643868252076,-0.84636732327115,-2.723227578545619,-0.925189037514952,0.4814814814814814,0.0,0.3400719547712867,-0.5,0.4814814814814814,0.0,,-0.19618492515564978,0.0,0.11111111111111116,-0.4262626838444875
1997-12-31,1.1660918151673285,1.728811268982755,-0.15560309204933997,-0.15393342056095494,2.022539486279124,0.10964977146760746,0.29388664609486326,0.11016120193094947,-0.017241379310344862,-56.0,0.6337526208327857,-7.5454634285780955,27.6760766177914,-3.2283748995065986,27.558367918458995,0.09999999999999987,0.0,0.14005369470723594,1.0,1.2000000000000002,0.0,,0.3953526697429137,0.0,-0.20000000000000007,2.2253465149783893
1998-03-31,0.0314793679205263,0.03375094978540916,0.10999676259971847,0.1937208347974808,0.017265569631610633,-0.7461324871082904,-1.0148696378741138,-1.0116767306564942,-1.0175438596491229,-56.0,-0.4486695572527035,-0.48545746351247687,-1.005704687536601,-1.2322922514803583,-0.22415830446547247,-0.11363636363636365,0.0,-0.24037005887300256,0.0,-0.5568181818181819,0.0,,-0.013700248021731531,0.0,-0.25,-0.13400489811006888
1998-06-30,-0.3112429773300204,-0.3489200230373606,0.5038368906103052,0.5473806747244401,-0.47224517355509366,-1.0,-75.89987899239868,-95.81500539374326,-56.0,-56.0,0.1860084165170337,-0.8862697073730085,-9.6617456667504,0.6645018033776464,-0.4809124131538117,0.0512820512820511,0.0,0.14651609093593132,-0.5,0.05128205128205132,0.0,,-0.23374446174110874,0.0,-0.16666666666666663,-0.5792469274140476
1998-09-30,0.26068487376940186,0.30105706588696934,1.7931821765588647,-0.015419657696680744,-0.601896097434919,inf,-0.08747403534117593,-0.08747403534117593,-0.1636363636363637,-0.1636363636363637,0.4462049215958983,3.7694603938530893,11.884078000419406,-1.7492632906122458,0.6941603426989111,-0.024390243902438935,0.0,-0.044614691302388376,-0.5,0.9512195121951219,0.0,,-0.6841694014689795,0.0,0.7999999999999998,0.3214406493067299
1998-12-31,-0.2689507019037256,-0.30939263334372846,0.20286043616324867,0.6025025407562525,-2.132200876854003,1.5237318603800962,0.04424344034937433,0.04424344034937433,0.15217391304347827,0.15217391304347827,-0.07368828736957489,-0.3374806008468568,-0.8864542075838139,-2.632938543072517,-0.6690755001735573,0.30000000000000004,0.0,0.12654986522911038,-2.0,1.6,0.0,,0.0,0.0,1.7777777777777777,-0.5690339091490724
1999-03-31,0.9367381631635219,1.1355277624208537,0.9987606494020895,0.09087020333093321,1.196960100990617,0.6154334599790141,-0.21295511145423374,-0.21295511145423374,-0.26415094339622647,-0.26415094339622647,-0.30454032842725465,-5.219780140331344,10.842859223304671,-2.0044663015571986,2.0308674440071304,0.21153846153846145,0.0,0.1826773537504487,1.0,0.0,0.0,,0.0,0.0,1.0,0.9576157957244658
1999-06-30,-0.134587300245392,-0.14972931710304038,0.07454473991986355,0.3040810158908136,0.6636902765783144,0.3360825058403074,-0.05555623822303779,-0.05555623822303779,-0.05128205128205132,-0.05128205128205132,-0.20304681219552212,-1.2520107276883898,-0.9503683844937867,-1.476880666926223,-0.3195393526865822,0.17460317460317465,0.0,-0.17155573538337054,0.5,0.0,0.0,,0.0,0.0,0.54,-0.34800743184317295
1999-09-30,0.3549635306199388,0.3969322421286785,0.35526876292172305,-0.300438072032607,0.3557160468516787,0.17197281012258525,-0.01721993827396473,-0.01721993827396473,-0.027027027027027084,-0.027027027027027084,0.9308968638185078,-1.1062079265024651,21.079488436771946,-3.693092620342748,1.2646566352175355,0.22972972972972983,0.0,-0.18772893772893762,0.3333333333333335,0.0,0.0,,0.0,0.0,0.23376623376623362,0.9969177086362315
1999-12-31,0.19361893531456253,0.1435199172984205,0.053927953952508156,0.31326932907077554,-0.15065999163494448,0.39659286104898905,-0.5349305452269151,-0.5349305452269151,-0.5555555555555556,-0.5555555555555556,-0.8486398441919952,18.47211197883327,-0.7586841613143747,-0.8836238311103355,0.06498817166310666,1.2527472527472523,0.0,-0.361217587373168,-0.25,0.0,0.0,,0.0,0.0,0.0736842105263158,-0.1292483327023327
2000-03-31,8.499836826441292,9.873963669862338,-0.2498022190761554,-0.2699112946122275,-18.258650019803447,0.26052416322125294,0.10507203211283067,0.10507203211283067,-0.6875,-0.6875,3.6083221714903093,68.14631484363015,67.18947814597655,157.6080664029141,9.678650449656523,1.4780487804878053,0.0,-0.7767972702670902,-18.666666666666668,0.0,0.0,,3.3676397822859974,0.0,-0.6568627450980393,13.893876049366199
2000-06-30,0.05860284891107681,0.05296934146931154,0.34275768847688326,2.250353052272944,0.02082863596917406,0.4342687658663438,-0.7370818261786019,-0.7370818261786019,-0.8,-0.8,-0.9198704299282972,-0.6645420276879437,-0.9915096541838844,-1.2740014373130608,-0.24834262971327892,0.15157480314960625,0.0,-0.6056931997891407,-0.018867924528301883,-0.7876923076923077,0.0,,-0.03568596352101516,0.0,-0.2571428571428571,-0.6760451099453866
2000-09-30,0.02097837872366637,0.005470758382889018,0.1267720177349101,0.4944964523993698,0.002479528907464834,0.647694797500922,17.81703260548763,17.81703260548763,22.0,22.0,1.4933827124866732,-1.7154256706234094,-0.46679515020210294,-1.7492408698733506,0.30155654668813203,0.2581196581196583,0.0,0.20053475935828868,-0.07692307692307698,0.28170289855072483,0.0,,-0.01820958646616533,0.0,0.03846153846153855,-0.32721941481065564
2000-12-31,0.044396847163328035,0.03715256489310925,-0.06120483446920366,0.024226612589092422,0.06515155121508709,-0.0256500780026917,-1.208492989136538,-1.2374195383926982,-1.2173913043478262,-1.2173913043478262,-6.252423267223281,-1.24287165726018,1.2388192362686805,-0.9334386428675301,0.012659365590602212,-0.13586956521739135,-0.9373961218836565,-0.44654788418708247,0.04166666666666674,-0.06360424028268552,0.0,,0.019983247576881746,0.0,-0.03703703703703709,0.012621579294427754
2001-03-31,-0.012002751510512222,-0.014933311747588829,-0.20842103486600705,-0.30178145028306114,0.022021381093606296,-0.18019455030472464,-0.9653125636860246,-0.9695387863545503,-1.0,-1.0,-1.4494922878370964,6.536303934772233,-0.02118904538682953,-28.555925797060073,-0.34447964508681517,-0.5031446540880503,-0.22654867256637168,-0.22132796780684105,0.0,-0.5230188679245282,0.0,,0.034373533552322755,0.0,0.0769230769230771,0.4108322056145137
2001-06-30,-0.013530918652486346,-0.016240462163095937,-0.10892921056647453,-0.1341853364279293,-0.0007318015201079886,0.06837253842754021,-22.50122214617757,-22.50122214617757,-inf,-inf,1.400886079784628,-0.4651686182478424,-0.23121334234992608,-0.3782690294678528,-0.3267231329479612,0.006329113924050667,0.10297482837528604,0.11111111111111116,0.0,0.006329113924050667,0.0,,0.012929567880231252,0.0,0.0714285714285714,0.13622726420401277
2001-09-30,0.010803099340609856,0.007437619151060337,0.0804381746781655,0.19841072542443183,0.0024720903076365097,0.09388889137290324,1.6215487313551917,1.6215487313551917,2.0,2.0,-0.9904474223254867,0.007928430901001926,-0.8971900665500698,-0.13983196759596173,-0.41741638271229786,-0.01572327044025168,-0.6576763485477178,-0.6325581395348836,0.0,-0.01572327044025168,0.0,,-0.008173776732728677,0.0,-0.033333333333333326,-0.1593556208623459
2001-12-31,0.036309813496481436,0.037876607128875195,0.11645224976774826,0.22444220412863491,0.025976021245426972,0.5943082019676875,-2.0621551948979646,-2.0621551948979646,-2.0,-2.0,-125.72313675429352,-0.883269280749147,2.3218162611103015,-1.1898066628966482,0.13599491693547816,0.2460063897763578,-0.6181818181818182,-0.6455696202531647,0.020000000000000018,0.2460063897763578,0.0,,-0.009934522465567919,0.0,0.13793103448275867,-0.15236973444779178
2002-03-31,-0.012443349658117775,-0.014023896856357854,0.008547085860073134,-0.008596068758272346,-0.015388595678588413,-0.2645504282175136,-1.1222187564905146,-1.1222187564905146,-1.1111111111111112,-1.1111111111111112,-1.2378583067151778,9.849095042664384,-0.6852015834982811,-8.019785451910078,-0.8403691999016318,-0.13846153846153852,0.47619047619047605,0.4642857142857144,-0.019607843137254943,-0.15512820512820513,0.0,,-0.0030786773090080155,0.0,0.06060606060606055,-0.005478305021334284
2002-06-30,0.0008082838444058993,-0.00483625217435335,-0.261633664651031,0.001080164881655854,0.03852767716427685,0.0953434247690097,1.0826271804091152,1.0826271804091152,1.0,1.0,2.461390434694721,-1.9445454853872197,9.238599103865397,-1.7870980398898033,4.143642389931858,-0.31845238095238093,-0.25806451612903225,-0.25609756097560976,0.0,-0.30500758725341426,0.0,,0.03774448129932528,0.0,0.08571428571428585,-0.005902584956021806
2002-09-30,0.004344826268044999,-0.03544719492539006,-0.09407067219318221,-0.1085119609327716,0.014401370178308337,0.018956068968485562,-0.39545069063786453,-0.39545069063786453,-0.5,-0.5,-1.1787591602572332,0.6902058050289259,-0.8785510297385517,0.9865557239803056,1.6003399699712828,-0.10917030567685593,-2.4637681159420293,-2.4754098360655736,0.020000000000000018,-0.10917030567685593,0.0,,0.010029758624490182,0.0,0.05263157894736836,0.08195554434303132
2002-12-31,-0.06856844528386541,-0.07004774822768545,0.7216081686311591,0.6702359210842721,-0.14067818403279053,0.08509298835370926,92.03022862496033,92.03022862496033,122.0,122.0,-25.372054829081634,-0.7608388504815633,0.7956759558210711,-1.2449965837037147,-0.15077944804724874,0.2450980392156863,-33.41584158415842,-33.25555555555556,-0.1568627450980392,0.22058823529411775,0.0,,-0.07747708424268873,0.0,-0.025000000000000022,-0.4432184405785998
2003-03-31,0.009078761055046458,0.004119766505249256,-0.07781595664619356,-0.11013397566359873,0.024965750378954654,0.3205441780050535,-1.0098776547904518,-1.0098776547904518,-1.008130081300813,-1.008130081300813,-0.7714046048029082,1.4039285951299916,7.074616212674343,-3.1078496529024253,0.3742495474236891,0.18503937007874005,0.00030543677458760854,-0.003789183603169155,0.023255813953488413,0.4056224899598393,0.0,,0.015732197776200607,0.0,0.15384615384615374,0.12838767574035304
2003-06-30,1.2972516621440118,1.3602557244923381,8.983897209308328,0.4767390334415147,0.03282591163363713,0.37070697218404636,2.0385170222014106,2.0385170222014106,3.0,2.0,-2.765933723651832,-1.2068733367211468,93.295307803293,11.360911823068752,3.366248629442965,0.28239202657807305,-0.02717557251908398,-0.2676348547717843,0.022727272727272707,0.2528571428571429,0.0,,-0.5503668335856527,0.0,-0.06666666666666676,0.598284820529134
2003-09-30,0.018775968164544965,0.01519761398991415,0.014671628224370403,0.10685238280153309,0.025302354470109423,0.10471432065672204,0.48337705489013394,0.48337705489013394,0.25,0.6666666666666667,-0.2935806916758117,28.425495466098187,-0.9918384496504352,-1.5049965369279157,-0.38933757413832193,0.25129533678756477,-0.039234149403641005,-0.23843248347497636,0.022222222222222143,0.22348916761687576,0.0,,0.0064750064750065395,0.0,0.0,-0.08280740746883841
2003-12-31,0.0238119573415998,0.024835557252465668,0.018362095961947045,0.11455406349452768,0.03238803038021887,0.08658669213797565,0.25121500116468676,0.25121500116468676,0.40000000000000013,0.40000000000000013,-0.435362962835411,-0.7515697980716531,-0.3915026276165544,-0.7709262102051647,-0.14604958572135573,0.09523809523809512,-1.1486442339104868,-1.1264724116553007,0.04347826086956519,0.07176141658900281,0.0,,0.008234688625836206,1.2133333333333334,-0.023809523809523836,-0.08049115700387
2004-03-31,0.038910146890827724,0.04836330415464207,-0.00011220033161429832,-0.030308939465693463,0.09948267076057715,0.026060243886693923,0.6047760518264473,0.6047760518264473,0.5714285714285714,0.4285714285714286,0.4127343910982897,-0.2594319869037195,0.7101598762248582,-0.3718464430938744,-0.10743196000792665,0.020793950850661602,0.4967032967032967,0.31862745098039214,0.08333333333333348,-0.021739130434782594,-0.3356299212598425,,0.05844818785094441,0.39357429718875525,-0.04878048780487798,0.08112573013157132
2004-06-30,0.04997889620460105,0.054205006734961314,0.0052179008702735175,0.012166393748743065,0.1131654830316311,0.058885282299421915,0.44361948955916475,0.44361948955916475,0.36363636363636354,0.40000000000000013,1.6416277712952159,1.2331319881763267,0.3893244873341375,1.233042146660634,-0.26877513404825737,0.2240740740740741,0.3568281938325992,0.40520446096654283,0.1153846153846152,0.12977777777777777,-0.21659259259259256,,0.060043404870991024,0.3587896253602305,0.025641025641025772,0.04153023357345531
2004-09-30,0.09074437915886646,0.097826491080657,0.02933400035969802,0.1822890796849499,0.16902737188288097,0.15629095301585139,0.7080520732883318,0.7080520732883318,-0.1333333333333333,-0.14285714285714302,0.17133233946220527,-1.811383517495396,-0.40698936401128716,-2.471883669461675,0.5410178851728364,0.009077155824508187,0.40043290043290036,0.4761904761904763,0.15517241379310365,-0.09520062942564911,-0.2992624810892588,,0.07188353048225671,0.4337221633085895,0.02499999999999991,-0.07143480918697054
2004-12-31,0.17603457285236646,-0.04058773991515341,0.2649373705889795,0.6974552874804945,0.07624786134047468,0.03882997595300974,-0.5089625970359914,-0.5089625970359914,-0.5384615384615385,-0.41666666666666663,4.17384745922504,-1.5297547274197438,0.9571742313323572,-0.1766007687501986,-0.49729179135826795,0.09295352323838091,-0.0061823802163832875,0.012544802867383575,0.07462686567164178,-0.05391304347826076,-0.2845769801646201,,-0.08488964346349737,0.03402366863905337,-0.024390243902438935,-0.4347973290698768
2005-03-31,0.01656562445531584,0.018526144867510697,-0.061792588382294844,-0.2624120496411272,0.11993657894957321,0.06629477838494235,3.6195266839130023,3.6195266839130023,3.833333333333333,2.714285714285714,-1.0464840831647808,0.8760443444730077,1.595848139143445,-1.8086572960738674,-0.4650106857358368,0.027434842249657088,0.5653188180404356,0.6194690265486724,0.11111111111111116,-0.044117647058823595,-0.08855149000377216,,0.10157699443413715,0.6230329041487839,0.0,0.3808945389197642
2005-06-30,0.024368445927457794,0.0394142960288808,0.0024842239930684684,0.05994861273560481,0.0485536938921689,0.2963183743193707,-0.7750653337204961,-0.7750653337204961,-0.7931034482758621,-0.7692307692307693,-7.166797334378675,-0.17291140324583565,-0.3667146974063401,-0.7049235075220254,-0.25647936968691687,0.2750333778371161,-0.105812220566319,-0.08306010928961749,0.03749999999999987,0.148076923076923,-0.23993792033109163,,0.023578947368421144,-0.13970912296165705,0.07499999999999996,-0.01937606188772012
2005-09-30,0.05237254415618886,0.06109744671533979,0.06385245029937692,0.3612369865863476,0.04024299542154108,-0.11115229133636695,-0.9384047948363301,-0.9384047948363301,-1.0,-1.0,-0.10173855004290755,-0.4043144361032013,0.7343572241183163,-1.4589059552681218,0.15830079940509378,0.287958115183246,-0.2766666666666666,-0.2729439809296782,0.03614457831325302,0.24120603015075393,0.31323169071603596,,-0.011517893870835016,-0.27100409836065575,0.0,-0.2204937270370233
2005-12-31,0.02734506017940519,0.018981580890632177,-0.030720871818388118,-0.09873950975766954,0.09008936409524848,0.15313576204963475,4.881736526946108,4.881736526946108,inf,inf,-1.4495789399193262,-2.720601442767332,-0.03469990160708425,6.1651203758073985,0.9792312013482065,0.12276422764227646,-0.1551459293394778,-0.11967213114754105,0.06976744186046524,0.08367071524966252,0.4682284648077122,,0.06117353308364537,-0.16654954321855242,0.04651162790697683,0.1306335419392468
2006-03-31,0.05867706477507095,0.06926854138977023,-0.015813718974170943,-0.08902438125290302,0.13024890881207973,0.21764721638163098,3.0783914482056502,3.0783914482056502,1.5,1.0,-2.235872815992445,-0.8518437447381714,2.036626800761076,0.16621592827522913,0.5769891984819489,0.37074583635047054,-0.5418181818181818,-0.5251396648044693,0.11956521739130443,0.28144458281444584,0.48496187517650413,,0.0676470588235294,-0.5623946037099494,0.0888888888888888,0.17374937259494727
2006-06-30,0.04007998266385604,0.03637774171716868,0.04299719561811166,0.180888946439844,0.03763930173786223,0.08467837286420554,-0.400399400898652,-0.400399400898652,-0.4,-0.25,-4.028147487741196,-8.836231389930674,-0.07044554344664,-2.0337024960647625,-0.3782113252565975,0.11516111991547806,-0.10515873015873012,-0.07843137254901955,0.029126213592232997,-0.0038872691933915515,1.230352303523035,,-0.0023875114784205342,-0.11560693641618491,0.04081632653061229,-0.12237189081319932
2006-09-30,0.11228812478919026,0.1266203800327439,0.09806044793733215,0.40012884390013226,0.12425314934599019,0.24133158249636222,1.1270815986677767,1.1270815986677767,1.0,0.6666666666666667,-2.570440158987193,-1.117416716218764,-0.04776234382146893,-2.668891910265126,1.0151259531252586,0.050686878256750445,0.5099778270509976,0.5574468085106383,0.12264150943396213,0.0204878048780488,0.05069173541386873,,0.010677466863033835,0.4095860566448799,0.11764705882352922,-0.1953467597856099
2006-12-31,0.7918240472511804,0.9027343010283475,0.10322261128966903,0.17330650964037653,1.3574243866593183,0.12299919538962345,0.12110388021725305,0.12110388021725305,0.0,0.7999999999999998,-0.4545369328833896,6.267786561264822,26.694728858551382,8.741582278996635,4.9073523074713234,0.14743011722272326,-0.05286343612334787,0.08469945355191255,1.2016806722689077,0.02246653919694075,-0.2623709144028079,,0.31566484517304194,0.1854714064914995,-0.08771929824561397,0.6216884493111974
2007-03-31,0.054765879411109886,0.056932398213070945,0.009136219185007066,-0.44094149843764996,0.0723052641539701,0.06714214013980513,1.5056302374301676,1.5056302374301676,1.5,0.5555555555555558,1.2045270419561533,-10.55491162474507,-0.9536023515128279,-1.3519063349362326,-0.2923354279342649,0.06168958742632613,0.20465116279069773,0.3047858942065491,0.06488549618320616,-0.5179990649836372,-0.29221332893253027,,0.016752042087775143,0.423728813559322,-0.09615384615384626,0.8905622802377322
2007-06-30,0.09113850442487381,0.1035071594526269,0.12370817972380288,3.536863470837562,0.0793566974113582,0.18571647666274727,-0.04422651500635788,-0.04422651500635788,-0.06666666666666654,-0.07142857142857151,0.13947013820060805,-0.5450836074000687,0.9845751273929211,-0.8794962831993004,-0.049779948027876886,0.10436713545521847,0.10939510939510932,0.16795366795366795,0.07168458781362008,0.037827352085353816,-0.25185559398437796,,-0.01089324618736387,0.2271062271062272,-0.04255319148936165,-0.7567687673848281
2007-09-30,0.07132512441998218,0.0743993746380407,0.03770216036304408,0.00874705580483437,0.08398772837151713,0.005751537048694022,-0.2922726444322945,-0.2922726444322945,-0.2857142857142857,-0.3076923076923077,0.16119858093646466,-0.43337282363474994,-0.03886190145732127,-2.4360739148441044,0.0752327681327718,0.07875335120643423,-0.08816705336426911,-0.05289256198347114,0.0735785953177257,0.006542056074766434,-0.18439642634531472,,0.01183920704845809,0.025373134328358082,-0.06666666666666676,0.06507420941038489
2007-12-31,0.07058581133261299,0.06508640559957324,-0.14154245803868393,-0.29408896874908286,0.1470633551215128,0.1848543045600557,0.9396132155640822,0.9396132155640822,1.0,1.0,0.4019021167361023,-0.8116478056858957,-0.5972356884992265,1.4380724810832337,0.17058905485065834,-0.09381795588692132,0.18447837150127233,0.2146596858638743,0.09657320872274155,-0.15598885793871864,-0.17437269137689482,,0.0714285714285714,0.17248908296943233,0.023809523809523725,0.5088206018763635
2008-03-31,0.08312278956736718,-0.1709095483398667,0.14941225532358526,0.3647209370546345,0.06523686823650543,0.11579391688173857,-22.787921031319286,-22.787921031319286,-20.9,-23.11111111111111,-0.618411810262537,13.410206623681125,-0.0895308338455234,-2.5779607745947346,-0.22995502650062838,-0.07199177236887222,-6.944146079484425,-7.024425287356323,-0.011363636363636354,-0.15401540154015392,-0.22662758407898786,,-0.01650793650793647,0.0,0.04651162790697683,-0.3924766650291249
2008-06-30,0.05831806198395273,0.09748074504626825,-0.19185931813285861,-0.3101890560736591,0.1311537910541567,0.23533875057555487,-1.0730509271897668,-1.0730509271897668,-1.0678391959798994,-1.065326633165829,2.068628067967275,-1.3901093453263198,0.7046298379837983,-2.4654504047860417,0.4376207861425716,0.13409678611008502,-0.1366100469822913,-0.10732172668733597,0.08333333333333326,0.14694408322496755,0.0,,0.06881859264041323,0.0,0.06666666666666665,0.5909710509899961
2008-09-30,0.0526264423891063,0.0775564857611557,0.07897476331842435,0.10170011360262632,0.04714601168845234,0.03674947153276498,0.14122936529783203,0.14122936529783203,0.11111111111111094,0.1153846153846152,0.11638518883112359,-1.3884689076287424,0.15895252710261865,-0.5896848807554873,0.12490249638902973,0.08631921824104238,-0.14964420259522815,-0.12663638792412502,0.039787798408488007,0.00340136054421758,0.0,,-0.0051944914230490635,0.0,0.0625,-0.021913392001394083
2008-12-31,0.020160076228524115,-0.06046132978684704,0.2403951301778917,0.17424556245963352,-0.02704103628369614,0.06040863173352018,-2.0909848407326734,-2.0909848407326734,-2.0666666666666664,-2.1034482758620694,-2.3509428589798937,2.7367176097569157,0.64072555384703,-3.5213948187020634,-0.2799607150390213,-0.1610194902548726,0.1154319468373124,0.1134903640256959,-0.030612244897959218,-0.1932203389830508,0.0,,-0.04626593806921675,0.0,0.05882352941176472,-0.19987231452199605
2009-03-31,0.03624571735800086,0.06374997096466983,-0.10758410888712311,-0.21056504718841984,0.0755446065222174,-0.0369308640599757,-2.0912556444372985,-2.0912556444372985,-2.09375,-2.09375,-1.43213997967072,0.39830835675355347,-0.5087471146670369,-0.6734874062354321,-0.1269523776394058,-0.1429592566118656,-1.1672550750220654,-1.1692307692307693,0.0736842105263158,-0.11624649859943981,0.0,,0.03794244970715566,-0.2998137802607076,0.0185185185185186,0.34747917091907743
2009-06-30,0.0310168999946161,0.04819283884912595,0.04133262384105496,0.03637909991639199,0.0286782248788906,0.039026333230312016,-0.12308221238557737,-0.12308221238557737,-0.11428571428571421,-0.11428571428571421,0.4547464147202971,-0.2909086822790581,-2.2423203970959706,-0.3736560884331668,-0.09107847814575787,-0.1067556296914095,0.05277044854881252,0.04870129870129869,0.0318627450980391,-0.16798732171156894,-0.26331538001196897,,-0.0023307163886162607,0.05939716312056742,-0.018181818181818188,0.011388517840175139
2009-09-30,0.07011985847082114,0.104895703066064,0.09778567399887206,0.13815518000788196,0.06377059145151875,0.10573341010966075,0.5179402807435152,0.5179402807435152,0.5161290322580645,0.4838709677419355,0.49929430087117344,-1.0079192230196283,-0.981373259963884,-4.2719946581934565,0.32787021409874684,0.20915032679738554,0.22932330827067693,0.22445820433436525,0.061757719714964354,0.17142857142857149,0.11318711075006771,,-0.005901881224640415,0.2217573221757323,0.0,-0.02921954141931271
2009-12-31,0.06041080726271608,0.09836071661905899,0.022110858447554227,0.007615598636158127,0.06948165522417438,0.09480145640355775,0.17249267808961566,0.17249267808961566,0.19148936170212782,0.17391304347826098,0.1561997302112863,-187.11206403659233,34.7587786259542,-1.1719948489155982,-0.04246799675080681,0.037837837837837895,0.9643221202854231,0.9810366624525917,0.06935123042505609,-0.02276422764227648,-0.1826806129895402,,0.008534322820037188,0.978082191780822,0.0,0.09005862717046753
2010-03-31,0.1106471680702783,0.01956796757389978,0.22771776556868617,-0.07127075732001897,0.08414861309523536,0.03970503405222092,-0.0777769910390459,-0.0777769910390459,-0.0892857142857143,-0.07407407407407418,-0.11202548032979687,0.11686584129519839,-1.937089061566049,-0.04617147065441973,-0.04230374206566667,0.11458333333333348,0.02802283341982359,0.02105934907466489,0.08158995815899583,0.043261231281197965,-0.46279761904761907,,-0.02379200392445424,0.02146814404432118,0.0,0.09781391937621442
2010-06-30,0.032179607703325175,0.044605423568490066,0.023919581859735084,0.03037564724549302,0.03429682524956945,0.07764636892830867,-0.33735422833792583,-0.33735422833792583,-0.33333333333333326,-0.33999999999999997,0.09046548392763043,0.13499894100140009,-3.013782263024808,3.2881225067558875,-0.18941666208767782,-0.03871829105473967,-0.044926804644119134,-0.04937499999999995,0.03675048355899424,-0.11164274322169043,-0.1185595567867036,,0.0020100502512561125,-0.05864406779661013,0.0185185185185186,0.013806682997151931
2010-09-30,0.06091073215373055,0.11013300954798821,0.12670621579171293,0.5707631764057262,0.04421517875080405,0.06733849971619299,0.8097674957515835,0.8097674957515835,0.7941176470588234,0.8181818181818181,0.22957078102196826,-4.812975304752442,-1.047285602778312,-10.884949334293632,2.3099094445119728,-0.0708333333333333,0.016913319238900604,0.00920447074293218,0.020522388059701413,-0.10412926391382404,-0.08076681332495284,,-0.015672016048144388,0.005041411595246625,0.0,-0.29325194510919206
2010-12-31,0.5526844750348574,-0.04458501626858802,1.9681268254942808,0.4394516436167637,0.1629088321225476,0.17753548742955538,-0.2546105117890386,-0.2546105117890386,-0.2786885245901639,-0.25,-0.4632788345647959,-2.8460455029656506,290.2653110047847,-1.7492786042339088,-0.5229042526708298,0.09977578475336313,-0.12058212058212059,-0.20586319218241045,0.17733089579524686,0.07815631262525047,0.021538461538461506,,-0.2510508215513948,-0.13006091006807607,-0.09090909090909094,-0.3362668280634027
2011-03-31,-0.032701552751150054,-0.03451810520310028,-0.051695367184081076,-0.05749629571498771,-0.01940750735339214,0.05000802472361365,0.21960995767463398,0.21960995767463398,0.25,0.19999999999999996,0.3437965290829652,-1.094895733200389,-1.3506627164598612,-1.0917468736008946,0.10055597989235654,-0.06727828746177367,-0.02777777777777768,-0.09680065627563572,-0.015527950310559091,-0.20817843866171004,-0.022757697456492587,,0.01377551020408152,-0.062191103789126734,-0.040000000000000036,0.024374014195583715
2011-06-30,0.021053491275658143,0.03120325854700856,0.02305072025935595,0.0753410603674125,0.02161749836694571,0.051430709307275224,0.0931491842403851,0.0931491842403851,0.09090909090909083,0.09259259259259256,0.6751879972390744,-1.3851035113307355,-0.5376761421129559,0.1853912736265677,0.10830724038865047,0.061202185792349706,0.08449848024316098,0.0172570390554041,0.029968454258675115,0.07746478873239449,0.03904109589041105,,0.0005032712632109249,0.050065876152832534,-0.02083333333333337,-0.04104414772043796
2011-09-30,-0.028702264741442884,-0.05124274882033908,0.024918632934706197,0.08029895487470107,-0.06499038231687493,0.056274959747455,0.3349558694049348,0.3349558694049348,0.3833333333333333,0.3728813559322035,0.30565199759720163,-2.342764007047097,1.9031609239078118,-0.0879777959913568,0.08912565441213949,0.008925506350841106,0.06838565022421528,0.0017857142857142794,-0.03369065849923436,-0.019607843137254832,-0.11140408701384308,,-0.037391012743125396,0.009619406106231798,-0.02127659574468077,-0.12175418349682632
2011-12-31,0.02486943961589283,0.061103793158586495,0.08060717404474294,0.3140163726003833,-0.016478415154796755,0.027333751021214825,0.09785942560538796,0.09785942560538796,0.10843373493975905,0.1358024691358024,-0.21901294525257697,-0.5390843711629538,-0.20199538238430215,-0.5606230809555905,0.03595522269150786,0.08540319836679133,0.20304302203567692,0.18449197860962574,-0.004754358161648042,0.12444444444444436,-0.010014836795252169,,-0.0404110782093714,0.1271748135874069,0.06521739130434767,-0.19248128892189909
2012-03-31,0.034142721651504004,-0.07313038035020014,-0.04971152966616321,-0.29354949310766687,0.10248865942391117,-0.008263123911030235,-0.019407351691396957,-0.019407351691396957,0.0,-0.021739130434782594,-0.33962127721113033,-1.0969219996346586,-0.3217757367011098,-0.975192525218092,0.0008610008045328854,0.13699059561128535,0.10074138682948108,0.09631301730624542,0.09872611464968162,0.14229249011857714,-0.04983139752716381,,0.06625521873298257,0.0779125321572951,0.020408163265306145,0.31201358426489323
2012-06-30,0.0032537205223386323,0.010890556131644358,0.03591697073881339,0.28036591127607524,-0.019693408003890966,0.07341308486375442,-0.08508306831001877,-0.08508306831001877,-0.08695652173913049,-0.08888888888888902,1.0510598419415298,52.966389194283025,-0.08972544214616218,-0.11680199875078079,0.000759780018430245,-0.042183622828784184,0.06180665610142633,0.051475634866163356,0.0014492753623187582,-0.12975778546712802,-0.14905362776025244,,-0.02298263534218603,0.022502557108762256,0.020000000000000018,-0.21047238999137197
2012-09-30,0.11825407199760107,0.3204007341349715,0.3293870765799891,-0.02987878770474861,-0.038488909417679795,0.03840238695195364,0.15456225688877523,0.15456225688877523,0.1785714285714286,0.18292682926829262,-0.08814381110739511,0.24613217541122911,-3.6521848477549343,602.2920792079208,0.45802127164923734,0.011226252158894612,0.02761194029850733,-0.011749347258485643,-0.02026049204052105,0.00994035785288272,-0.05607043558850777,,-0.14009409304756926,0.0,-0.019607843137254943,0.3610750631787447
2012-12-31,0.010808930135663086,0.02747959445706738,0.02716306495261911,0.2508131004825691,-0.005977436456025886,0.019840746985557933,-0.3796725253739789,-0.3796725253739789,-0.36363636363636365,-0.3711340206185567,-0.15559454707939524,0.8110426553566759,-1.5409378242978473,-1.7328331701941844,-0.23021144275858818,0.0959294050668944,-0.0984023238925199,-0.12681638044914134,0.004431314623338345,0.12007874015748032,0.04712812960235624,,-0.016616008105369784,-0.11837279093031006,0.0,-0.17854723372224324
2013-03-31,-0.024007043961526198,-0.041882730523080114,-0.02345079065849276,-0.06865021727747922,-0.024597034279064234,0.011876386096544955,0.462858445926686,0.462858445926686,0.46031746031746046,0.459016393442623,-0.25100583004174215,-0.6756700991043852,0.697208519127545,-0.04854378250235547,-0.2845343948273693,0.2774025974025973,0.011276681433749491,-0.03555219364599105,-0.020588235294117574,0.2706502636203867,0.3975621190811065,,-0.0006181743251597593,-0.044629349470499347,0.0,0.028742478389688353
2013-06-30,0.0446274208476678,0.11226164205284905,0.11162727611813783,0.43253716173294365,-0.02651951605934033,0.09176566980745604,0.24214081579631075,0.24214081579631075,0.24999999999999978,0.24719101123595522,1.0059896542335967,0.09502982107355873,-0.6921734070410241,-1.4147612642905179,0.16495052152982081,0.2320048800325336,0.10314615690959794,0.040000000000000036,-0.013513513513513487,0.2586445366528354,0.23549144582354908,,-0.06804123711340204,0.034837688044339066,0.020000000000000018,-0.2235748218527316
2013-09-30,0.13920442672417388,0.2967729901137848,0.17963578684074055,-0.13915125715045895,0.09017772928187018,0.047154471544715415,-0.22087429408073622,-0.22087429408073622,-0.21739130434782605,-0.21621621621621634,-0.22489142236699244,2.3278867102396514,-5.7386578449905485,1.7592217267936765,0.39069046662457674,0.13137481432579623,-0.04043321299639002,-0.07315233785822017,0.08828006088280071,0.14615384615384608,0.03991311430898725,,-0.04314159292035402,-0.07306809487375687,0.0,0.5063862332695983
2013-12-31,-0.01840913926818355,-0.01264515116644005,0.006968866363260329,0.002163498686447163,-0.05170746602880549,0.04867415193502156,-0.42442953020134233,-0.42442953020134233,-0.4111111111111111,-0.4252873563218391,-0.03572053931010333,-1.9981451172940534,-1.6556297995412388,0.19200822682532692,0.33487412298803143,0.15200583515681987,-0.02784048156508634,-0.06427990235964187,-0.03776223776223786,0.05848513902205177,0.185117493472585,,-0.03398843930635831,-0.07841518778373913,0.019607843137254832,-0.014774573517465472
2014-03-31,-0.05035804517797615,-0.08059068935832059,0.05541645802036399,0.24651760472886153,-0.19773162310595893,-0.014750270516544206,0.30457089552238803,0.30457089552238803,0.3018867924528301,0.32000000000000006,0.011621572544034953,-1.2405990380411018,0.777456647398844,-2.032536356913976,-0.25902794954241903,-0.006964670127896588,-0.026315789473684292,-0.09478260869565225,-0.18604651162790697,0.03260869565217406,0.025335977087464157,,-0.15509813307802778,-0.10927004030452314,0.0,-0.26240659623808305
2014-06-30,0.22806092329489558,0.16781907231345428,0.30787479166413223,-0.3849325800997897,0.08176871961824905,0.08248554913294792,1.1372899535216305,1.1372899535216305,0.0869565217391306,0.09090909090909083,-0.07431340872374803,3.47887323943662,-2.094137783483098,-1.9822153258534256,0.343361428690645,-0.016704922213720996,0.11804451510333869,0.01729106628242061,0.08392857142857157,0.20789473684210513,0.05522131499785132,,-0.11926345609065148,0.046757164404223284,-0.019230769230769273,0.8986585621463006
2014-09-30,0.051365538812580436,0.08993462439866784,-0.010762190017301387,-0.06308661839635288,0.18904211242347402,0.058471725316388,-0.14938106390097028,-0.14938106390097028,-0.1466666666666666,-0.1527777777777778,0.7469458987783595,-0.8385067965104483,-1.1375831052014078,-0.36444282415846396,0.16244758502873125,0.1632732460121904,0.0995378599360115,0.04060434372049104,0.18945634266886313,0.07334785766158314,0.05273874974546944,,0.13123190736571244,0.047070124879923236,0.0,0.16332726168791734
2014-12-31,0.05711045948071414,0.09919534636321448,0.016963017987945417,0.5114132379248659,0.131128215796408,0.05211381293512263,0.2072763028515241,0.2072763028515241,0.1875,0.19672131147540983,-0.07581307581307584,-0.5420854271356783,0.9982944855031268,-0.27514340344168264,0.10129592518370067,0.13154960981047936,0.19592628516003874,0.1696914700544463,0.12880886426592797,-0.048714479025710355,0.027852998065764023,,0.0699459766846744,0.19587155963302738,-0.03921568627450989,-0.27274308850509266
2015-03-31,0.00809683911857495,-0.004859666824537201,-0.009209175889711818,-0.0070542562257361885,0.03678273663560572,-0.0022536561975545766,0.1710376282782211,0.1710376282782211,0.18421052631578938,0.17808219178082196,0.028705260629353857,-5.636488340192044,1.5834992887624466,-0.3508309153257716,0.0597098214285714,0.1749753694581282,0.10327115436604495,0.13266097750193961,0.0466257668711656,0.04054054054054057,-0.060971019947309024,,0.028434759500398643,0.16647487533563488,-0.020408163265306145,0.0022182110780071262
2015-06-30,0.015171190755413066,0.022565025761996482,0.06608061069272186,0.4110999856958948,-0.06547126300851469,0.09467512495194152,-0.5045207956600362,-0.5045207956600362,-0.5,-0.5,-0.6679509632224168,-1.290828402366864,-0.9524281466798811,-0.33726127590410404,0.03734230830872076,-0.04444071775951708,-0.15143347218818926,-0.12739726027397247,-0.06213364595545123,-0.08680792891319211,-0.21783567134268533,,-0.07958656330749347,-0.14238737257481093,0.02083333333333326,-0.27533904741239024
2015-09-30,0.5423003882630721,0.02720696109677756,0.925252542936676,0.062307822267274826,-0.14970183014600036,0.02471683203090702,-1.0957327344188659,-1.0957327344188659,-1.0888888888888888,-1.0930232558139534,0.0017580872011251358,61.43641912512716,-171.1087962962963,8.109135499693439,0.32791118566257604,0.025359775359775405,-0.23505630955818646,-0.35007849293563587,-0.14500000000000002,0.09356287425149712,0.1383551114527286,,-0.4486243683323976,-0.2772239263803681,-0.10204081632653061,-0.03305785123966942
2015-12-31,-0.011538517749879462,-0.07402190615026993,-0.039070279216321,-0.37373962276153827,0.10110687377918337,0.09819630692772385,-17.451612903225808,-17.451612903225808,-18.75,-17.5,2.713934713934714,-0.9411486761710794,-1.246696694653476,-1.7647573534360907,-0.18884733649131558,0.001540436456996197,-0.007927519818799689,-0.13647342995169087,0.10672514619883056,0.17111567419575624,0.3304073823992797,,0.11405295315682284,-0.08169761273209553,-0.06818181818181823,0.4786015112102069
2016-03-31,-0.0402722023849128,-0.1079577487261858,-0.01160666969490498,-0.06856620447965867,-0.1426254434870755,-0.02016931299496738,0.42727272727272725,0.42727272727272725,0.45070422535211274,0.5,-0.07863150930913898,-0.694905869324474,-0.2720503061393348,-0.617320894208766,-0.08909288363420287,-0.09151499615483216,0.12937595129375956,-0.04055944055944061,-0.13474240422721273,-0.17942723553477502,-0.05836575875486383,,-0.106489945155393,0.004043905257076874,-0.04878048780487798,-0.04228537918612696
2016-06-30,0.023035830518527645,0.09336990221798236,0.005940897405824153,0.08348328698402319,0.09340269567273585,0.09663162924032487,-0.2529037092544024,-0.2529037092544024,-0.2524271844660194,-0.24242424242424243,-0.03990152836188332,-0.3157894736842105,-0.8311737516102145,-2.421803127874885,0.13906197278146437,-0.029721595184349137,0.184299191374663,0.04956268221574356,0.09312977099236641,0.1217948717948718,-0.09144807761408547,,0.06854219948849094,0.09033371691599545,-0.02564102564102566,0.009119139258222386
2016-09-30,0.007217077027332319,0.04434507579888747,0.004292539927283734,0.33336688475088083,0.018292243367935335,0.08296118796064333,-0.7134737545971247,-0.7134737545971247,-0.7142857142857143,-0.72,-0.22809829059829057,0.4907161803713529,-0.3011669658886894,-0.2576835975412488,0.09062543199636619,0.047692904226444455,0.09274537695590324,0.11388888888888893,0.018156424581005526,-0.04190476190476189,-0.094324698437809,,0.011010052656773572,0.040105540897097613,0.07894736842105265,-0.2167515440459421
2016-12-31,0.04978376822645103,0.13491582772881072,0.01814399575423864,0.11693213557786675,0.1679556837690035,-0.0007710875687273466,1.5023337222870476,1.5023337222870476,1.5,1.5714285714285716,0.8586851211072664,5.265124555160142,-1.3378291586384072,0.41054696012203085,0.11720928548147613,0.035991857883049594,-0.08982035928143706,-0.07107231920199497,0.1632373113854595,0.017892644135188762,-0.0633187772925764,,0.11268939393939381,-0.09690512430238463,0.024390243902439046,0.016075035276540417
2017-03-31,0.02614863132708578,0.06896710374971238,-0.01444176056370805,-0.11158421194917545,0.1583046686769809,-0.006878040597215196,1.1939846117976218,1.1939846117976218,1.1999999999999997,1.148148148148148,-0.36480750614342095,1.357284862255041,-3.0722433460076046,-2.3857562181368763,-0.1453670237767225,0.06591051174421714,-0.03775743707093837,0.0416107382550337,0.15448113207547154,-0.083984375,0.11724941724941718,,0.12851063829787246,0.02921348314606753,0.0,0.2032458337871692
2017-06-30,0.0515614156835531,0.1307566497374537,0.0323479410653571,0.2324077596044123,0.10478806907378346,0.10405405405405399,0.1275239107332624,0.1275239107332624,0.12396694214876036,0.1293103448275863,0.8944900351699883,-1.0271084337349397,1.8899082568807342,-2.5462653288740245,0.2630381187179973,0.04239631336405525,0.09185493460166483,0.17654639175257736,0.10214504596527063,-0.09665955934612647,-0.024201961193407007,,0.05090497737556565,0.16539301310043664,0.023809523809523725,-0.08248845840499697
2017-09-30,0.0471853758331684,0.12538063337393424,0.001143589039842574,0.24969135802469133,0.16637063351095316,0.005813953488372103,-0.06880301602262018,-0.06880301602262018,-0.07352941176470595,-0.07633587786259544,-0.3267326732673267,-53.75555555555555,-1.4190476190476191,-1.8284066330209083,-0.17252252252252254,0.09717868338557989,0.14429621562755246,0.25958378970427165,0.15940685820203893,-0.004720692368214041,-0.09364977549711362,,0.1137423753139577,0.2814988290398128,-0.023255813953488413,-0.09947463187233296
2017-12-31,-0.05025838164860097,0.007373334235270201,0.060952206890249494,-0.2622869844406026,-0.2973604060913706,0.06114998478856104,-1.0506072874493928,-1.0506072874493928,-1.0555555555555556,-1.0578512396694215,0.552389705882353,-1.4625105307497894,-10.787878787878787,-2.307223672758921,0.27254581745599715,-0.11457875457875455,-0.14846538187009284,-0.1547826086956523,-0.26458832933653087,-0.23636363636363633,-0.3243689549422033,,-0.26030927835051554,-0.17361111111111116,0.023809523809523725,0.3655436866611885
2018-03-31,0.14647821903719183,-0.47139403706688154,0.26546080964685626,0.04285236022765315,-0.25270914607715644,0.014334862385321001,-17.92,-17.92,-17.14285714285714,-16.714285714285715,-1.192421551213736,-6.1530054644808745,-2.3591331269349842,-3.792276964047936,-0.5980322258662484,-0.1935297037895085,0.046381670857781554,-0.07613168724279828,-0.2239130434782608,0.09627329192546585,-0.0572625698324023,,-0.34799651567944245,-0.07341884122069886,0.0,-0.4931201861360719
2018-06-30,-0.03217965042250259,-0.12944613821138207,0.021440239586169252,0.44526484751203843,-0.3368136117556071,0.07801017524024867,0.23522458628841614,0.23522458628841614,0.2920353982300885,0.2999999999999998,-4.781538461538462,-0.9773771650759986,-2.3661731207289294,-0.6862184072484502,-0.46683221000354735,-0.14291576895455005,0.19092122830440594,-0.03006681514476628,-0.3165266106442577,0.10481586402266285,-0.12851851851851848,,-0.31462925851703405,-0.043914081145584705,0.023255813953488413,-0.39764947964069486
2018-09-30,0.023053462504485145,0.14212753538596234,-0.02195642033717593,-0.1819191470457574,0.4169096209912537,0.020450970110120537,0.03540669856459333,0.03540669856459333,0.0547945205479452,0.04895104895104896,0.565500406834825,-0.7578125,-0.6194247603167986,-1.7424012158054711,0.6500332667997339,0.03806559731864967,0.28609865470852025,0.013777267508610969,0.4241803278688525,0.518803418803419,0.004249893752656053,,0.38401559454191014,-0.00948577134298556,0.022727272727272707,0.3961371698856917
2018-12-31,0.03697208826538079,0.15842596141561271,-0.001226366888093966,0.10154765137116484,0.2676954732510288,0.03725590955806779,-0.008317929759704246,-0.008317929759704246,0.0,0.0,0.21777546777546775,18.387096774193548,-1.0175246440306682,0.7952917093142273,0.707258064516129,-0.12776752767527677,0.4377615062761506,0.33069082672706673,0.2618705035971223,-0.3877321328081035,-0.19170545916208204,,0.22253521126760578,0.33467741935483875,-0.022222222222222254,0.05161867118388863
2019-03-31,0.06085118376550169,0.2110951803242529,0.005286674170333239,-0.025141730342617685,0.32527187144944003,-0.0029725043349021485,0.439888164026095,0.439888164026095,0.4285714285714286,0.42666666666666675,-0.37003841229193346,-0.5091514143094842,0.625,-0.3164196123147093,0.2831837505904582,0.04375991538868318,0.01758215108524297,0.1472340425531915,0.3204104903078677,-0.17279411764705888,-0.2523560209424085,,0.24942396313364057,0.13632930513595176,0.022727272727272707,0.2423374647635239
2019-06-30,0.041021281117989306,0.1549949913486932,-0.01160344710592387,-0.06826801517067005,0.23098591549295766,0.0931677018633541,0.016828478964401317,0.016828478964401317,0.009090909090909038,0.009345794392523477,0.46815718157181574,-0.8542372881355932,-14.346153846153847,0.4854045037531276,0.3278115221792748,0.20924635845471817,-0.14072926596758817,0.06750741839762608,0.2245250431778929,-0.08444444444444443,0.017507002801120386,,0.18257261410788383,0.07111997341309406,0.0,0.23961822438321634
