Quarter end,Assets,Current Assets,Liabilities,Current Liabilities,Shareholders equity,Revenue,Earnings,Earnings available for common stockholders,EPS basic,EPS diluted,Cash from operating activities,Cash from investing activities,Cash from financing activities,Cash change during period,Cash at end of period,Price,ROE,ROA,Book value of equity per share,P/B ratio,P/E ratio,Cumulative dividends per share,Equity to assets ratio,Net margin,Asset turnover,Current ratio
1994-04-01,0.03847400842969839,0.06070954880828516,0.1399087732757398,0.23872422680412364,-0.034399300271983346,0.17168709813381633,1.6407606448945846,1.6407606448945846,1.666666666666667,1.666666666666667,0.5265251989389921,0.4572573463935885,0.16030972182391734,-1.7761806981519506,-0.06229400131839158,-0.14720812182741116,-0.1488673139158576,0.7222222222222221,-0.014285714285714346,0.19166666666666665,0.3903240958196337,1.1817388458601505,-0.07011514005842923,-0.14432989690721654,-0.0119760479041916,-0.14371995562677187
1994-07-01,0.03847400842969839,0.06070954880828516,0.1399087732757398,0.23872422680412364,-0.034399300271983346,0.17168709813381633,1.6407606448945846,1.6407606448945846,1.666666666666667,1.666666666666667,0.5265251989389921,0.4572573463935885,0.16030972182391734,-1.7761806981519506,-0.06229400131839158,-0.14720812182741116,-0.1488673139158576,0.7222222222222221,-0.014285714285714346,0.19166666666666665,0.3903240958196337,1.1817388458601505,-0.07011514005842923,-0.14432989690721654,-0.0119760479041916,-0.14371995562677187
1994-09-30,0.02229764434552295,0.015828684811500793,0.0643311216614606,0.08872821846553958,-0.013351532448194536,0.014733345579230894,-1.0405447714464622,-1.0405447714464622,-1.03125,-1.03125,-10.160729800173762,0.900702719217843,-1.9616905585763718,-2.142857142857143,0.07592267135325126,0.17261904761904767,-0.1488673139158576,0.7222222222222221,-0.014492753623188248,0.19166666666666665,0.3903240958196337,0.5,-0.03492884864165591,-0.14432989690721654,-0.0119760479041916,-0.06693536778465525
1994-12-31,-0.029337878175889398,-0.0837110909640375,-0.026441134625033502,-0.04661073633114832,-0.03198807757124533,-0.12280040126413283,8.386100386100386,8.386100386100386,11.0,11.0,-0.3467374810318664,0.018807265712907917,-0.48265227447956827,-4.386574074074074,-0.23897419144070564,-0.23350253807106602,-0.1488673139158576,0.7222222222222221,-0.02941176470588236,-0.22377622377622364,0.3903240958196337,0.3333333333333335,-0.002680965147452974,-0.14432989690721654,-0.0119760479041916,-0.03895402653502
1995-03-31,-0.005724203026520103,-0.03077739880301178,-0.007102212558067311,-0.014462395766516978,-0.004456252720198006,0.014299226139294907,-1.4701768819415877,-1.4701768819415877,-1.5,-1.5,0.6129500580720093,-0.5544335752603344,1.9617486338797816,-2.588516746411483,0.498819489160764,0.0927152317880795,-0.1488673139158576,0.7222222222222221,-0.015151515151515138,0.12612612612612595,0.3903240958196337,0.25,0.0013440860215052641,-0.14432989690721654,-0.0119760479041916,-0.016534232281884553
1995-06-30,0.04263767672127794,0.07742808293079695,0.061817406143344744,0.07544771338207923,0.025036703533326765,0.09339369124216912,3.936132983377078,3.936132983377078,3.833333333333333,3.833333333333333,-0.8303330333033303,0.488314447592068,-1.3384770211338477,-1.1290877796901893,-0.04296147787483895,0.12121212121212133,-0.1488673139158576,0.7222222222222221,0.030769230769230882,0.14000000000000012,0.3903240958196337,0.19999999999999996,-0.016874400767018072,-0.14432989690721654,-0.0119760479041916,0.0017954786582876636
1995-09-29,-0.025422124754426845,-0.05862958826021647,-0.03242396239302503,-0.049871397231258,-0.018766073383749693,-0.06567684912389515,-0.7224388514711095,-0.7224388514711095,-0.7241379310344827,-0.7241379310344827,6.412201591511936,-0.3944801332381632,-5.704658077304262,-7.443333333333333,0.28924135867125544,0.0,0.45627376425855504,0.7222222222222221,-0.014925373134328401,-0.03157894736842115,0.13637387387387379,0.0,0.006826604251999102,0.4698795180722892,-0.018181818181818077,-0.009205702647657965
1995-12-31,-0.018269733052947434,-0.024786422703021227,-0.0345624671262077,-0.033609347319811356,-0.0029971974257836376,-0.018272494170559872,0.1500638569604087,0.1500638569604087,0.125,0.125,0.43129115373604354,-0.07701375245579567,0.5704655571940174,0.4169684428349716,0.3178969359331476,-0.07567567567567579,0.7154046997389032,0.7222222222222221,0.0,-0.061594202898550665,-0.3440689723516004,0.16666666666666674,0.01549786904300654,0.7131147540983604,0.006172839506172645,0.009126788357178173
1996-03-29,0.034640834981922275,0.10618837843507456,0.05785029176045531,0.07977260790311114,0.013573482906261036,0.02739482870836052,1.1365907828983897,1.1365907828983897,1.2222222222222223,1.2222222222222223,-1.2926292629262925,-1.2945934440187314,-1.192823608316566,-1.8342460752099305,-0.2012329370321444,-0.04678362573099415,0.26179604261796063,0.25513196480938416,0.0,-0.04633204633204624,-0.4316361988215742,0.1428571428571428,-0.020412056466997397,0.2583732057416268,0.0,0.024525380917461037
1996-06-28,-0.01207571801566576,-0.01134794811499662,-0.056577306733167076,-0.0895304586683453,0.0300832006573879,0.10760358047849405,0.5932952182952183,0.5932952182952183,0.5499999999999998,0.5499999999999998,-3.073820915926179,-0.8627167630057804,-5.002086956521739,-1.3172866520787747,0.07993384785005508,0.08588957055214741,0.03136308805790122,0.04439252336448596,0.030303030303030276,0.08502024291497978,-0.1446039340776183,0.125,0.04264849074975663,0.026615969581748944,0.01840490797546024,0.08581199300143139
1996-09-27,0.021156393802578055,0.06653674405757526,0.031554601024285533,0.04480410643201349,0.012134318870205885,0.018294992832047052,-0.15217745881585387,-0.15217745881585387,-0.12903225806451601,-0.12903225806451601,-0.1540870138431114,-3.6,-0.7147575178167913,8.292413793103448,0.6877998979070954,0.0,0.2561403508771929,0.2639821029082776,0.014705882352941124,-0.02985074626865669,-0.029210689869484163,0.11111111111111116,-0.008778483376914559,0.22962962962962963,0.024096385542168752,0.020801289093971942
1996-12-31,0.006398420982115072,-0.025085248118786208,-0.006635935715678332,-0.009855921072420504,0.017924766473112808,-0.018848931358961263,0.16410157752981913,0.16410157752981913,0.14814814814814814,0.14814814814814814,0.6688096629651277,27.31578947368421,0.1480804387568555,-0.05447528573549054,0.38531333172030013,0.02824858757062154,0.22811918063314707,0.23539823008849559,0.02898550724637694,0.01538461538461533,-0.1965428937259922,0.09999999999999987,0.011494252873563315,0.21084337349397586,0.01764705882352935,-0.015354810934921304
1997-03-28,0.013264235918317047,0.05599952774149752,0.0031123167833786436,-0.005022581363792855,0.022025019357336362,-0.03631808246472279,-0.13617583870434635,-0.13617583870434635,-0.12903225806451601,-0.12903225806451601,-1.2063390147093158,-1.0416070917929654,-0.6549893842887473,-1.7133437990580846,-0.19841061915989866,0.15934065934065922,0.04321455648218353,0.057306590257879764,0.014084507042253502,0.125,-0.07450199203187258,0.09090909090909083,0.008569299552906084,0.04975124378109452,0.011560693641618602,0.06135684617066217
1997-06-27,0.000730638090599145,-0.0557970204321212,-0.02013235222182619,-0.02502595208532643,0.018401567299781707,0.09434428063353928,0.3927683183470443,0.3927683183470443,0.37037037037037024,0.37037037037037024,-2.4582743988684586,-38.84879725085911,2.3023076923076924,1.234154929577465,-0.5530014162762829,0.04739336492891,0.03270348837209314,0.039295392953929476,0.0277777777777779,0.03367003367003352,-0.01592767972449427,0.08333333333333348,0.017731806427779828,0.035545023696682554,0.0,-0.03158256093374512
1997-09-26,0.12583417658285412,0.10418655595272464,0.24951862047324957,0.3658075762795019,0.025037486487428984,0.03156855833627081,-0.1171703296703297,-0.1171703296703297,-0.108108108108108,-0.1351351351351351,-0.29679922405431625,2.106954784819321,-8.010948054973213,-0.9510441292356187,-0.060565439922008246,0.0678733031674208,0.030260380014074606,0.014341590612776844,0.027027027027026973,0.039087947882736174,0.01531058617672798,0.0769230769230771,-0.08965517241379306,0.03432494279176179,-0.017142857142857126,-0.19156327543424312
1997-12-31,-0.0016098754195347231,0.001621973043076208,-0.020187203926716468,-0.03524835107724522,0.016845268469694474,0.073663277021486,-0.13303251906021474,-0.13303251906021474,-0.12121212121212133,-0.15625,2.3972413793103446,-0.9334307422559907,-1.0929297627749353,-15.567404426559357,0.9391620184200284,0.05508474576271194,-0.03893442622950827,-0.050128534704370176,0.05263157894736836,0.028213166144200663,0.013787160706592028,0.0714285714285714,0.01854066985645919,-0.05752212389380529,0.005813953488372103,0.03823555204770668
1998-03-27,0.06882346573071163,0.10338389887783306,0.1316398035800621,0.17634337048743975,0.008692936919053595,-0.0324364923268855,0.05814788226848533,0.05814788226848533,0.034482758620689724,0.11111111111111094,-0.2462038164839626,4.708955223880597,-2.867000357525921,-0.7928176795580111,0.10034115994380888,-0.04417670682730934,0.009950248756219082,-0.020297699594045815,-0.025000000000000022,-0.09451219512195108,-0.013174670633234298,0.06666666666666665,-0.05617537678606377,-0.011737089201877993,-0.005780346820809301,-0.06199847960131766
1998-06-26,0.04299361359589726,0.08735968173300268,0.055756876956020385,-0.06557299769009572,0.02928689883913771,0.1415884376788521,0.3353120759837178,0.3353120759837178,0.3666666666666667,0.30000000000000004,-1.522783582893461,-0.6885813148788927,0.47319034852546915,-1.8066666666666666,-0.07356070277828441,0.050420168067226934,0.0035186488388458947,-0.0303867403314918,0.025641025641025772,0.08080808080808066,0.025409130060292773,0.0625,-0.01327250103691413,-0.026128266033254133,-0.005813953488372103,0.16361999099504732
1998-09-25,0.0009430056580339574,-0.0675188791843746,-0.00808370387705748,-0.013138359975207958,0.010886260862092989,0.018976108428319538,-0.0049536390194334645,-0.0049536390194334645,-0.024390243902438935,0.0,-5.432103853286627,3.569876543209877,-1.754582087612115,1.3173553719008266,-0.18400157490648994,0.02400000000000002,0.037868162692846985,0.02564102564102555,0.012499999999999956,-0.0031152647975076775,0.007979840403191885,0.0588235294117645,0.010088272383354413,0.004878048780487809,0.023391812865497075,-0.05509982974771721
1998-12-31,-0.000594887035292424,-0.002296760610555504,-0.033650206934518256,-0.0927036244531918,0.03513348386239867,0.029373342306322048,0.10875670155731432,0.10875670155731432,0.125,0.10256410256410242,0.12376214607838576,-0.6309703911821916,1.3405684754521965,-2.3388017118402282,0.3018898271009247,0.03515625,0.09121621621621623,0.08611111111111125,0.07407407407407396,0.021874999999999867,-0.018333333333333424,0.05555555555555558,0.035580524344569264,0.0752427184466018,0.011428571428571344,0.09967239967239983
1999-04-02,0.04337085311083744,0.076788883027193,0.02530518819938954,0.036237191818862424,0.06159989324464421,-0.0401766829102137,0.42355514621229573,0.42355514621229573,0.4222222222222223,0.4186046511627908,-0.35778412146787475,-0.5308931185944363,-0.3866931625818797,0.06180074587107076,0.24621656680462034,0.23396226415094334,0.1727554179566564,0.1879795396419437,0.02298850574712641,0.14984709480122316,0.10314091680814941,0.05263157894736836,0.01748040988547306,0.17381489841986464,0.011299435028248705,0.039100320250242016
1999-07-02,0.029893613114111872,0.03905532327118255,0.024209351358055242,0.006074305377546718,0.020286211564494394,0.06672276026283863,-0.15438738374443994,-0.15438738374443994,-0.15625,-0.16393442622950816,-1.0512143271274883,-0.6142322097378277,-0.9761190447617905,-1.559458103361766,-0.11053283767038413,0.07339449541284404,0.0374868004223865,0.05059203444564053,0.011235955056179803,0.0478723404255319,-0.1096575606002308,0.04999999999999982,-0.009281200631911402,0.050000000000000044,0.0,0.032755160550458795
1999-10-01,0.011599433223020927,-0.005245617043165174,-0.00321619723426414,0.004709660981616848,0.026663697189105218,-0.002232178788935668,0.08827467482785001,0.08827467482785001,-0.462962962962963,-0.4509803921568627,-29.9748427672956,6.631877022653722,61.50753768844221,-1.52152466367713,0.0648091390359431,0.09401709401709413,0.05241730279898227,0.06762295081967218,0.03333333333333344,0.08375634517766484,0.02636127917026787,0.04761904761904767,0.014949172812437572,0.07692307692307687,-0.011173184357541888,-0.00985495176625717
1999-12-31,0.11939516290131924,-0.05316369786644981,0.19604841805521134,0.08051117719836176,0.046477709622778196,-0.015783897735400565,-0.019509622989717923,-0.019509622989717923,0.0,-0.0357142857142857,0.14095940959409603,5.677197074101558,-4.003537261837769,-0.4350816852966466,0.03438350429139625,0.15625000000000022,0.018858800773694284,0.0057581573896352545,0.10752688172043001,0.1170960187353629,0.06315789473684208,0.045454545454545414,-0.06520031421838168,0.056122448979591955,-0.04519774011299438,-0.1237120628022711
2000-03-31,0.018261369791688464,0.016184727760932605,0.04589739006077931,0.1539883932635413,-0.01235373765618586,0.04708929371523496,0.051537151564040595,0.051537151564040595,0.034482758620689724,0.07407407407407396,-0.10531922989118025,-0.8313117200647763,-1.4801531008270656,-8.686453576864537,-0.25550215026562106,-0.20270270270270274,-0.03322259136212624,-0.05534351145038163,-0.04854368932038844,-0.27882599580712786,-0.24198019801980197,0.04347826086956519,-0.030042016806722804,-0.03542673107890504,-0.023668639053254448,-0.11942089265717482
2000-06-30,0.01223082696225175,0.03253689231251533,-0.0024083936402869988,-0.02263034635769756,0.029428576532161577,0.0429521165567337,0.05480736447323564,0.05480736447323564,0.06666666666666665,0.06896551724137945,-0.07969720166709193,-0.374964705882353,-0.9365070516751213,-3.7445544554455448,0.9418960244648318,-0.12994350282485878,0.020127638684339866,0.004040404040404066,0.020408163265306145,-0.08720930232558133,-0.1180773249738768,0.08333333333333348,0.01711067792939147,0.023372287145241977,-0.018181818181818077,0.056408393132891366
2000-09-29,-0.05656541789561165,-0.08550206029060936,-0.08171315315034677,0.06508689182031424,-0.029775899914108006,-8.005483756368115e-05,-1.099878787878788,-1.099878787878788,-1.09375,-1.096774193548387,0.28465804066543443,-0.07182653214877277,26.926251097453907,-1.7339105339105338,-0.3559755030621172,-0.045454545454545525,-0.2762271414821944,-0.2847082494969819,-0.020000000000000018,-0.06369426751592366,-0.09123222748815163,0.03846153846153855,0.028321976149914718,-0.2838499184339315,0.0,-0.1413585554600172
2000-12-31,-0.0162663062487316,-0.03642022884923224,-0.07760316841087578,-0.11705642057900656,0.04914646469162731,0.022697363483064503,-9.647249190938512,-9.647249190938512,-10.666666666666666,-10.000000000000002,0.07212230215827331,-0.38984425697598957,-0.28087273641851107,-1.3116397955171057,0.17225452371895877,0.14965986394557818,-0.02194148936170215,-0.00421940928270037,0.0714285714285714,0.17346938775510212,0.5736636245110822,0.03703703703703698,0.06647338993580454,-0.038724373576309756,0.03703703703703698,0.09132785900260365
2001-03-30,0.06518857323454008,0.1245331544912538,0.04925825299847841,0.061674422347087976,0.07385893884508854,0.2551288512253955,0.13650823353293418,0.13650823353293418,0.10344827586206917,0.11111111111111094,-0.7145780909243415,2.056367987237437,-1.0082626562909853,-1.8829652996845425,-0.12974551522736755,0.0976331360946745,-0.018354860639021142,0.012711864406779627,0.028571428571428692,0.02318840579710124,0.09776304888152443,0.03571428571428559,0.008155339805825168,-0.06398104265402849,0.08333333333333348,0.05918517159111758
2001-06-29,0.3107797928848999,0.11603845333129059,0.6092261722207131,0.9946127223120453,0.0546707886705744,0.0022141918784377435,0.10957438050547452,0.10957438050547452,0.09375,0.10000000000000009,-2.1398848007523217,8.096128751631143,595.4973544973545,-0.45730618077884955,-0.08090976882923195,0.09433962264150941,-0.0041551246537395725,-0.040446304044630454,0.05555555555555536,0.06515580736543902,0.08150943396226418,0.034482758620689724,-0.19549306625577811,-0.032911392405063356,-0.01098901098901095,-0.44044009356319846
2001-09-28,0.46408956152953795,0.3905772766270377,0.7761269613088189,-0.401445131546867,0.04344570415831006,0.05263424026138197,0.13117673245288608,0.13117673245288608,0.11428571428571432,0.1212121212121211,-2.8334536454573582,1.4375382555470542,1.2759406766130321,-13.834101382488479,1.129817444219067,0.06650246305418728,0.39290681502086233,0.19476744186046502,0.03508771929824572,0.010638297872340496,0.041870202372644716,0.03333333333333344,-0.2872875269332056,0.3664921465968589,-0.12222222222222223,1.3231150332868862
2001-12-31,0.018983169494655394,0.03371844184414918,0.01885005035570897,0.03692966910889517,0.018030818274594962,0.0960288515188803,-0.5990423717696445,-0.5990423717696445,-0.6153846153846154,-0.5945945945945946,0.4093031104111593,-0.9755403756439582,-1.0121830972192452,-0.19487047961015647,0.42710204081632663,-0.009237875288683584,-0.1293060409385921,-0.23844282238442815,0.05084745762711873,-0.042105263157894646,-0.3211654387139986,0.06451612903225823,-0.0010077258985556892,-0.16666666666666674,-0.08860759493670889,-0.003132289236920993
2002-03-29,0.020431257474304187,0.005746793221171442,0.002876676054981875,-0.04661354175169374,0.06165715560939833,-0.13422449977243223,1.4411909046294782,1.4411909046294782,1.5333333333333337,1.4,-0.22190293742017875,1.6791786974655118,-0.5559820857325656,-0.9104230377166157,0.026808526865728544,0.11421911421911424,0.014334862385321223,-0.08785942492012788,0.024193548387096753,0.05769230769230771,0.23038973852984723,0.030303030303030276,0.04068594485541355,0.05747126436781613,-0.13888888888888884,0.05495387083834746
2002-06-28,0.02811220928551661,0.06828262550357422,0.008788300668499005,0.041979034562470874,0.07244694019865938,0.006468018161852385,0.2498827313542853,0.2498827313542853,0.23684210526315774,0.25,0.385412392285597,-0.4224643755238894,-3.9315561959654177,14.243954480796585,0.3979982173364034,0.12552301255230125,0.052006783493498965,0.0017513134851139256,0.06299212598425208,0.10129870129870122,0.06976744186046502,0.02941176470588225,0.04297253634894993,0.10217391304347823,-0.08870967741935487,0.025221799746514506
2002-09-27,-0.009534981349841654,-0.04629747197074541,-0.028337690690128037,-0.0466763213574084,0.03497582617244621,0.02059482401736412,-0.057741797126313554,-0.057741797126313554,-0.06382978723404253,-0.06666666666666676,-0.019955572010366573,-0.2656023222060958,-5.55246989432293,-0.9597349881024588,0.011463106860596373,-0.07063197026022305,-0.004298764105319708,0.02622377622377625,0.02962962962962945,-0.12735849056603776,-0.15442278860569714,0.028571428571428692,0.04491945477075587,0.04930966469427989,-0.0265486725663715,0.0004326863641983536
2002-12-31,0.0020614312599369633,-0.049949574461711554,-0.019881506831493923,0.029800414792469088,0.04503643315778083,0.016346583973372297,-0.11578947368421055,-0.11578947368421055,-0.11363636363636365,-0.11904761904761907,0.5503381058516867,-0.3029361942405421,0.9405635931764198,-0.8215527230590962,0.0020223774754426493,0.06600000000000006,0.10631408526713426,0.15332197614991472,0.043165467625899234,0.035135135135135,0.02703900709219864,0.05555555555555558,0.04298843759264748,0.19736842105263186,-0.036363636363636376,-0.07747914735866546
2003-03-28,-0.0027634959488627153,-0.03589946607996186,-0.03607227572335847,0.26829421395952235,0.05851929836672931,-0.07385359085110665,0.3478764478764478,0.3478764478764478,0.33333333333333326,0.3513513513513513,-0.3012500304588318,0.6468205751316323,-0.17645422427462654,-59.83116883116883,-0.1187386962333884,-0.07692307692307698,0.03560975609756101,0.08567208271787297,0.05517241379310356,-0.11488250652741516,-0.20371169615882612,0.026315789473684292,0.061398521887436,0.098901098901099,-0.009433962264150941,-0.23983658160873356
2003-06-27,0.007262229708475898,-0.03138206832395185,-0.036019252172025396,-0.02289075131157814,0.07978205929508952,0.03207838967692056,0.17568986918743446,0.17568986918743446,0.1730769230769229,0.17999999999999994,-0.4820756032919514,-0.18482538121003445,-0.2753006350493177,0.46037527593818983,-0.19676690163885668,0.07317073170731714,0.025435704192180886,0.08299319727891175,0.07189542483660127,0.017699115044247815,-0.01300813008130075,0.025641025641025772,0.07204070701660403,0.08428571428571408,0.0,-0.008722466960352393
2003-09-26,0.02387608331897817,0.05110053160159511,0.0085236964475075,0.0019965724802242235,0.046875668492937006,0.03630254855363435,-0.20726061885811742,-0.20726061885811742,-0.21311475409836067,-0.22033898305084743,1.4369781847562617,0.21858500527983105,-0.7468537335694976,-2.7145340488247296,0.42000703560385855,0.05492424242424243,-0.0307762976573267,0.017587939698492372,0.04268292682926833,-0.01449275362318847,-0.023613399231191656,0.02499999999999991,0.022483137646764906,0.02371541501976293,-0.00952380952380949,0.04906230557283786
2003-12-31,0.10158623648127452,0.032294217165047545,0.13448499380956114,-0.02243248139051901,0.05413546487168697,0.07975795094251525,-0.18722466960352424,-0.18722466960352424,-0.16666666666666663,-0.19565217391304357,0.05398684864894743,13.65424610051993,-15.426072546492358,-1.0829182279039014,-0.013846875977886697,0.13644524236983835,-0.05260663507109009,-0.02839506172839501,0.040935672514619936,0.08823529411764719,0.11248593925759276,0.04878048780487809,-0.043244563889567544,-0.014157014157014203,-0.009615384615384581,0.05600271117512512
2004-04-02,0.0068934287350048695,-0.007278146199113489,-0.03756319529512675,0.005554741568772892,0.0759189407380716,0.03223747763708085,0.884792336295456,0.884792336295456,0.825,0.8918918918918919,-0.18446576491559186,-0.9445838296290665,-1.4278220248123756,3.7676767676767673,-0.11857101303646511,0.09162717219589256,0.04402201100550274,0.07369758576874208,0.0786516853932584,0.048648648648648596,0.09150657229524772,0.023255813953488413,0.06869254341164455,0.06266318537859017,0.009708737864077666,-0.012756739409499396
2004-07-02,0.6452758053284959,0.8059327730507075,1.0745255260571507,0.43642620520007025,0.04959472979159951,0.15133568250385987,-0.3455159499765933,-0.3455159499765933,-0.34246575342465757,-0.3571428571428571,0.5135482626723666,29.323323170731708,-7.107819445687521,-6.898193577163247,0.7934329343293434,0.07814761215629518,-0.10685194058457104,-0.2153846153846155,0.04166666666666674,0.0,-0.023622047244094557,0.022727272727272707,-0.36200716845878134,-0.12285012285012276,-0.10576923076923073,0.2572125152377083
2004-10-01,0.00571605104009798,0.015937853172720562,-0.019090188819990916,0.12905901306760548,0.07376277813006138,0.23335827574570467,0.39993869105400304,0.39993869105400304,-0.08333333333333326,-0.06666666666666676,0.3966190961603806,-0.941851287697126,-1.1422961197295924,-0.5261366858871349,0.21645018024272122,-0.0026845637583893245,0.027360515021459086,-0.06184012066365008,0.06499999999999995,-0.04381443298969068,0.06831119544592035,0.04444444444444429,0.0674157303370786,-0.03361344537815125,-0.032258064516129115,-0.10019392372333547
2004-12-31,0.006764845106544071,-0.0626108151821071,-0.011779025894207762,-0.05522436964575439,0.05326607837384434,-0.03648259617901073,-0.5646874201671472,-0.5646874201671472,-0.5454545454545454,-0.5238095238095237,-0.22564016787300045,-0.25503587792858995,0.5685843745709185,-0.9960103730301216,0.0006875687568757005,0.01749663526244949,-0.0986945169712794,-0.15112540192926038,0.03755868544600949,-0.043126684636118684,-0.06305506216696266,0.02127659574468077,0.04631578947368431,-0.12028985507246392,-0.033333333333333326,-0.007830459770114873
2005-04-01,-0.009085206693510872,-0.031492762193294443,-0.04404404404404405,0.02337367392088696,0.07317465135796297,0.03876279088143497,2.1607142857142856,2.1607142857142856,1.9999999999999996,1.8000000000000003,-0.388100147275405,-0.36961819658813977,0.5187762605042017,-437.38,-0.29983509688058263,0.14153439153439162,0.023174971031286296,-0.018939393939393923,0.07239819004524883,0.09859154929577474,0.17962085308056874,0.04166666666666674,0.08316566063044917,0.0032948929159803964,-0.02298850574712641,-0.05358047932807186
2005-07-01,0.016985538460215777,0.04787922508337772,-0.008921561233522168,0.02241073966372964,0.0712617094557495,0.050255066868881926,-0.08808784912867029,-0.08808784912867029,-0.09999999999999987,-0.0892857142857143,0.055165110233946324,1.0949926362297497,-0.7703812570242933,-1.1732664191759477,0.07419873996584947,0.04055619930475074,0.07984144960362394,0.14671814671814687,0.05907172995780585,-0.028205128205128216,-0.024909602249899576,0.020000000000000018,0.053250773993808176,0.08374384236453203,0.05882352941176472,0.024864203197918933
2005-09-30,0.023720968325720238,0.08186685237546976,0.0020818531136079788,0.041304905692656435,0.06573693112719181,0.0021004266491631007,0.006340895869691776,0.006340895869691776,0.0,0.0,1.0427919708029196,-0.5586994727592267,-0.5090988955823292,5.656923687342944,0.4598174725706403,0.04454342984409809,-0.001048767697954922,0.05555555555555558,0.06374501992031889,-0.01319261213720313,-0.08529048207663781,0.03921568627450989,0.04115226337448563,0.051515151515151514,0.0,0.0389668557778442
2005-12-31,0.012737956001688922,-0.08803880701624955,0.011171009571496748,0.05175742142175044,0.01561582306245013,-0.02590441859046899,-0.5309844499682063,-0.5309844499682063,-0.5555555555555556,-0.5098039215686274,-0.12309616329447493,15.583034647550775,0.030678767736162627,-1.6579778674030954,-0.2072517459761195,-0.07249466950959504,-0.01784776902887142,0.023923444976076347,0.011235955056179803,-0.12834224598930488,-0.11936936936936926,0.018867924528301883,0.0028232636928289256,0.020172910662824117,0.011111111111111072,-0.13292139675240688
2006-03-31,0.009786878152526102,0.04084839757462011,-0.019725197453558607,-0.04191257230724166,0.06334968244082906,0.025777116172085446,1.4617612620940408,1.4617612620940408,1.5833333333333335,1.4,-0.7695716395864106,-0.8684317963496637,-0.21716482698747364,-0.8901805664593272,-0.02871058905255841,0.011494252873563315,-0.03313735970069476,0.0031152647975078995,0.06296296296296289,0.0,-0.01636828644501276,0.03703703703703698,0.052927927927927776,0.005649717514124353,-0.01098901098901095,0.08634405038117321
2006-06-30,0.016128641511719444,0.04530978266149788,-0.01404644568796376,-0.03062633426572714,0.066501130191289,0.03660336670501896,-0.08864245124790349,-0.08864245124790349,-0.09677419354838701,-0.09999999999999987,0.10529030356616564,0.7291229351099753,0.7637832699619771,2.53423150948584,-0.10446924195999707,0.040909090909090784,-0.03482587064676612,0.0,0.059233449477351874,-0.021472392638036797,0.018720748829953227,0.01785714285714257,0.04946524064171132,0.00561797752808979,0.0,0.07833714721586582
2006-09-29,0.17183635030666444,0.05241164190923753,0.24662545977420458,0.1740794079618202,0.0563947544236143,0.1308244509184795,0.06202274350381809,0.06202274350381809,0.0714285714285714,0.05555555555555536,4.380774615025665,16.960466589253667,-22.930476960388035,0.11825112805352411,-0.1304509606396399,0.01965065502183405,-0.018327605956471982,-0.020186335403726607,0.05263157894736836,-0.037617554858934255,0.0035732516590096797,0.03508771929824572,-0.09834394904458599,-0.009776536312849027,-0.011111111111111072,-0.10362877555351191
2006-12-31,-0.01062889162989622,-0.01780099903205523,-0.03552040563256087,-0.005264618718047398,0.03469270176422046,0.01452047715097815,-0.38159528243327123,-0.38159528243327123,-0.4,-0.36842105263157887,-0.04414187841470818,-0.9549369781855478,-1.2009158229299781,-2.020105746486712,0.1530376879964097,0.10171306209850095,0.003500583430571691,0.014263074484944571,0.028124999999999956,0.04885993485342022,0.06815869786368256,0.033898305084745894,0.04577564283695956,0.007052186177715081,0.011235955056179803,-0.012547348484848508
2007-03-30,0.011360432944869991,0.03831711834840945,-0.02118095238095241,-0.04420752288458252,0.06710756774715598,-0.022377534650680042,0.886198243412798,0.886198243412798,0.9166666666666665,0.8333333333333335,-0.6163517121600954,-0.2472283813747228,-0.5766502222041017,-1.186728500306895,-0.024783663420109292,0.13216715257531586,-0.017441860465116088,-0.006249999999999978,0.06382978723404253,0.0993788819875776,0.07190476190476192,0.032786885245901676,0.05512023777357489,0.0,-0.011111111111111072,0.08631023735315257
2007-06-29,0.006169432335128455,0.019410194725456575,-0.025518047570861513,-0.023229697851482545,0.055630950947432645,0.06248262319305509,-0.10124393002062126,-0.10124393002062126,-0.10144927536231874,-0.10606060606060619,0.5384459459459459,0.2552196136186433,0.6186257042423076,-0.6891891891891893,-0.007898791512743863,0.0841201716738198,-0.023668639053254448,-0.011006289308176154,0.05428571428571427,0.0197740112994349,0.053753887161261504,0.015873015873015817,0.049167733674776004,-0.01400560224089642,0.0,0.043625395424115476
2007-09-28,0.04434129675590004,0.1685400894349829,0.03507763451335699,0.11405887329443165,0.05768954092538392,0.06215506009457017,0.2758986504823231,0.2758986504823231,0.25806451612903225,0.27118644067796627,0.8472704115244412,-0.7489819863344607,-0.6628190634854525,-85.13513513513513,0.6698569517340742,-0.07759303246239113,0.03212121212121222,0.07313195548489682,0.05691056910569103,-0.12465373961218829,-0.09865092748735249,0.03125,0.01269221381498653,0.05681818181818166,0.022471910112359605,0.048921471873678346
2007-12-31,0.020936435218555927,0.06916270224372778,0.0006159862912045178,-0.009571344812889349,0.04959071145765015,-0.0012800678108600971,-0.38748163044318973,-0.38748163044318973,-0.3846153846153847,-0.3866666666666666,0.06296881872540738,2.5339565576024197,-0.3026292571025234,-0.003854802441374927,0.39959996862499025,0.10557939914163095,-0.008807985907222537,0.028148148148148033,0.04358974358974366,0.04430379746835422,0.02104770813844703,0.030303030303030276,0.02819956616052055,0.02284946236559149,0.0,0.07950268817204287
2008-03-28,-0.02653791327902577,-0.05788240477702544,-0.082817745184114,-0.23677938963146772,0.049120354727775206,-0.04627950905217404,0.773873788553209,0.773873788553209,0.7708333333333333,0.7608695652173914,-0.298541680645955,-1.3255271142923832,12.769483805668017,-1.5853231075529632,-0.16711567637675184,0.03571428571428559,0.012440758293838838,0.05331412103746391,0.04668304668304657,-0.0060606060606061,-0.006413192853870653,0.02941176470588225,0.07759024847632445,0.047306176084099816,0.01098901098901095,0.2343895909854945
2008-06-27,0.03495988087371704,0.1210079836717961,0.014523763940973877,0.09824152675775766,0.058977630482967,0.07432528980749442,-0.18554572796355284,-0.18554572796355284,-0.18823529411764706,-0.18518518518518523,0.07808937710249819,-3.164435946462715,-0.8964018597129574,-2.146693175557525,0.23008045678691924,0.04197901049475261,-0.023405500292568826,0.0109439124487003,0.05633802816901423,-0.0060975609756097615,-0.017980636237897696,0.028571428571428692,0.023276049597563686,0.007528230865746499,0.0,0.020728263062335994
2008-09-26,0.11413307392721594,-0.10459399810976255,0.11567009546362761,0.07807275636598665,0.1124025033141165,0.06181066369900945,0.07044684802796897,0.07044684802796897,0.04347826086956519,0.045454545454545414,0.3573446118809245,43.83745583038869,-21.986164079822615,-2.676254935138184,-0.3135351830361852,0.028057553956834402,-0.0784901138406231,-0.048714479025710355,0.05999999999999983,-0.024539877300613355,0.0014084507042251282,0.04166666666666674,-0.0014880952380952328,-0.03486924034869232,-0.010869565217391353,-0.16942536686595178
2008-12-31,-0.014506753495649893,-0.0435308430352952,-0.024993284049867226,-0.06419501205046452,-0.0026650268038179714,0.02256006291701551,-0.0971646696197106,-0.0971646696197106,-0.125,-0.10144927536231874,0.24244702293403053,-0.8639545078414375,-1.1237770424184026,-1.2780270175963313,0.12698575323440853,-0.02309307207837641,0.014954486345903684,0.04125177809388325,-0.004192872117400381,-0.07861635220125784,-0.0009376465072666873,0.026666666666666616,0.011922503725782407,0.040000000000000036,0.0,0.022070196311719137
2009-03-27,0.03540253255649417,0.13788318215783302,0.027357858394135848,0.18724894800333747,0.04428345799102229,-0.0992913630020158,0.4148183318637093,0.4148183318637093,0.4126984126984128,0.4193548387096775,-0.19341798347919115,-0.6268170380695498,-1.3999590275880907,2.6863290004482296,0.4153657341703747,-0.09025787965616061,-0.017296604740550836,-0.006830601092896127,0.04210526315789487,-0.08873720136518781,-0.14265603003284844,0.025974025974025983,0.008626130864717085,0.02109181141439187,-0.03296703296703296,-0.041557534485769154
2009-06-26,0.03596374011589254,0.10690379609687772,0.013027939812162881,0.08991338289720185,0.06087335497099189,0.07273954278690309,-0.07061812835591919,-0.07061812835591919,-0.0674157303370787,-0.07954545454545447,0.11767647666365888,-0.7203007518796993,-3.204797677992146,-0.06668125775151379,0.2738999646732634,0.06141732283464574,0.008474576271186418,0.019257221458046647,0.06060606060606055,0.01872659176029967,0.03557744937055296,0.025316455696202445,0.023988318731748004,0.048602673147023046,-0.022727272727272707,0.015606971518795199
2009-09-25,0.03892832219553655,0.12239864969716074,0.03121557994343105,0.15200206015163675,0.0469270296653832,0.036972071145318974,0.20405110304864427,0.20405110304864427,0.19277108433734935,0.20987654320987637,0.10932347648460672,4.109608047173084,-0.11151120919967472,-0.1891008103389875,0.17435062843313287,0.05415430267062327,0.05817711700064643,0.07287449392712553,0.04571428571428582,-0.003676470588235392,0.001585623678646897,0.04938271604938271,0.007740884090446043,0.09154113557358068,-0.023255813953488413,-0.025711552260224924
2009-12-31,-0.0011095771498857987,-0.012773908937375844,-0.03859931147139872,-0.017406689228647076,0.03718668715434337,0.038105290200369346,-0.24648691877070716,-0.24648691877070716,-0.24242424242424243,-0.24489795918367352,-0.1922503595103644,0.6392980788812708,-0.07373512877500332,-0.5517407579968832,0.06655106120092924,0.02885292047853616,-0.010384850335980467,0.008805031446540879,0.032786885245901676,-0.01845018450184499,-0.061741424802110756,0.03529411764705892,0.03820497271073364,0.02547770700636942,-0.011904761904761862,0.004725665889284469
2010-04-02,0.004703304145718734,0.028087884386462925,-0.03962420401483768,-0.07494991464326528,0.046675806544252296,-0.05400586482284031,0.5156735653096809,0.5156735653096809,0.5066666666666666,0.5000000000000002,-0.21855426133588074,-1.0191937387415368,2.422912255939779,-1.0192107809755924,-0.0011987216617502794,0.09781121751026012,0.022839506172839474,0.05112219451371569,0.042328042328042326,0.06390977443609014,0.059055118110236116,0.045454545454545414,0.04186137071651097,0.04865424430641818,0.0,0.11135544560503319
2010-07-02,-0.0070954989494473875,-0.08273169464068286,-0.061022520608247977,-0.11228654822480189,0.03964245324884175,0.009981829728958891,-0.07124904655321174,-0.07124904655321174,-0.07079646017699104,-0.07207207207207211,-0.27966549051204403,-89.17259978425027,-0.3371498474310691,152.62313432835822,-0.18437239004314754,0.027414330218068494,0.01870850935425472,0.053380782918149405,0.03891708967851093,-0.014134275618374548,-0.0377057886351565,0.032608695652173836,0.0470940011212857,0.05528134254689032,0.0,0.03330768385181937
2010-10-01,0.02864910980230051,0.10196896447730364,0.010089252485755207,0.09017363385484334,0.04321691705899844,0.02498724424118448,-0.06458431504543927,-0.06458431504543927,-0.06666666666666676,-0.06796116504854377,2.179311142824083,-0.6652515415483997,0.06399170554691547,-2.0838940030604065,0.2450139321647702,-0.035172832019405575,-0.04206161137440756,-0.009009009009009139,0.04071661237785018,-0.07168458781362008,-0.0899558498896249,0.05263157894736836,0.014099589505621957,-0.006548175865294548,0.0,0.010797872340425618
2010-12-31,-0.07962860069637367,-0.32671570710913644,-0.22233715432300727,-0.11924400588625816,0.02879793216284221,-3.349058686163975e-05,-0.3236564092230634,-0.3236564092230634,-0.33673469387755095,-0.32291666666666663,-0.15211694771321116,1.6416432147947808,5.459316715713979,-3.9614901960784312,-0.5828098298843478,0.0609679446888749,-0.058132343846629686,-0.006818181818181723,0.026604068857589924,0.01930501930501949,0.06610066707095208,0.040000000000000036,0.11791622668074608,-0.015065913370998163,0.012048192771084265,-0.23554175656475296
2011-04-01,0.0024806515292370435,0.021123019765012296,-0.0677954269385248,-0.1936782586134398,0.04282432836243766,-0.02219434629513195,0.7790640760996788,0.7790640760996788,0.7999999999999998,0.7692307692307689,-0.43125724342189986,-0.9156036414953375,-0.6789707754786776,-0.8861198654625387,-0.1590997980993858,0.1024881516587679,-0.024294156270518563,0.028604118993134975,0.03963414634146356,0.07575757575757569,0.1291240045506259,0.0769230769230771,0.04014483627204024,0.009560229445506607,0.011904761904761862,0.26640049562882884
2011-07-01,0.03485182049110924,0.05940892641737028,0.01597603594608077,0.029126213592232997,0.04454582735288093,0.050755098863459525,-0.011961722488038284,-0.011961722488038284,-0.5042735042735043,-0.5043478260869565,0.15974842767295594,12.295081967213115,-0.9031954887218046,-1.1428571428571428,0.027027027027026973,0.09134873723804393,-0.008748317631224967,0.034482758620689724,0.04105571847507328,0.04929577464788748,0.08010075566750618,0.0803571428571428,0.00938398668079321,0.017045454545454586,0.0235294117647058,0.029406968527477373
2011-09-30,0.028899653073247267,0.13692001138627963,0.040000000000000036,0.06091644204851754,0.02335967021642049,0.03867239591050531,-0.03631961259079908,-0.03631961259079908,-0.051724137931034364,-0.05263157894736825,0.5997830802603037,-0.781750924784217,0.20388349514563098,24.953488372093023,0.6829865361077112,0.022648941408173417,0.0006788866259335169,0.04086021505376336,0.026760563380281654,-0.016778523489932806,-0.006529850746268662,0.06611570247933884,-0.005398110661268607,0.019553072625698276,0.011494252873563315,0.07165487379871172
2011-12-31,-0.00830231892356137,-0.05458187280921378,0.017577017577017573,-0.025406504065040636,-0.02143576463818153,0.04293865905848793,-0.19849246231155782,-0.19849246231155782,-0.20000000000000007,-0.18518518518518523,-0.19593220338983053,1.4237288135593222,6.854838709677419,-1.2114695340501793,-0.0858181818181818,0.06499759268175254,0.03527815468113982,0.0423553719008265,-0.016460905349794275,0.03412969283276435,0.03333333333333344,0.06976744186046502,-0.013266998341625258,0.028310502283105166,0.022727272727272707,-0.02995811776299595
2012-03-31,0.005677444187836889,0.005429025423728806,0.02628157503714701,0.05604796663190825,-0.0051945506223659565,-0.055395978662289735,0.5015673981191222,0.5015673981191222,0.5227272727272727,0.5,-0.03962900505902189,-0.5687645687645688,0.20533880903490753,-0.19491525423728817,-0.07557677008750996,0.0619349005424954,0.029488859764088993,0.024777006937561907,0.019525801952580135,0.08250825082508251,0.004543389368468764,0.0869565217391306,-0.010695187165775444,0.02131438721136769,0.0,-0.047899629196931914
2012-06-30,-0.006060026153797082,-0.036480969313841705,0.023527282598859722,0.03431251542828928,-0.022167487684729092,0.008398494063133422,-0.17223382045929014,-0.17223382045929014,-0.14925373134328368,-0.1515151515151515,-0.3388937664618086,0.6054054054054054,-0.22913117546848383,1.5368421052631578,-0.20740103270223753,0.11366538952745864,-0.003819223424570306,-0.015473887814313358,-0.024623803009575895,0.09146341463414642,0.07055630936227963,0.08000000000000007,-0.01621621621621616,-0.017391304347826098,0.0,-0.06844857020913364
2012-09-30,0.2321663511215224,0.9626845270639695,0.5751038811776148,0.5570405727923629,0.0367758186397984,0.04135554279149911,0.18411097099621698,0.18411097099621698,0.17543859649122817,0.1785714285714286,0.6826029216467464,21.316498316498315,-7.51049723756906,-2.182572614107884,0.30944625407166115,0.050458715596330306,0.04856230031948883,-0.00982318271119842,0.032258064516129004,0.07541899441340782,0.05534431770173209,0.07407407407407396,-0.15855572998430134,0.03539823008849563,-0.04444444444444451,0.2605234522650479
2012-12-31,0.06726912860044787,-0.34967616129256907,0.14335428828019747,0.11220110361741265,0.001409135082604429,0.11651958080529501,-0.1395101171458999,-0.1395101171458999,-0.11940298507462699,-0.13636363636363646,0.6393054459352803,-0.9542848521424261,-1.1291581805838424,0.7859649122807018,0.42205638474295193,-0.044395924308588075,0.0481413772090189,-0.02182539682539686,0.01494565217391286,-0.07272727272727275,-0.09367493995196152,0.06896551724137945,-0.06175373134328366,0.023076923076922995,-0.04651162790697683,-0.4153112221717402
2013-03-31,-0.008198921451404328,-0.023559648747055073,-0.02847324496809034,-0.09647188533627338,0.011839487602503862,-0.0375447696677782,0.3329207920792079,0.3329207920792079,0.3220338983050848,0.3333333333333335,-0.6519017814155031,0.0990099009900991,0.5624178712220762,-1.819253438113949,-0.24314868804664724,0.12795125666412788,0.027325581395348797,-0.02941176470588236,0.010709504685408211,0.11204481792717091,0.0680212014134276,0.07526881720430101,0.020282362298667644,0.003341687552213868,-0.024390243902438935,0.0807366539746679
2013-06-30,-0.004133349735514824,-0.0008773853915332586,-0.03941384537645276,-0.11470408785845032,0.029348295209322472,0.010650583857307883,-0.19591457753017638,-0.19591457753017638,-0.20512820512820518,-0.19736842105263164,0.2268326417704012,-1.2282282282282282,-0.35912531539108494,-1.1738609112709832,0.05585516178736527,0.04659014179608367,0.0005659309564234327,-0.03866248693834895,0.026490066225165476,0.035264483627204024,0.005376344086021501,0.07000000000000006,0.03352173065679209,-0.00915903413821817,-0.03749999999999998,0.1285591026747197
2013-09-30,0.037329841638461314,0.16937431394072444,0.03529721199368763,0.10286009648518268,0.03913347309573734,0.021838496698831866,0.24595842956120095,0.24595842956120095,0.25806451612903225,0.24590163934426235,1.4306651634723786,-2.763157894736842,-0.541994750656168,10.820689655172414,0.6253192265596497,-0.0174193548387096,0.01640271493212664,0.01521739130434785,0.03612903225806452,-0.04379562043795626,-0.03619909502262442,0.06542056074766345,0.0016971525551574551,0.0117647058823529,0.012987012987013102,0.060333843017329025
2013-12-31,0.014504144041154632,0.04740448699896738,-0.004268075809156002,0.01734104046242768,0.03111409997758341,0.022117296222664118,-0.1455050973123262,-0.1455050973123262,-0.14102564102564097,-0.13157894736842102,-0.4294990723562152,1.8358208955223883,-0.14613180515759316,-0.7001166861143524,0.11537598204264876,0.03381483913328953,0.0016694490818029983,0.01927194860813719,0.04358655043586568,-0.0025445292620865922,-0.004268032437046543,0.06140350877192979,0.01637801204819289,0.02574750830564798,-0.012820512820512886,0.029561978008772583
2014-03-31,-0.04068361621710448,-0.14518730955368342,0.0067867530744500915,0.011363636363636465,-0.08113396234618897,-0.049355701434476096,0.11279826464208242,0.11279826464208242,0.10447761194029836,0.10606060606060597,-0.16747967479674797,-0.8263157894736842,8.728187919463087,-4.8307392996108955,-0.3962567921110888,0.035566846617973935,-0.015555555555555545,-0.014705882352941346,-0.07279236276849654,-0.007653061224489721,0.0021431633090440716,0.06198347107438007,-0.042044823115391816,-0.013765182186234792,0.0,-0.15482929676101553
2014-06-30,-0.0240554032889585,-0.09373034179073181,-0.0024328433857070397,-0.02004251442453686,-0.04424360005678318,0.033631713554987286,-0.13450292397660824,-0.13450292397660824,-0.108108108108108,-0.1095890410958904,0.01953125,0.7272727272727273,-0.30872714729216977,-0.47638395124428645,-0.3436666666666667,0.054277828886844626,0.020316027088036037,0.009594882729211163,-0.027027027027026973,0.13624678663239065,0.06544054747647565,0.0622568093385214,-0.020688321732405313,-0.0008210180623974273,0.012987012987013102,-0.07519679602264884
2014-09-30,0.08467691381861031,0.14854234150856094,0.13728279646377395,0.42299349240780915,0.0334191504109318,0.0414450080415687,0.3051801801801801,0.3051801801801801,0.3181818181818181,0.3076923076923077,0.9339080459770115,19.666666666666668,-2.091317365269461,-2.6808923375363722,0.8801422041645506,-0.020069808027923353,0.03761061946902666,0.012671594508975703,0.031746031746031855,0.009049773755656076,-0.03412284223203543,0.05494505494505497,-0.047384007897334546,0.008216926869350827,0.0,-0.19286194280594338
2014-12-31,0.012829996763604523,0.039987912973408646,0.01831665475339528,-0.014263937282229966,0.006994682125233576,0.028153955808980724,-0.08024158757549615,-0.08024158757549615,-0.09195402298850575,-0.08235294117647052,-0.3481921743437345,-0.8522920203735145,-1.1600365797896661,-0.6953260242354299,0.14262560777957867,0.09824873849807081,0.06023454157782515,0.029197080291970767,0.03205128205128216,0.06278026905829592,0.06442227763923536,0.05555555555555558,-0.005803108808290047,0.02281988590057038,0.012820512820512775,0.05504162812210933
2015-03-31,-0.008353684979344078,-0.09733656174334138,0.06870229007633588,0.1602783607643874,-0.09191683714734289,-0.06146735990756791,0.0056285178236397115,0.0056285178236397115,0.025316455696202445,0.025641025641025772,0.0957446808510638,1.8132183908045976,3.397142857142857,-3.335227272727273,-0.2914893617021277,0.10864864864864865,0.03670186023127209,-0.005065856129685908,-0.09440993788819885,0.07594936708860756,0.06442795782897304,0.05592105263157898,-0.08421930373149888,0.0023904382470119057,-0.012658227848101222,-0.22200789127575626
2015-06-30,-0.026814279466936708,-0.09002145922746785,-0.07364532019704428,-0.15698781416603202,0.03295436684654485,0.04284131478517783,-0.3125,-0.3125,-0.3086419753086419,-0.3125,-0.27739251040221913,-0.8672114402451481,0.26055880441845347,-0.21735604217356042,-0.3219886553219886,0.024378352023403327,-0.030067895247332554,-0.048879837067209775,0.03292181069958855,0.12941176470588234,0.001100513573000672,0.049844236760124616,0.061461415888914184,-0.0476947535771064,0.0,0.07945452496337202
2015-09-30,-0.002459675512038184,0.004244782454899232,-0.0391739785518036,-0.11575381140598529,0.03956177723676202,0.017353323102349272,0.6336499321573947,0.6336499321573947,0.6428571428571428,0.6363636363636362,0.5393474088291748,-0.09999999999999998,-0.31752577319587627,-1.0766839378238342,0.036417322834645605,0.023084245597334574,0.015499999999999847,0.017130620985010836,0.038512616201859196,-0.00868055555555558,0.05716379626236723,0.05044510385756684,0.04203302594895986,0.005008347245408995,0.012820512820512775,0.13562330340363316
2015-12-31,0.009270235667883764,0.06375484325466707,0.030209390277649684,0.11455938697318002,-0.012880562060889944,0.013692271988860583,-0.09385382059800662,-0.09385382059800662,-0.08695652173913049,-0.08888888888888902,0.2300498753117206,0.5897435897435896,-0.5868580060422961,15.135135135135137,0.566951566951567,-0.011863224005582818,0.01624815361890697,0.013684210526315743,-0.002557544757033292,-0.049036777583187474,-0.02807625649913348,0.04802259887005644,-0.021815188310351896,0.004152823920265725,0.012658227848101333,-0.04550887193159869
2016-03-31,0.008315910639197455,-0.13300220750551872,0.061915207950933526,0.1605362667583361,-0.05086002372479237,-0.02815934065934067,0.03574702108157646,0.03574702108157646,0.03571428571428581,0.04878048780487809,-0.09883426254434868,8.897849462365592,1.4881170018281535,-2.1365159128978224,-0.41121212121212125,-0.0021186440677964935,0.012596899224806224,0.017653167185877505,-0.04102564102564099,0.0,-0.014978601997146845,0.04582210242587603,-0.0586997685672207,0.003308519437551727,0.012499999999999956,-0.25293777692159514
2016-06-30,0.00417025836963858,0.041247612985359616,-0.031070826306914046,-0.08481437598736175,0.047700880070822294,0.033451118963486515,-0.012389380530973493,-0.012389380530973493,0.0,-0.011627906976744207,-0.33239595050618675,-0.9483976099945681,-0.3423952975753123,-1.1215917464996314,0.08492022645393726,0.16513328615239442,0.08564593301435397,0.08571428571428563,0.04411764705882337,0.2154696132596685,0.1426502534395364,0.04639175257731942,0.043361645060348675,0.08161582852431981,0.0,0.1376998452810727
2016-09-30,-0.006380214375202975,-0.01638342095610712,-0.059000130531262185,-0.15222785629517743,0.053730304687111596,-0.007636197857305627,0.11111111111111116,0.11111111111111116,-0.4482758620689655,-0.44705882352941173,0.6722830665543387,-0.03157894736842104,0.8670391061452514,0.290909090909091,0.10104364326375714,0.0012148208139299843,-0.0008814455707358837,0.00375939849624074,0.049935979513444195,-0.040909090909090895,-0.08650190114068446,0.044334975369458185,0.06041131105398456,0.005335365853658347,0.0,0.16024478694469635
2016-12-31,0.016671725780465607,-0.05929148539465512,0.09871919360059178,0.2750063629422246,-0.06702830188679243,0.029057080509934607,-0.10967741935483866,-0.10967741935483866,-0.10416666666666663,-0.10638297872340419,-0.19244332493702776,15.5,-0.7193297426690605,-3.07981220657277,-0.19086600603188286,-0.07724974721941358,0.00838112042346717,-0.002808988764045006,-0.05243902439024384,-0.12164296998420232,-0.08775580992022192,0.04245283018867907,-0.0822222222222222,-0.0037907505686125553,0.0,-0.26216057823793715
2017-03-31,0.030706690245975166,-0.0030391120507399227,0.07402575540779388,0.16458728416009571,-0.02133576014965366,-0.020982142857142838,0.19112318840579712,0.19112318840579712,0.2093023255813955,0.2142857142857144,-0.17966313162819714,0.049407114624505866,-0.47974413646055436,0.09029345372460496,-0.25718849840255587,0.029804952881876012,0.03849518810148722,0.029107981220657386,0.0,0.08812949640287782,0.023954372623574027,0.042986425339366585,-0.050627338762931906,0.03196347031963476,0.0,-0.14402965316388672
2017-06-30,0.039930478185302265,0.1626242544731611,0.10446299126209779,0.038481316420980516,-0.04515162473523793,0.02371181030551761,-0.4456273764258555,-0.4456273764258555,-0.4423076923076924,-0.43137254901960786,-0.1041825095057034,-0.47897049591964846,-3.360655737704918,-3.031055900621118,0.7032258064516128,0.0917216429027452,-0.06192080876158379,-0.09945255474452563,-0.04633204633204624,0.09090909090909083,0.043817304121797296,0.04121475054229928,-0.0818455831207976,-0.08628318584070793,-0.012345679012345734,0.11954840705227343
2017-09-30,0.27550889222198416,0.14363885088919282,0.4189874764962571,-0.21383180655277712,0.056700752042417424,0.07783964365256124,0.8299039780521262,0.8299039780521262,0.827586206896552,0.7931034482758623,0.4838709677419355,11.481927710843374,13.850694444444445,-1.0112130479102956,-0.00462962962962965,-0.008966861598440401,0.04355635383924561,-0.06686930091185406,0.0539811066126854,0.03939393939393954,0.07008182141586627,0.039583333333333526,-0.17146464646464654,-0.005649717514124242,-0.0625,0.4547589446056084
2017-12-31,0.010415266765219755,-0.0029904306220095433,-0.05072880466034957,-0.018475750577367167,0.13563053607086162,0.06736233081929943,2.04047976011994,2.04047976011994,2.094339622641509,2.057692307692308,0.4725400457665905,-0.9757722007722007,-1.2217675941080197,-39.54545454545455,0.1792811839323467,-0.0774980330448467,0.608433734939759,0.5287730727470141,0.16389244558258653,-0.12390670553935867,-0.10405585106382975,0.038076152304609145,0.12404754647973193,0.5982142857142856,-0.040000000000000036,0.015762985471465374
2018-03-31,-0.011953847176963461,-0.10877824435112982,0.0007374631268437515,0.3162566844919785,-0.03367899008115416,-0.026231729745426424,-0.6109467455621302,-0.6109467455621302,-0.6097560975609756,-0.6037735849056605,-0.39588189588189593,1.3904382470119523,0.3473906167633105,-4.752358490566038,-0.5704553603442094,0.03646055437100215,0.009095773140716856,-0.03125000000000011,-0.0363036303630363,-0.10981697171381033,-0.38033395176252316,0.04247104247104261,-0.022234273318872178,0.001015744032503818,-0.04166666666666674,-0.32289426942133315
2018-06-30,-0.007319658752460878,-0.023558447386134218,-0.03192441309611538,-0.10554968716990332,0.03629916483926654,0.021769383697813227,-0.22877059569074776,-0.22877059569074776,-0.21875,-0.2222222222222222,0.07524115755627014,-0.8133333333333334,-0.2805164319248826,-0.8082966687617851,-0.25459098497495825,0.012960296235342561,0.016967126193001114,0.008064516129032473,0.033105022831050324,0.05046728971962633,-0.026946107784431073,0.040740740740740744,0.04409317803660584,0.029426686960933424,-0.014492753623188248,0.09167472041971547
2018-09-30,0.011509645048648931,0.10328584558823528,-0.01750808797542347,-0.06667877906976749,0.05956508036558472,0.009436715633816428,0.20213640098603114,0.20213640098603114,0.19999999999999996,0.18367346938775508,0.4671052631578947,-0.008928571428571397,-0.2680804785209353,-4.245901639344263,1.1086226203807392,0.1484565393988626,-0.029718456725756015,0.015272727272727105,0.05635359116022087,0.1120996441281139,0.07753846153846156,0.039145907473309594,0.04754316069057096,-0.0014785608674223738,0.014705882352941124,0.18211711142026066
2018-12-31,0.017076399711762447,0.12277413308341134,0.00041506405821967185,0.2909285575238465,0.04266168097221046,0.03546646106399387,-0.02392344497607657,-0.02392344497607657,-0.033333333333333326,-0.017241379310344862,-0.20260905014268238,1.6846846846846848,-0.7407132243684993,0.2969696969696969,0.6818906001062135,0.09584438549955787,-0.3336915636754433,-0.318051575931232,0.043933054393305415,0.036800000000000166,0.07595659623072515,0.03595890410958913,0.02510141987829617,-0.3232971372161896,0.0,-0.13030919011447528
2019-03-31,-0.017893626837144905,-0.15256909664255236,-0.04262322287990261,-0.14551760536831793,0.018542668514141436,-0.027643335815338843,0.23039215686274517,0.23039215686274517,0.22413793103448287,0.22807017543859653,-0.2949897750511248,-0.5838926174496644,8.865329512893982,-2.70404984423676,-0.6908746447742342,0.0635791512021946,-0.007258064516128981,0.031512605042016695,0.017034068136272618,0.01851851851851838,0.5414012738853502,0.0380165289256198,0.0371011625030917,0.022611232676878146,0.01449275362318847,-0.008242096198794346
2019-06-30,0.11777337851894099,0.01335230381963437,0.17233409412648437,0.045354275125738974,0.04221181930940654,0.033215277113046726,-0.21172453044963002,-0.21172453044963002,-0.21126760563380276,-0.2142857142857142,0.5467730239303843,38.516129032258064,-1.8033691548068544,-1.0,0.0,0.13503262023972096,-0.010966693744922873,-0.003054989816700604,0.03842364532019693,0.1166666666666667,0.10089531680440778,0.03662420382165599,-0.06749344145003577,0.015691868758915817,-0.014285714285714346,-0.0306375589183826
