Quarter end,Assets,Current Assets,Liabilities,Current Liabilities,Shareholders equity,Revenue,Earnings,Earnings available for common stockholders,EPS basic,EPS diluted,Cash from operating activities,Cash from investing activities,Cash from financing activities,Cash change during period,Cash at end of period,Price,ROE,ROA,Book value of equity per share,P/B ratio,P/E ratio,Cumulative dividends per share,Equity to assets ratio,Net margin,Asset turnover,Current ratio
1996-03-31,0.48767022164228946,0.32768643284525956,0.2331714391083941,-0.07081141998497376,1.745139521596121,0.0,0.0,0.0,0.0,-0.42307692307692313,0.2443304406194562,-0.5258729850899508,-0.955726029830531,-2.914908524717789,0.9900570371512256,0.6880058866813834,-0.05316606929510159,0.22609614368726882,1.7314814814814814,-0.5612052730696798,-0.3468339988590988,inf,0.8455139631610218,2.1931330472103,0.0,0.428917378917379
1996-06-30,0.48767022164228946,0.32768643284525956,0.2331714391083941,-0.07081141998497376,1.745139521596121,0.0,0.0,0.0,0.0,-0.42307692307692313,0.2443304406194562,-0.5258729850899508,-0.955726029830531,-2.914908524717789,0.9900570371512256,0.6880058866813834,-0.05316606929510159,0.22609614368726882,1.7314814814814814,-0.5612052730696798,-0.3468339988590988,inf,0.8455139631610218,2.1931330472103,0.0,0.428917378917379
1996-09-30,0.04056365590082733,-0.4206442984987131,0.03630806350236204,0.007561975118069775,0.050009281812709805,0.12141006870143034,0.07621671258034901,0.07621671258034901,-0.33333333333333337,-0.42307692307692313,0.2443304406194562,-0.5258729850899508,-0.955726029830531,-2.914908524717789,-0.9526705139625857,0.19877942458587605,-0.05316606929510159,0.22609614368726882,0.05084745762711851,-0.5612052730696798,-0.3468339988590988,inf,0.009014810045074206,2.1931330472103,0.0,-0.42498255408234487
1996-12-31,0.44504332962248405,2.956885375494071,-0.07913786947228374,0.15899577774332685,1.5933235828283965,0.46463794315556894,0.2523159434422233,0.2523159434422233,-0.42307692307692313,-0.42307692307692313,-0.38550456594613336,0.21537961815622642,27.005641925777333,-3.811216815058747,56.585515548281506,0.08763636363636373,-0.05316606929510159,0.22609614368726882,1.2451612903225806,0.03540772532188852,-0.3468339988590988,inf,0.7948308870453094,2.1931330472103,0.0,2.414008321775312
1997-03-31,0.3828144880821105,0.7539966356738441,0.8245050260931919,0.11190318824158885,0.03923877519821839,0.13945993389744493,0.5503211991434689,0.5503211991434689,0.4666666666666668,0.4666666666666668,1.4884625031351892,0.5848098509294637,0.255711299037932,0.15746050110271526,1.1373606463027306,-0.1410899364760949,-0.05316606929510159,0.22609614368726882,0.03735632183908044,-0.6176165803108808,-0.3468339988590988,inf,-0.24853333333333327,2.1931330472103,0.0,0.5774933983343489
1997-06-30,-0.20249469348243676,-0.32205030776029775,-0.03611551842093774,0.035467115784706404,-0.42970762698387455,-0.10301374479455028,-14.672965846308388,-14.672965846308388,-18.318181818181817,-18.318181818181817,-0.9369550975154967,0.12173733815510879,-0.9989197552871383,-2.1044661431489775,-0.5877231475017453,-0.3845854418061503,-0.05316606929510159,0.22609614368726882,-0.4362880886426592,-0.4065040650406504,-0.3468339988590988,inf,-0.28483558079015847,2.1931330472103,0.0,-0.3452871491115117
1997-09-30,-0.018332722207470953,-0.24808722971724262,-0.03279777824425123,-0.15292565914464962,0.015054602999766464,0.05210192279308168,-1.02531418889445,-1.02531418889445,-1.020997375328084,-1.020997375328084,16.035971223021583,-0.3637735386808316,-4.9405940594059405,-0.588021018931745,-0.5872985155260972,-0.43706514864010115,-0.05316606929510159,0.22609614368726882,0.014742014742014753,0.0,-0.3468339988590988,1.0,0.03407211379424413,2.1931330472103,0.0,-0.11230209460123908
1997-12-31,0.022663628391628388,-0.027045264620843446,0.05014669121148674,0.2382512162260284,-0.03778055547924508,0.9698252773880882,-7.727190277525848,-7.727190277525848,-7.875,-7.875,1.2647569444444446,-0.805373473942152,0.35343383584589616,-1.9978444429189264,1.4199914032276975,0.13820224719101137,0.4424815983175605,0.22609614368726882,-0.3220338983050848,0.11872146118721472,-0.3468339988590988,0.5,-0.05918106206014084,2.1931330472103,0.25806451612903225,-0.2142461504375761
1998-03-31,0.11812855799425681,-0.4924146040115561,0.25522690305065,0.17066718790721924,-0.21094837369649477,-0.501540911857252,5.916170086553239,5.916170086553239,4.8,4.8,-0.4904851190784498,6.485318584468726,-16.696782178217823,-2.2646880761716064,-0.7420878411109317,-0.3455083909180652,0.0,1.2361051271003878,-0.2499999999999999,-0.032653061224489854,-0.3468339988590988,0.3333333333333335,-0.29445766746004753,2.1931330472103,0.0,-0.5664034964049063
1998-06-30,0.18288895042404496,0.4615064427392501,0.25611379729412787,-0.2760221289669067,-0.09671320732529165,0.45320760108586944,-0.03285380116959069,-0.01716179337231971,-0.24451410658307204,-0.24451410658307204,-1.5990647555148927,0.8333593646750688,13.286919498541355,-1.3018549747048904,0.8685240256691189,-0.2549019607843137,0.0,-0.018497109826589697,-1.1476190476190475,-0.008438818565400852,-0.3468339988590988,0.0,0.0,2.1931330472103,0.025641025641025772,1.0186961469679727
1998-09-30,-0.026106732964442214,-0.2738152729794321,-0.009033824032800841,-0.08287207872078717,-0.11676196961655172,-0.042589894620176816,-0.9832750843501711,-0.9675721346460503,-0.966804979253112,-0.966804979253112,-2.1404378075683015,-0.8450385331201342,-1.0548341344694565,-2.209659398089746,-0.6523873345619031,-0.4757085020242916,0.0,-0.04868472712995675,0.774193548387097,0.0,-0.3468339988590988,0.25,0.0,2.1931330472103,0.0,-0.20826286542643158
1998-12-31,-0.33786994591264863,0.006053423594710505,0.009805125042940288,0.10045264040234692,-2.409155588310326,-0.23484820194928857,101.46613641841408,51.00391437308868,54.625,54.625,0.22953307740380313,-0.3847080963356099,-0.7937298711755234,-1.2613372266253502,0.4227191671887802,-0.34749034749034746,0.0,0.7657862154354107,8.0,0.0,-0.3468339988590988,0.0,0.0,2.1931330472103,-0.1250000000000001,-0.08574916081782114
1999-03-31,-0.03367646425429016,-0.4051220773057399,-0.01529613648164363,-0.13081563633039817,0.04479257185156582,-0.19867008296730115,-0.9718910832400289,-0.9624210833341174,-0.9617977528089887,-0.9617977528089887,-0.36349114144641304,0.5750025774081584,-1.0,-3.133964200205222,-0.6340447154471545,-0.3727810650887573,0.0,-0.2112890031553114,0.02020202020202011,0.0,-0.3468339988590988,0.0,0.0,2.1931330472103,0.028571428571428692,-0.3155318202047175
1999-06-30,0.01994399228779664,0.29581879051214477,0.004317905815679479,-0.3398650425028481,-0.04292997358510908,0.23166405286477754,-1.6817573221757323,-1.2579494241362044,-1.2352941176470589,-1.2352941176470589,-0.19126929804547876,-0.5305797386048745,inf,-1.8949083720681732,1.550495232805702,1.0094339622641506,0.0,-0.292191435768262,-0.023762376237623783,0.0,-0.3468339988590988,0.0,0.0,2.1931330472103,0.0277777777777779,0.9627763328998702
1999-09-30,-0.006749822077386947,0.0756596306068602,-0.02263824451171692,0.17583103228547148,-0.07383535905822902,0.26267121594224396,1.2235178593347245,2.3326862412035916,2.5000000000000004,2.25,1.1899097235283054,-0.5344891698428931,-3.736378374568267,-1.1302089552238805,-0.07915653467861938,0.6150234741784038,0.0,0.07682646012141503,-0.04056795131845825,0.0,-0.3468339988590988,0.0,0.0,2.1931330472103,0.10810810810810811,-0.0852173913043478
1999-12-31,0.06917501357629874,-0.003025285664642996,0.04131012328106043,-0.00436927731927339,-0.054982384959231245,0.04011161151360887,0.04631520839083625,0.06858890345128876,0.1428571428571428,0.15384615384615374,0.09245303274288785,7.228956565152272,-2.1231292341773784,-7.091701054562128,0.5236481160334228,-0.12790697674418605,0.0,-1.0800933125972005,-0.09090909090909105,0.0,-0.3468339988590988,0.0,0.0,2.1931330472103,0.07317073170731714,0.0013579576317219733
2000-03-31,0.017445531213956533,-0.00010251573616548715,-0.00572617891781213,-0.023166942598598417,-0.09632074430919724,0.07929440778636443,0.1186029334177483,0.878849822840011,0.6875,0.0,-0.2489337866787209,-0.4310363656219286,-1.075090020871081,-1.935345476441367,-0.3214599824098505,-0.1233333333333334,0.0,0.9466019417475726,-0.2302325581395348,0.0,-0.3468339988590988,0.0,0.0,2.1931330472103,0.11363636363636354,0.023686827592442006
2000-06-30,0.13359703526002153,0.0639046095800524,0.036725454136262936,0.17737947366588114,-0.3896942876036421,0.17270039507766377,0.4920290538628431,0.09552476971059698,-0.03703703703703709,0.4666666666666668,0.19468794975794834,0.7845809341010876,-8.18937080024435,0.14363885088919282,-0.541801685029164,1.0456273764258555,0.0,0.2842892768079801,-0.5861027190332326,0.0,-0.3468339988590988,0.0,0.0,0.2661290322580647,0.061224489795918435,-0.09644087256027567
2000-09-30,0.08058149894697353,0.12930644026636084,-0.0008855891483993128,0.1048184336886111,-0.6669778296382731,0.250767869227966,0.7288044509072518,0.6023238877118644,0.26923076923076916,0.40909090909090917,0.9897930128134924,-0.1634818771734844,-1.8508794290084118,-1.0498170560090065,0.05890673100923527,0.2602230483271377,0.0,0.3077669902912621,-0.6569343065693432,0.0,-0.08908296943231442,0.0,0.0,0.22558386411889586,0.0769230769230771,0.02218746945557637
2000-12-31,0.3588527127980219,0.4244412776161177,0.0247339286737025,0.4519874346297321,-8.839423365702274,0.25248837568824256,5.364076871034395,6.178790570832386,5.969696969696969,6.096774193548388,0.540288846814319,0.8495692795611365,0.15683043738765723,-18.975988700564972,-1.0,0.17551622418879043,0.0,2.112100965107647,-4.787234042553192,0.0,-0.07957813998082452,0.0,-0.05638554216867464,2.128627111303595,0.03571428571428559,-0.018932874354561147
2001-03-31,0.2620252619711114,0.240190263949295,0.2310791221386912,0.3551484010546955,0.37338777647239096,0.316825384768759,-0.7980491028458964,-0.7992891574933448,-0.808695652173913,-0.8136363636363637,0.47470091333990827,0.2911839218957579,-0.26151322888342177,-2.665985699693565,inf,0.17440401505646164,0.0,-0.09136450381679384,0.3651685393258428,1.2382978723404254,-0.6614583333333333,0.0,0.1210418794688457,-0.13192137320044306,0.034482758620689724,-0.08489278752436658
2001-06-30,0.074582447215233,0.14378803980291766,0.02905816605592859,-0.275498448867038,0.22143058051228648,-0.00613950335996305,-0.43823981333940365,-0.4364514926443176,-0.4545454545454546,-0.4390243902439024,-0.5606811760657915,-0.12010743747270691,-3.0123904149620104,-2.0,0.0,-0.1645299145299145,0.0,-0.1417694933053295,0.3168724279835391,-0.38783269961977185,-0.23384615384615381,0.0,0.2255125284738042,-0.1360229628448414,-0.01666666666666672,0.578762381510278
2001-09-30,0.0702168591311505,0.30355129293415595,0.03475309316324782,0.15133872956848893,0.16659561591486094,-0.13337879650755768,0.6463973660883879,0.6540213215276187,0.6666666666666667,0.6521739130434783,0.5879673038950723,0.03506720420969622,-0.25034851301115246,-1.8037541857284345,-0.1962458142715654,-0.2672634271099744,0.0,-0.12389109819516686,0.1656249999999999,-0.4440993788819876,-0.26907630522088355,0.0,0.0899628252788105,-0.03986710963455142,-0.06779661016949146,0.13222694461310125
2001-12-31,0.09383439570878771,0.17079737189954125,0.02825228493213716,-0.05728158507144565,0.2519221577107358,-0.25882441578663185,-0.3443114693576175,-0.3646474280088604,-0.375,-0.368421052631579,-0.21654834183141836,0.33731370733085053,6.414109716410971,4.900246449947189,5.900246449947189,0.12041884816753923,-1.582883802303543,-0.6274441340782122,-0.002680965147452974,-0.03910614525139666,0.0934065934065933,0.0,-0.07912687585266032,-0.5728565936178392,-0.12727272727272743,0.24191145802299951
2002-03-31,-0.011972355744002017,-0.24682954095793108,0.01575728217322947,0.03421366816433169,-0.0668732497879222,-0.49266694903289565,-1.6471788856304985,-1.729196426409704,-1.72,-1.75,0.04004220569067485,-0.5581624934922054,-1.1200796350582372,-0.9566592409897366,0.03705971393098295,0.0,-0.5022511255627813,-0.4779756326148079,-0.08333333333333337,0.005813953488372103,1.5628140703517586,0.0,-0.0722222222222223,-0.33483348334833496,-0.25,-0.27174590989780734
2002-06-30,0.031352710244800575,-0.3457379777576116,0.034668522427885096,0.10230713891351995,0.024206522103428663,1.162974753996171,-1.9074530558979192,-1.747161166080085,-1.777777777777778,-1.7222222222222223,-0.16853798477369408,1.6079991996353895,-1.9325065274151436,-27.538779256539698,-0.9483731304119654,0.19626168224299056,-0.16633165829145735,-0.1579892280071814,0.029325513196480912,0.300578034682081,1.2470588235294122,0.0,-0.0003992015968063978,-0.046008119079837595,-0.13888888888888884,-0.4064826404901508
2002-09-30,0.09201030972076563,-0.012522532134614406,0.1334163323534605,0.24635987412601557,0.0018611386077864722,0.019911174239500173,-0.33687532457156555,-0.37457227925165537,-0.4285714285714286,-0.3846153846153846,0.4235193995570503,0.24720710276071656,7.0666386672266555,-1.1649892785501832,3.030813214739517,-0.234375,-0.510548523206751,-0.486140724946695,0.002849002849002913,-0.2533333333333334,-0.09947643979057597,0.30000000000000004,-0.08186900958466459,-0.4865248226950354,-0.09677419354838701,-0.20768120768120768
2002-12-31,0.1300678722629156,1.4755159255952552,0.08723780918376489,0.07793288492529005,0.23556214249843843,0.2926047774268097,0.5806626506024097,0.6846667614040074,0.7500000000000002,0.625,-0.4318857908422349,-0.4444433052756048,0.7699178525974777,10.647573629598575,8.757939947986445,0.18537414965986398,-0.40394088669950734,-0.3319502074688797,0.12784090909090917,0.1785714285714286,1.5009689922480618,0.23076923076923084,0.1465854719443236,-0.4350828729281768,0.0714285714285714,1.2965816755393669
2003-03-31,0.310881733532526,-0.21361444648382677,0.21817289235887194,0.28236277640537444,0.5118193583918491,0.4613285656846404,1.8015168260985557,1.9516237874314637,1.4999999999999996,1.4615384615384617,0.25584166951935394,5.165579901822074,1.2670649914364533,-1.9431924016575257,-0.8465334340183414,0.14203730272596848,2.68801652892562,2.049689440993789,0.1687657430730478,0.015151515151515138,0.9275474622239444,0.1875,-0.0011380880121396597,2.1124694376528117,0.19999999999999996,-0.386750442261941
2003-06-30,0.06466976975165939,-0.025881686223990563,0.06376575433274145,0.22123194747073716,0.06624856197583617,0.14816348337117669,0.11877457182113749,0.08970750039295261,0.028571428571428692,-0.03125,1.8023765294996568,-0.6872309284048812,-0.9512560481196763,-0.9900063444209642,-0.05512577623408066,0.1871859296482412,0.20616246498599433,0.22606924643584514,0.0818965517241379,0.014925373134328401,-0.7121608040201005,0.21052631578947367,0.025446259020129203,0.1484681853888452,0.05555555555555558,-0.2023276633840646
2003-09-30,0.06082908086989458,0.12973697547283547,0.04832800499472922,0.02478172317858185,0.08261039500584921,0.057545688261228634,0.06832441634241238,0.07368117386344264,0.05555555555555558,0.06451612903225823,-0.0025109787773658354,-0.0908847313268577,-0.6841373598745897,-2.226252983293556,0.07154195327076773,0.06560846560846567,0.15838365071992588,0.2026578073089702,0.10756972111553798,-0.014705882352941346,-0.1627094972067039,0.13043478260869557,0.0477777777777777,0.13679890560875507,0.07894736842105265,0.10238184312258403
2003-12-31,0.07394076649405323,-0.09111565312027181,0.06223516424072395,0.2040912578576506,0.09369023649778785,0.009171728460517947,-0.21040530850567385,-0.23805569125549586,-0.23684210526315796,-0.24242424242424243,0.054900247034859406,0.6717860726892495,16.461091862533944,-0.1813935383417672,0.05465460782784959,0.22442899702085395,0.005613472333600766,0.04143646408839774,0.007194244604316502,0.10447761194029881,-0.056713928273561254,0.15384615384615374,0.04595263343937783,0.018050541516245522,0.0,-0.24513574660633486
2004-03-31,0.21546550733538172,0.6689875118281328,0.13657495859278512,0.4470687276383789,0.3447400465140438,0.2276147872985146,0.6229657071194845,0.6737513624414952,0.517241379310345,0.52,0.1701045928411251,0.543573394004395,1.9094048812926685,69.77698525915359,3.6678248441388828,0.041362530413625365,0.007575757575757347,0.01458885941644561,0.1071428571428572,0.03153153153153143,-0.06189213085764822,0.10000000000000009,-0.08617776275768851,0.0076832151300236795,0.0,0.15330436085718557
2004-06-30,0.14093879544295573,-0.058692700203686,0.20892403919953728,0.07882063961474439,0.046779667999754526,0.019823166627895183,-0.13709032773780971,-0.17822872574744786,-0.18181818181818188,-0.1842105263157895,-0.03798753547707523,0.17483825876965176,-0.22205571162084248,-1.7604471795974308,-0.5975346443183318,0.08021806853582558,-0.06015037593984962,-0.07450980392156858,-0.05161290322580647,-0.02183406113537112,0.029217719132893505,0.15151515151515138,-0.08210059171597628,-0.04340175953079184,-0.024390243902438935,-0.1274688149688149
2004-09-30,0.1712055279491742,-0.032363127338839615,0.17978439282949799,0.2145894030972335,0.1574834042860236,0.09664769838340082,-0.0029128711852195455,-0.0026336949808299925,-0.08333333333333326,-0.06451612903225812,0.1181981039396327,0.23700371289420574,0.5969491115792067,-0.7600098950418772,-0.35630992825006236,0.07858687815429,-0.11031578947368426,-0.11158192090395491,0.24319727891156462,0.1339285714285714,0.0787545787545787,0.10526315789473673,0.06970185334407741,-0.06866952789699565,-0.07500000000000007,-0.20327624720774384
2004-12-31,0.11017855346632666,0.0903369335930746,0.10398707271121976,-0.009308229103503596,0.1202727998824078,0.4958034030066878,1.1527169873647698,0.9063270432902961,0.7575757575757573,0.931034482758621,0.1161433867629178,-0.33292570764536755,-0.613582342450347,0.5526800176704463,-0.85947466020011,0.11898395721925126,0.07619498343587328,0.18759936406995248,0.16415868673050626,-0.09842519685039375,0.1553480475382003,0.11904761904761907,0.22071563088512236,0.06649111257406193,0.05405405405405417,0.10056074766355128
2005-03-31,0.13328895632232318,0.04475631673538438,0.21520355886088427,0.2094375970612674,0.0016813774015669303,-0.1683571271619052,-0.40054090861138014,-0.2672705987631242,-0.3275862068965516,-0.3571428571428572,0.2514371912688955,0.6465609014773557,1.5093016737253153,-0.836498565568912,-1.0,0.15651135005973726,-0.10202286719437115,-0.09906291834002678,-0.00235017626321965,-0.008733624454148492,-0.07641440117560616,0.1063829787234043,-0.11601357605677265,-0.04320987654320996,-0.05128205128205132,-0.1362092391304347
2005-06-30,0.14068470283497114,-0.0353070541588455,0.10218761791096975,2.5732496971020424e-06,0.21572021472122516,0.3376960878167081,0.5501079913606912,0.498799635289886,0.487179487179487,0.44444444444444464,0.10370458360433554,0.16355562521668543,0.22286405055737046,-1.0,inf,0.07799586776859502,0.04456415279138093,0.04011887072808329,0.07420494699646629,0.08370044052863435,0.09228321400159101,0.09615384615384603,-0.03525305410122159,0.03806451612903228,0.027027027027026973,-0.0353912701533623
2005-09-30,0.16023280789454875,1.3488669699268887,0.19879830861092174,0.751930790054244,0.09208374809107589,0.03322939109824441,-0.08665025621971423,-0.16809077057881316,-0.2068965517241378,-0.17307692307692313,-0.01538513111766271,-0.18359138498661365,-0.14384228439861857,inf,inf,0.48251078102539524,0.00046882325363339916,-0.008571428571428563,0.004385964912280826,0.378048780487805,0.302257829570284,0.08771929824561409,-0.07561505065122998,-0.015537600994406264,0.0,0.3408071748878925
2005-12-31,0.3034890501728622,-0.1192118585912415,0.2187476905213419,-0.03837985035824132,0.4678681127446318,0.6170201959102104,1.5568117612493504,1.8970541865972534,1.7173913043478262,1.697674418604651,0.3771254396920767,1.9290114655575943,2.5526368482052946,-1.5277257635599755,-0.5277257635599755,0.07950872656755004,0.232427366447985,0.12680115273775217,0.3438864628820961,0.07669616519174038,-0.0011185682326622093,0.08064516129032273,0.11624266144814088,0.19002525252525237,0.0,-0.08406810580723623
2006-03-31,0.11998030581329666,0.009125424519413228,0.0749585258210892,-0.18948081756010937,0.19249073947054596,0.11055986393897355,0.37831722004309154,0.39846514385223886,0.31199999999999983,0.24137931034482762,0.25885858533284756,-0.39992021636489106,-0.6005897794868145,-0.6758702944465151,-0.3621870158428707,-0.052095808383233466,0.2562737642585551,0.2941176470588234,0.23558082859463858,-0.2958904109589041,-0.2821948488241881,0.07462686567164178,0.12903225806451601,0.24190981432360736,0.07894736842105265,0.24514522821576756
2006-06-30,0.11127027158775915,0.38648680786068623,0.03567301371425158,0.11592085335356872,0.2210243272179706,-0.18541454215771425,-0.42297622502296695,-0.4500299717503834,-0.4695121951219512,-0.4305555555555556,0.11393569539969683,-0.06941875788559637,0.10653625335011574,-16.085966606871807,8.566682338191505,-0.042956411876184486,-0.1116828087167071,-0.042490118577075076,0.09927679158448366,-0.22568093385214005,-0.3338533541341655,0.08333333333333348,0.10031055900621122,0.018368218709952977,-0.07317073170731703,0.24233537723273813
2006-09-30,0.16618620828988462,0.15495093725633957,0.19250853478928698,0.1282335914671182,0.13377187079332953,0.218050196462662,0.5235632934429555,0.5734355429232103,0.4367816091954022,0.37804878048780477,-0.13028934216460086,0.5811153094633978,0.4717749517357446,-2.1145482706473486,-0.9980451579435935,0.020132013201320076,0.0006814310051108663,0.05572755417956654,0.1267942583732058,-0.07035175879396982,-0.059718969555035084,0.07692307692307687,-0.007056167090036647,0.09983221476510051,-0.02631578947368418,0.02371244635193115
2006-12-31,0.04369521059720616,-0.3966051263011199,-0.0027575156408816692,-0.057109514077929524,0.10386242472642504,-0.03203568342877694,-0.14037586511895106,-0.14748307442659714,-0.15999999999999992,-0.1415929203539823,0.9856018777840014,-0.21132627911460267,-0.7373746062124356,-1.0049322398332394,2.5181564245810057,0.005823358136525458,-0.14811031664964258,-0.08797653958944285,0.0721868365180467,-0.10810810810810823,-0.14943960149439595,0.0714285714285714,0.08186469584991474,-0.00877192982456132,-0.08108108108108103,-0.3600251545959542
2007-03-31,0.05384871226051735,0.059912347068861393,0.1131200355833828,0.15355572970601794,-0.015506505771556434,-0.15399488434628172,-0.4526499802699412,-0.4792485017171332,-0.5142857142857142,-0.48453608247422675,-0.4750289486339737,-0.17827877321285523,1.1505531714036632,-0.4453688297282308,0.5879317189360858,-0.04953361209392082,-0.27418065547561943,-0.24973204715969977,-0.020297029702970315,-0.11515151515151512,-0.007320644216691097,0.06666666666666665,-0.06883867577509195,-0.1531358214697962,-0.11764705882352955,-0.08123157549950866
2007-06-30,0.07632519819679784,0.05723630417007364,0.09655407710678943,0.01513761467889907,0.04956215581836232,0.3322784810126582,1.0077519379844961,1.1206896551724137,1.1372549019607843,1.02,0.17195496417604916,0.14178705189941154,0.10750279955207165,-1.0,0.0,0.16108291032148903,0.026431718061673992,0.0128571428571429,0.03183425972713505,0.18493150684931514,0.4793510324483774,0.07291666666666674,-0.014954853273137614,0.02771467514766024,0.0,0.04153297682709445
2007-09-30,0.07918110918544197,-0.010054137664346485,0.11294337274424393,0.07998192498870305,0.03251333218647856,-0.03705463182897861,-0.28185328185328185,-0.2967479674796748,-0.3027522935779817,-0.28712871287128716,0.10655021834061129,0.16447985004686028,0.22952477249747227,-inf,-0.5,0.004371903235208308,-0.14699570815450647,-0.15232722143864608,0.038197845249755114,-0.023121387283236983,-0.04785643070787626,0.06796116504854366,-0.03723861357777147,-0.11626878868258184,-0.06666666666666654,-0.08334759541331516
2007-12-31,0.028271270367024703,0.09062499999999996,0.040201285993849645,0.15523012552301263,0.010496501166277872,0.030093734583127807,-0.18548387096774188,-0.5404624277456647,-0.5526315789473684,-0.5694444444444444,0.21783741120757694,-0.4229376257545272,-1.0904605263157894,-0.5,-0.5,0.10417875798026688,-0.22704402515723277,-0.1530782029950083,0.025000000000000133,0.059171597633136175,0.24502617801047122,0.06363636363636349,0.08122582564712877,-0.2116058029014507,-0.0357142857142857,-0.056011949215832524
2008-03-31,0.08876163206871879,0.3939828080229226,0.1821113738980864,0.5284317276349149,-0.054410552349546615,-0.22844827586206895,-1.4356435643564356,-1.89937106918239,-1.852941176470588,-1.935483870967742,-0.029163966299416755,0.8654114365411436,-11.7,-1.0,0.0,0.10749014454664918,-0.32872253864930834,-0.3163064833005894,-0.10492406810860566,0.0837988826815641,0.3952901597981495,0.05128205128205132,-0.13566318106769404,-0.30774111675126903,-0.03703703703703709,-0.08801424050632922
2008-06-30,0.13630386707309783,0.631551901336074,0.2616860676609676,0.7291469194312796,-0.10409764603312988,0.0,11.098484848484848,10.531468531468532,9.931034482758621,9.931034482758621,-0.16154873164218964,0.3659813084112149,1.036533559898046,-inf,-1.0,0.3448030374940674,-2.5103030303030303,-1.9166666666666665,-0.14910025706940866,0.5000000000000002,0.951778179626281,0.0650406504065042,-0.19707099649793058,0.0,0.0,-0.05638690088917808
2008-09-30,0.05246824290560981,0.2948031496062993,-0.14906115976501966,-0.5065095244621077,0.5966329311015959,3.649906890130354,-3.074514715090795,-2.99029714978775,-2.8706624605678233,-2.769716088328076,0.23487261146496818,-0.48768472906403937,-0.04672507300792661,-1965.0,inf,-0.07217222516322574,-2.1219903691813804,-2.6645768025078373,0.5987915407854985,0.09278350515463907,0.0,0.05343511450381677,0.5757335448057097,0.0,0.0,1.623764651804183
2008-12-31,-0.03933230046479086,0.0440282169788373,-0.06200499767057732,0.005554012774229289,-0.0067044554153714575,0.0,-1.2598853003320254,-1.2641681901279709,-1.254637436762226,-1.2691622103386808,-0.39974210186976145,-0.12232905982905984,-0.7824945295404814,-1.109470468431772,-0.10947046843177188,-0.5692278432864207,-0.655937052932761,-0.6365348399246704,-0.04421768707482998,-0.729559748427673,-0.7155651636812848,0.050724637681159424,0.03371917463512841,0.0,0.0,0.03827960756832516
2009-03-31,-0.2284621787535116,-0.3352749301025163,-0.19433783356662304,-0.07152720243026789,-0.2748358593606185,-0.7336804164997998,5.666666666666667,5.627450980392157,5.37748344370861,5.37748344370861,0.3544575725026853,0.44065733414485697,-2.126760563380282,6.748837209302326,-0.952544311034877,-0.26269315673289184,-8.873180873180873,-7.927461139896374,-0.2854883353103993,-0.2325581395348837,1.8327904451682953,0.05517241379310356,-0.07132424537487825,0.0,0.0,-0.28406310638656884
2009-06-30,0.02724115842351904,0.033298282509639066,0.03497169758448693,-0.11540749553837004,0.015569470299543031,-0.16140350877192977,-1.0423344947735191,-1.0412460842325095,-1.0404984423676011,-1.0404984423676011,-0.415543219666931,-0.5361216730038023,-2.4857142857142858,-1.2827130852340938,5.674698795180723,0.2305389221556886,-0.4008449960390811,-0.3425579655946148,-0.004980630879911407,0.7272727272727271,0.0,0.045751633986928164,-0.00760157273918749,0.0,0.0,0.16815932123497523
2009-09-30,-0.02461518264465523,-0.14925373134328357,-0.08539557047706725,-0.15467383994620043,-0.001999666722212967,0.08248655110579795,-0.2098765432098766,-0.21518987341772156,-0.23076923076923084,-0.23076923076923084,0.5373134328358209,-0.8278688524590164,-2.175480769230769,-1.0721868365180467,-0.06137184115523464,0.12895377128953767,1.1758483913618338,1.186575654152446,-0.011679644048943283,0.13157894736842124,0.0,0.04999999999999982,0.023243528790280132,0.0,0.0,0.006355291031978405
2009-12-31,0.006561458999293279,-0.02472089314194581,0.04043812907045585,0.06921241050119331,-0.04458173317749203,0.2274986195472115,-3.734375,-3.849462365591398,-3.8,-3.8,0.08120035304501316,8.566137566137566,-1.378323108384458,5.264705882352941,-0.4096153846153846,0.12198275862068964,0.04577678752278702,0.013007284079084247,-0.052335396736072015,0.13178294573643412,0.0,0.04761904761904767,-0.05265875064532788,0.0,0.0,-0.08781074578989578
2010-03-31,0.012502507187270195,0.3634505314799672,0.028395834518864183,0.1618303571428572,0.06745893044390083,0.2586594691857851,-2.4057142857142857,-2.3811320754716983,-2.392857142857143,-2.3571428571428568,-0.03428571428571425,-0.4391592920353983,-0.8918918918918919,-1.9812206572769953,0.6807817589576548,-0.013830195927775568,-1.10575246949448,-1.110426296866975,0.071852731591449,0.041095890410958846,0.0,0.03977272727272729,0.056948228882833796,-0.32630614115490386,0.0769230769230771,0.17351648351648352
2010-06-30,0.06210380348652933,-0.09505247376311843,-0.03972996901283754,0.17034902337496005,0.21275376555337266,-0.2809149392423159,-0.6544715447154472,-0.6789617486338797,-0.6837606837606838,-0.6754385964912281,0.5173288250211328,1.6804733727810652,24.2,-0.5933014354066986,0.1647286821705427,-0.10206466692637328,-0.007326007326007411,0.0046511627906977715,-0.004986149584487509,-0.1578947368421053,-0.10770410118819462,0.043715846994535346,-0.05826243877287962,-0.04217687074829923,0.03571428571428559,-0.22680026219683502
2010-09-30,0.0672697317293045,0.0844930417495029,0.09830586608274738,0.12804377564979474,0.030914613567330385,0.28280318091451284,1.1882352941176473,1.1914893617021276,1.1891891891891895,1.0270270270270272,-0.44679665738161556,-0.2888153053715967,-0.059523809523809534,-0.9058823529411765,0.01331114808652245,-0.07418655097613891,0.7287822878228785,0.4999999999999998,-0.4766146993318485,-0.07031250000000011,-0.054982817869415834,0.03664921465968596,-0.5097180399671503,0.40625,0.034482758620689724,-0.03863388639941867
2010-12-31,0.08289400867969587,-0.0021387106630003094,0.14979013641133254,0.0890128547174387,-0.0005892751915144157,-0.23479271600154983,-0.6003584229390682,-0.6485436893203884,-0.654320987654321,-0.6000000000000001,0.15407854984894254,0.46818416968442844,0.25,-64.375,-0.8325123152709359,0.1073102155576382,0.6969050160085377,0.6358024691358024,0.9734042553191489,1.1092436974789917,-0.24363636363636365,0.04040404040404044,0.8319374651032942,0.793939393939394,-0.06666666666666654,-0.08364827412446452
2011-03-31,-0.06398773501170019,0.08511941212492347,-0.09628108601414553,0.03986636971046775,-0.017623165618448677,-0.18379746835443034,-1.726457399103139,-2.132596685082873,-2.142857142857143,-2.0666666666666664,-0.3534031413612565,-1.7762508809020436,-2.8540084388185654,-2.4733727810650885,7.3235294117647065,0.3093525179856116,-0.5654088050314465,-0.5245283018867924,-0.022102425876010745,-0.33466135458167323,-0.2734375,0.03883495145631066,0.04480341359341655,-0.5,-0.14285714285714302,0.04344239758042345
2011-06-30,0.05333333333333323,-0.1179458239277652,0.06907346629638988,0.22681516384664802,0.03254418139379789,1.0583126550868487,-4.148148148148149,-3.2780487804878047,-3.3125,-3.125,0.8245614035087718,-2.108942351339083,-1.1597633136094674,-1.9906291834002676,-0.8716136631330977,0.001616031027795728,0.29956584659913177,0.2539682539682542,0.03583241455347297,0.0239520958083832,1.3300248138957818,0.04205607476635498,-0.011668611435239229,0.13738738738738743,0.12500000000000022,-0.28102766798418977
2011-09-30,0.09455477957223923,0.110044785668586,0.12520663108676144,0.08152932960893855,0.05263837757540535,0.19861362266425564,0.807843137254902,0.8822269807280514,0.8648648648648647,0.8088235294117645,0.20636094674556205,0.42243143675808437,4.2592592592592595,-1.0027027027027027,0.0183486238532109,-0.01129396579541786,0.18262806236080165,0.2689873417721518,0.06865353911655125,-0.04678362573099415,-0.22861199858004977,0.03587443946188351,-0.02626918536009437,0.20297029702970293,0.07407407407407396,0.02638812534359558
2011-12-31,0.04269478091819945,-0.08443804034582136,0.0020987239758227805,0.14317998385794994,0.02000245428886971,-0.3140558209705808,-0.4880694143167028,-0.5119453924914676,-0.5217391304347825,-0.5203252032520325,0.33599019006744335,-0.39654676258992805,-0.914409534127844,119.0,2.1621621621621623,-0.1533942558746736,0.15630885122410554,0.13216957605985047,0.019422310756972205,-0.20858895705521463,-0.36861481822365394,0.03896103896103886,-0.017277963019096787,0.11028806584362139,0.034482758620689724,-0.19907159435815036
2012-03-31,0.08973347675391419,0.23512747875354112,0.11816201725726727,-0.05902287489409774,-0.00559432146294514,-0.11326979472140764,-1.0593220338983051,-1.1655011655011656,-1.1666666666666667,-1.1864406779661016,-0.8742542450665443,0.7405817835002384,20.917721518987342,-0.6375,0.24786324786324787,-0.10370084811102553,0.05374592833876202,0.0066079295154184425,-0.006350757205666802,-0.11627906976744196,-0.2223032069970846,0.03750000000000009,-0.08883405305367054,0.015567086730911894,0.0,0.31252786446723135
2012-06-30,0.042488319550768816,0.15086646279306826,0.03907098707623158,-0.06077430972388953,0.05420119774968235,0.40099214551467544,-35.714285714285715,-14.084507042253522,-14.181818181818182,-12.727272727272728,0.0,0.0,0.0,5.735632183908046,1.3378995433789953,-0.20387096774193547,0.22565687789799083,0.16849015317286664,0.061455260570304926,-0.20175438596491213,-0.27460168697282095,0.03614457831325302,0.0233581584292486,0.2635036496350365,-0.033333333333333326,0.2253736413043479
2012-09-30,-0.03903126709590543,-0.2003985828166519,0.008724493474655759,0.031474676465889084,-0.12050266827336886,-0.12363529064620837,-3.0699588477366255,-3.2120559741657697,-3.2,-3.4728682170542635,2.4635036496350367,-0.11424657534246574,-0.5931273462315911,-2.5051194539249146,-0.861328125,0.006482982171798879,-1.360655737704918,-1.247191011235955,-0.14543770264011124,-0.05494505494505497,-0.19767441860465118,0.0348837209302324,-0.11147866357922598,0.0,-0.13793103448275856,-0.22480942480942478
2012-12-31,-0.08889667403822998,-0.18360564940459712,-0.1524303073624017,-0.0294299876084263,0.01578913029294715,0.19124579124579122,-1.1486083499005963,-1.1250608272506082,-1.1253918495297806,-1.1285266457680252,0.0,0.0,0.0,-1.1643990929705215,1.0211267605633805,0.01717659688674189,0.24999999999999978,0.2954545454545454,0.01571815718157188,0.1976744186046513,0.0,0.033707865168539186,0.11913626209977646,0.0,0.08000000000000007,-0.15876989093509752
2013-03-31,0.020907932998486034,-0.02170963364993217,0.03170988825637777,-0.07676348547717837,0.008414156336309375,-0.03222159412097225,-0.8060200668896321,-0.9416342412451362,-0.95,-0.9512195121951219,-0.026343519494204437,-0.46025363439529854,-0.5975869410929737,-2.7517241379310344,-0.8850174216027875,0.03641160949868083,-0.07692307692307676,-0.09941520467836262,0.011739594450373758,0.01941747572815533,0.0,0.02898550724637694,-0.010312707917498276,0.0,0.11111111111111094,0.05951115834218923
2013-06-30,-0.007909418328193807,0.24549237170596383,-0.0214983447092002,-0.028522039757994833,0.021337579617834335,0.3653621495327102,9.0,29.466666666666665,34.0,32.0,0.38636363636363646,-1.0974212034383954,-2.4232804232804233,-3.5354330708661417,19.515151515151516,0.04582484725050917,0.5954545454545455,0.6233766233766234,0.02795358649789015,0.028571428571428692,0.0,0.03169014084507049,0.03462184873949581,0.0,0.13333333333333353,0.28204613841524573
2013-09-30,0.003393047811128147,0.11191536748329622,-4.176934965127721e-05,0.010320284697508786,0.010040536326785254,0.04106951871657749,-0.6517241379310346,-0.6586433260393874,-0.6571428571428571,-0.6363636363636365,0.058548009367681564,-3.776470588235294,-0.28872366790582404,-0.5186335403726707,0.4579025110782866,0.1626095423563778,-1.6562203228869894,-2.08,0.01334017444843516,0.13888888888888884,0.0,0.030716723549488067,0.009096816114359862,-0.6903523974581167,0.1470588235294117,0.10061023314035356
2013-12-31,-0.011965569428679546,-0.08462694041061591,-0.012447786131996708,-0.028707291299753468,-0.012410471721412741,-0.0671871789603452,-1.5742574257425743,-1.9871794871794872,-1.9583333333333335,-1.9583333333333335,-0.22345132743362828,0.9491525423728813,-0.5069686411149825,-1.4838709677419355,-0.15197568389057747,0.13316582914572872,-0.4688856729377713,-0.36296296296296293,-0.017215189873417747,0.11382113821138229,2.276972624798712,0.0298013245033113,-0.003541532517707613,-0.4944029850746269,0.07692307692307687,-0.057577480807506354
2014-03-31,0.019697477382604855,0.16931072210065645,0.020556636494374336,0.08032638259292835,0.021631759924976457,0.11145374449339207,-4.663793103448276,-3.4285714285714284,-3.478260869565217,-3.347826086956522,0.22602089268755932,0.08586956521739131,-0.558303886925795,-2.1133333333333333,0.19952210274790927,-0.04915003695491493,0.7356948228882834,0.5058139534883721,0.02679031427099421,-0.02919708029197088,0.8324324324324324,0.02893890675241173,0.007108239095314994,0.6051660516605166,0.0714285714285714,0.08236536430834218
2014-06-30,-0.03469076399483628,0.022222222222222143,-0.05495689655172409,-0.02786169855656262,-0.008506211370173156,0.02100673801030517,-0.5505882352941176,-0.6122994652406417,-0.6140350877192982,-0.5925925925925926,0.047250193648334715,-0.21821821821821819,-0.09599999999999997,1.7425149700598803,0.4561752988047809,0.11037699183832106,-0.37676609105180536,-0.35521235521235517,-0.009533366783743169,0.07518796992481191,-0.3668543845534996,0.02499999999999991,0.025024061597690217,-0.3885057471264368,0.04444444444444429,0.05156794425087097
2014-09-30,-0.014807790502589513,-0.2839816933638444,0.0037277431804227934,-0.03280386740331487,0.007283051475126534,0.10694875776397517,2.4659685863874348,0.16551724137931045,0.18181818181818188,0.18181818181818188,-0.14053254437869822,0.4827144686299616,11.176991150442477,-3.995633187772926,-0.9384404924760602,-0.07805390269513479,0.02267002518891692,0.6766467065868265,0.009625126646403359,-0.0699300699300699,0.44896230410842874,0.027439024390244038,0.024100156494522684,-0.018796992481202923,0.042553191489361764,-0.25964214711729616
2014-12-31,0.005750530628362727,1.3867050175775009,-0.014899287805304362,0.04659050339164583,0.0357230392156862,-0.11450113975100829,-0.03474320241691842,2.4615384615384617,2.3846153846153846,1.7307692307692304,-0.28657487091222034,-3.929188255613126,-0.8524709302325582,-3.9285714285714284,44.644444444444446,-0.22475322703113132,1.3423645320197046,0.6607142857142856,0.04415454089312587,-0.23308270676691734,-0.24437299035369775,0.026706231454005858,0.03789731051344747,1.329501915708812,0.04081632653061229,1.2803437164339422
2015-03-31,-0.156511496650389,-0.2771826459560792,-0.11292468730595229,-0.0847688896469384,-0.22629119091285566,-0.4534653465346534,-6.851330203442879,-7.464957264957265,-7.5,-9.056338028169014,-0.48974668275030153,-1.4339622641509435,-0.2512315270935961,-1.2989049278247884,-0.2923563777994158,-0.14642507345739475,-3.413249211356467,-2.232258064516129,-0.2763094666025948,-0.17647058823529416,-0.6100580270793037,0.026011560693641522,-0.1419316843345112,0.0,-0.05882352941176472,-0.21023708588475432
2015-06-30,-0.16800977511418846,-0.21619118191922937,-0.08225000000000005,-0.04435333581811407,-0.31503287964520565,0.0989130434782608,0.09868948916822684,0.09756742464304602,0.09615384615384603,0.09615384615384603,-0.2576832151300237,-0.2934782608695652,-0.14473684210526316,-0.28726061615320564,-0.2944616443068455,-0.1990820424555364,1.908932461873638,2.167539267015707,-0.41168658698539184,0.1071428571428572,0.0,0.0,-0.2923816060398078,0.0,-0.04166666666666663,-0.17982107355864818
2015-09-30,-0.2556822155395482,-0.15410068541715904,-0.08798692454372103,-0.1113494539781591,-0.5219915159633847,-0.046158918562479445,0.13242453748782856,0.13105275837147667,0.12918660287081352,0.12918660287081352,0.01273885350318471,-0.6221153846153846,0.6692307692307693,-0.6588785046728972,-0.14236957581667475,-0.3581661891117478,0.0,1.0909090909090908,-0.7934537246049661,0.08602150537634401,0.0,0.0,-0.7221144519883609,0.0,-0.0434782608695653,-0.04811537995394488
2015-12-31,-0.1845814150145636,-0.30706901369097517,-0.10633213859020307,-0.19135396093921442,-0.5007006071929005,0.4096094020048393,-0.5300945829750645,-0.5254526091586795,-0.5254237288135594,-0.5254237288135594,-0.4371069182389937,0.38931297709923673,1.6129032258064515,2.1986301369863015,-0.5309835133598635,-0.267857142857143,0.0,0.5233201581027667,-1.7595628415300546,2.5445544554455446,0.0,0.0,0.0,0.0,0.13636363636363646,-0.14311179017061382
2016-03-31,-0.1152272858212825,-0.3983870967741936,-0.07847593582887702,-0.2312075983717775,-0.38681010289990647,-0.5210887690044139,-0.5786825251601098,-0.5673249551166966,-0.5714285714285714,-0.5714285714285714,-3.35195530726257,-0.5,-0.7971781305114638,-0.13383297644539616,-0.9806060606060606,-0.44664634146341464,0.0,-0.005881335409098742,0.8129496402877698,0.0,0.0,0.0,0.0,0.0,0.15999999999999992,-0.2173848439821694
2016-06-30,-0.12176857459139157,-0.193029490616622,-0.03829972435804441,0.33321567243205075,-1.0244088482074751,-0.16948284690220172,0.9001085776330076,0.8589211618257262,0.7222222222222223,0.7222222222222223,-1.2256532066508314,-1.6373626373626373,1.4434782608695653,-0.9851668726823238,-0.75,0.5316804407713498,0.0,-0.01931442491734814,0.5674603174603174,0.0,0.0,0.0,0.0,0.0,0.0862068965517242,-0.3947218530472755
2016-09-30,-0.07147623637576928,-0.11378737541528239,0.014858953084929905,-0.045274027005559936,36.21875,0.4032059186189889,-0.33999999999999997,-0.33203125,-0.3790322580645161,-0.3790322580645161,2.957894736842105,-3.7586206896551726,-1.3701067615658362,-1.0,0.0,0.10431654676258995,0.0,-0.27342086586231373,0.2050632911392405,0.0,0.0,0.0,0.0,0.0,0.07936507936507953,-0.07183186951066489
2016-12-31,0.040325800527030164,1.007497656982193,0.057673727238944705,0.011647254575707144,0.22586062132661633,-0.11203866432337439,-0.5021645021645021,-0.1871345029239766,-0.2857142857142857,-0.2857142857142857,-1.675531914893617,-0.83125,10.663461538461538,inf,219.5,0.08631921824104238,0.0,-0.2097680097680097,-0.25210084033613445,0.0,0.0,0.0,0.0,0.0,-0.1470588235294119,0.9844542075025349
2017-03-31,-0.10201105311636471,-0.3650793650793651,-0.09338767479446275,-0.23574561403508776,-0.00068493150684934,0.3621969322117764,-1.2434782608695651,-1.077081192189106,-1.0727272727272728,-1.0727272727272728,-1.389763779527559,-5.691358024691358,-1.9167353668590272,-1.7209567198177678,-0.717687074829932,-0.08545727136431791,0.0,-0.18634116192830663,-0.030898876404494402,0.0,0.0,0.0,0.0,0.0,0.1724137931034484,-0.16927792915531337
2017-06-30,0.018890503461834296,-0.08308823529411768,-0.023097194233452134,-0.22596843615494977,-0.3570938999314599,-0.1714493280058118,2.5285714285714285,5.266666666666667,5.5,4.874999999999999,-2.5858585858585856,-2.586842105263158,-1.4712230215827338,-0.6271721958925751,-0.9477911646586346,-0.10163934426229493,0.0,-0.6612229396126091,-0.1681159420289855,0.0,0.0,0.0,0.0,0.0,0.11764705882352944,0.18450184501845013
2017-09-30,0.0051174496644295075,-0.05533279871692065,0.006426531259917434,0.027803521779425466,0.02025586353944564,-0.14818062253397635,-1.0364372469635628,-1.0872340425531914,-1.0961538461538463,-1.1063829787234043,-3.1082802547770703,-0.3714759535655058,-0.9236641221374046,-0.9661016949152542,-0.6153846153846154,-0.2007299270072993,0.0,-1.0381165919282511,0.006968641114982521,0.0,0.0,0.0,0.0,0.0,-0.02631578947368418,-0.08082381446867426
2017-12-31,0.03705867623737591,0.2945670628183361,0.00882932597556163,0.062218214607754785,-0.48171368861024033,0.2964487905301081,-19.5,-8.536585365853657,-7.999999999999999,-8.6,0.42598187311178237,0.5461741424802111,1.85,-1.0,0.0,-0.1095890410958904,0.0,22.23529411764706,-0.17647058823529416,0.0,0.0,0.0,0.0,0.4078947368421051,0.06756756756756754,0.2187911881001694
2018-03-31,-0.027283702213279692,-0.19737704918032783,-0.04797999531140107,-0.000848896434634927,-0.5564516129032258,-0.01190948789202062,-0.12012012012012008,-0.1326860841423948,-0.1428571428571428,-0.23684210526315796,0.38983050847457634,-0.9197952218430034,-6.350877192982456,-inf,-0.19999999999999996,-0.12051282051282042,0.0,0.15316455696202524,-0.13025210084033612,0.0,-0.6130952380952381,0.0,0.0,0.27336448598130847,-0.03797468354430378,-0.1966630619496369
2018-06-30,0.021098791990733057,0.013071895424836555,0.02257243700238032,0.22047578589634664,0.09090909090909083,-0.09401366010445966,-1.0580204778156996,-1.1492537313432836,-1.1333333333333333,-1.1379310344827587,-0.33689024390243905,11.680851063829786,-1.2622950819672132,0.0,-0.25,0.20408163265306123,0.0,-0.46871569703622395,0.009661835748792313,0.0,-0.028205128205128216,0.0,0.0,-0.5055045871559632,-0.013157894736842146,-0.17000000000000004
2018-09-30,0.025767765983307767,-0.0040322580645161255,0.01926472949109015,0.03585102680125307,-0.32499999999999996,0.07228381374722836,-5.9411764705882355,-2.5,-2.75,-2.75,0.1586206896551725,-0.07885906040268453,-0.7125,-2.0,0.33333333333333326,0.14769975786924938,0.0,0.1570247933884299,-0.03827751196172258,0.0,1.1556728232189974,0.0,0.0,0.144712430426716,0.040000000000000036,-0.038461538461538436
2018-12-31,-0.13523975037522706,0.2939271255060729,-0.17467317687824857,-0.04973118279569888,-3.123456790123457,0.26923076923076916,5.107142857142857,7.116666666666667,6.428571428571428,7.285714285714285,-0.1964285714285714,-3.5081967213114753,-39.73913043478261,-1.0,0.0,-0.2932489451476793,0.0,0.29821428571428577,-0.5970149253731343,0.0,-0.4137086903304773,0.0,0.0,0.22852512155591587,0.08974358974358965,0.3616867469879519
2019-03-31,0.5197771078834383,-0.1458072590738423,0.1926526717557251,0.036067892503536036,10.909883720930232,-0.28445747800586507,-1.04093567251462,-1.0903490759753593,-1.0576923076923077,-1.0517241379310345,0.125925925925926,-1.6216412490922294,-1.2267115600448935,inf,1.0,-0.19701492537313436,0.0,-0.41540577716643734,-2.8271604938271606,0.0,-0.3757828810020877,0.0,1.5445026178010477,-0.38522427440633245,-0.10588235294117643,-0.1755441514776147
