Quarter end,Assets,Current Assets,Liabilities,Current Liabilities,Shareholders equity,Revenue,Earnings,Earnings available for common stockholders,EPS basic,EPS diluted,Cash from operating activities,Cash from investing activities,Cash from financing activities,Cash change during period,Cash at end of period,Price,ROE,ROA,Book value of equity per share,P/B ratio,P/E ratio,Cumulative dividends per share,Equity to assets ratio,Net margin,Asset turnover,Current ratio
1993-12-31,-0.001035598705501628,,0.004987244897959098,,-0.07285171102661592,0.0015449128227764675,0.18421052631578938,0.18421052631578938,0.17721518987341778,-0.2883116883116883,-0.59375,-62.5,-10.852941176470589,-2.152941176470588,0.1403798513625103,-0.012465373961218829,0.3127001067235857,-0.8681318681318682,-0.07227722772277234,0.09859154929577474,-0.1821192052980133,inf,-0.07235142118863036,0.30232558139534893,0.0,
1994-03-31,-0.001035598705501628,,0.004987244897959098,,-0.07285171102661592,0.0015449128227764675,0.18421052631578938,0.18421052631578938,0.17721518987341778,-0.2883116883116883,-0.59375,-62.5,-10.852941176470589,-2.152941176470588,0.1403798513625103,-0.012465373961218829,0.3127001067235857,-0.8681318681318682,-0.07227722772277234,0.09859154929577474,-0.1821192052980133,inf,-0.07235142118863036,0.30232558139534893,0.0,
1994-06-30,-0.006655907264952243,,-0.0040486857636024,,-0.04035433070866146,0.0015449128227764675,0.18421052631578938,0.18421052631578938,0.17721518987341778,-0.2883116883116883,-0.59375,-62.5,-10.852941176470589,-2.152941176470588,-0.14192614047791452,0.02103786816269282,0.3127001067235857,-0.8681318681318682,-0.039487726787620026,0.09859154929577474,-0.1821192052980133,1.125,-0.03342618384401108,0.30232558139534893,0.0,
1994-09-30,0.019947344702450076,,0.020797227036395194,,0.008547008547008517,0.01366240634640814,-0.0888888888888889,-0.0888888888888889,-0.08602150537634412,-0.2883116883116883,-0.782051282051282,-0.7593495934959349,0.7194029850746269,-3.433673469387755,0.4025316455696202,0.017857142857142794,0.3127001067235857,-0.8681318681318682,0.008888888888888946,0.0512820512820511,-0.1821192052980133,0.47058823529411753,-0.011527377521613924,0.30232558139534893,0.0,
1994-12-31,0.0011394818845635868,,0.0023344651952461604,,-0.015084745762711904,0.0267391304347826,0.47967479674796754,0.47967479674796754,0.48235294117647065,-0.2883116883116883,10.058823529411764,8.013513513513514,1.0572916666666665,-0.9350104821802935,0.01865222623345364,-0.037786774628879916,0.3127001067235857,-0.8681318681318682,-0.018722466960352402,-0.03658536585365846,-0.1821192052980133,0.3600000000000001,-0.0160349854227404,0.30232558139534893,0.0,
1995-03-31,0.03188079254837284,,0.029505174926205857,,0.06470487007399761,0.006563624814736491,0.5934065934065933,0.5934065934065933,0.5873015873015872,-0.2883116883116883,1.5265957446808511,-0.36881559220389803,-0.22616033755274256,16.741935483870968,0.3248670998227998,0.0813464235624124,0.3127001067235857,-0.8681318681318682,0.06509539842873169,0.10126582278481,-0.1821192052980133,0.23529411764705865,0.031111111111110867,0.30232558139534893,0.0,
1995-06-30,0.03249406282710732,,0.027159448342608306,,0.1037659608857282,-0.00021034917963824729,-0.2931034482758621,-0.2931034482758621,-0.29500000000000004,-0.2883116883116883,-0.488421052631579,0.5724465558194773,-0.4591057797164667,-1.9745454545454546,-0.2389656709763709,0.06095979247730221,0.052032520325203224,-0.8681318681318682,0.10221285563751326,-0.011494252873563204,-0.1821192052980133,0.2142857142857144,0.06896551724137923,0.08418367346938793,-0.045454545454545525,
1995-09-30,0.02196568338892879,,0.02885577998939981,,-0.06369893102943325,-0.02335367136545341,-3.7609756097560973,-3.7609756097560973,-3.75177304964539,0.0,-2.5432098765432096,-0.7235649546827795,0.6512096774193548,-1.126865671641791,0.0398359695371997,0.24694376528117346,-0.8639876352395672,-0.8681318681318682,-0.10516252390057379,0.13953488372093026,0.14574898785425106,0.1568627450980391,-0.08333333333333326,-0.8611764705882353,0.0,
1995-12-31,0.022976245079947555,,0.015923530421841914,,0.11933062245855486,0.035329599310641946,-1.4982332155477032,-1.4982332155477032,-1.4961340206185567,0.0,-3.029333333333333,2.226775956284153,-0.6996336996336996,-4.1764705882352935,-0.12169014084507046,0.14509803921568643,0.8068181818181819,0.9166666666666667,0.11111111111111116,0.2755102040816326,8.171967020023557,0.15254237288135597,0.09384164222873914,0.8813559322033899,-0.04761904761904756,
1996-03-31,-0.005067620408120699,,-0.0021634777905482627,,-0.04107866424479534,-0.03349979192675823,-0.15602836879432624,-0.15602836879432624,-0.19480519480519476,0.13138686131386845,-1.1038107752956636,-1.2870448772226926,-3.2195121951219514,0.34259259259259256,-0.18601667735728034,0.08818493150684947,-0.2672955974842768,-0.26086956521739135,-0.04134615384615381,-0.02400000000000002,-0.45190702452805964,0.11764705882352944,-0.036193029490616535,-0.2432432432432433,0.0,
1996-06-30,0.0050515107370803225,,0.005194570544526433,,0.0032055952207490357,0.018514531754574737,-0.02941176470588236,-0.02941176470588236,-0.032258064516129115,-0.032258064516129115,-1.2658227848101267,-0.2359882005899705,-0.8095238095238095,-1.5689655172413794,0.1300236406619386,-0.04484657749803311,0.16309012875536477,0.11764705882352944,0.010030090270812364,0.0,0.3263823805060919,0.11842105263157898,-0.0013908205841446364,0.16666666666666674,0.0,
1996-09-30,0.015099218969957917,,0.0148852989417394,,0.017864923747276773,-0.009723102938068107,0.21645021645021645,0.21645021645021645,0.22999999999999998,0.0,18.0,-0.45945945945945943,-2.0288461538461537,2.963636363636364,0.4560669456066946,0.04283360790774293,4.4575645756457565,4.63157894736842,0.028798411122144874,0.032786885245901676,-0.0809044338456103,0.10588235294117654,0.002785515320334442,4.581632653061225,0.0,
1996-12-31,0.01628196040966845,,0.015331141588903918,,0.028538812785388057,0.04354322305229452,0.08896797153024916,0.08896797153024916,0.10027100271002709,0.0,-0.10025062656641603,-8.821428571428571,-1.4672897196261683,-2.224770642201835,-0.3836206896551724,0.1492890995260665,0.021636240703177823,0.01869158878504673,0.044401544401544424,0.11111111111111094,-0.8154910628483567,0.09574468085106402,0.012499999999999956,0.018281535648994485,0.0,
1997-03-31,-0.001819431528726767,,-0.0009703022109808224,,-0.012624861265260856,-0.04990795663734915,-0.05882352941176472,-0.05882352941176472,-0.049261083743842304,0.0,-0.12256267409470756,-0.8858447488584476,3.92,-0.920099875156055,-0.049728049728049784,0.1326460481099656,0.03772336201191262,0.03669724770642202,-0.01201478743068396,0.08571428571428585,0.11562500000000009,0.08737864077669921,-0.010973936899862924,0.04847396768402157,-0.050000000000000044,
1997-06-30,0.04972051198963068,,0.04887870355213608,,0.060559224392300104,0.01593110871905279,-0.03125,-0.03125,-0.033678756476683946,0.0,-0.8793650793650793,2.384,-4.520325203252033,-8.28125,0.38103025347506136,0.10012135922330079,0.01913265306122458,0.026548672566371723,0.05986903648269415,0.11842105263157898,0.04295051353874868,0.08928571428571419,0.009708737864077666,0.04280821917808231,0.0,
1997-09-30,0.026682873184001865,,0.024169215722995574,,0.05869104398516156,0.09811400720491625,0.0,0.0,-0.002680965147452974,0.0,8.710526315789474,-0.10874704491725773,-1.248267898383372,-1.4699570815450644,-0.12966252220248664,0.15223386651958082,-0.034418022528160286,-0.025862068965517238,0.058252427184465994,0.08235294117647074,0.09758281110116385,0.07377049180327866,0.03159340659340648,-0.026272577996716007,0.0,
1997-12-31,0.01664035780057871,,0.01859057061877145,,-0.007383306219496899,0.059822462369741425,-0.13978494623655913,-0.13978494623655913,-0.07258064516129037,0.0,0.37940379403794044,-0.8912466843501327,-2.1767441860465118,-4.114155251141552,0.7857142857142858,-0.10196266156055522,-0.07971484121840577,-0.07964601769911506,0.017514595496246788,-0.15217391304347827,-0.10358890701468182,0.06870229007633566,-0.023968042609853524,-0.08600337268128166,0.0,
1998-03-31,0.027911533378312203,,0.026200045877507128,,0.049546142208774624,-0.01474872541879102,1.0625,1.0625,-0.33333333333333337,-0.2433333333333333,-1.1591355599214146,-14.097560975609756,-3.972332015810277,-1.4442815249266863,-0.11542857142857144,0.11353944562899776,0.14577464788732408,0.15384615384615397,0.05655737704918051,0.09615384615384603,0.15923566878980888,0.0714285714285714,0.021828103683492417,0.14760147601476015,0.0,
1998-06-30,-0.0026254506873825134,,-0.0029836530798685867,,0.0018018018018017834,-0.016632785067455136,-0.37777777777777777,-0.37777777777777777,-0.3739130434782608,-0.3744493392070485,-0.7283950617283951,-0.7039106145251397,-0.26196808510638303,0.3828382838283828,-0.1804478897502153,0.10914313068453807,-0.0024585125998771717,0.008333333333333304,0.016291698991466097,0.05263157894736836,-0.076138147566719,0.06000000000000005,0.004005340453938633,-0.006430868167202508,0.05263157894736836,
1998-09-30,-0.014703363473275166,,-0.014105101036193668,,-0.022062350119904095,-0.01785378688216499,-0.18506493506493504,-0.18506493506493504,-0.16666666666666663,-0.1619718309859155,-14.727272727272727,-5.465408805031447,-0.4252252252252252,0.7684964200477327,-0.3893851812926957,-0.05265429434613733,-0.026494146642020988,-0.024793388429752095,0.005343511450381699,-0.06666666666666676,-0.07986406117247236,0.06289308176100628,-0.007978723404255317,-0.024271844660194164,0.0,
1998-12-31,0.04863855950812468,,0.05136444532331419,,0.014835703776360898,0.04841178721775741,-0.05179282868525892,-0.05179282868525892,-0.04166666666666674,-0.04201680672268915,0.4172185430463575,-2.8394366197183096,-1.2727272727272727,-3.5182186234817814,1.6058519793459554,0.0965831435079727,-0.012025316455696267,-0.016949152542372947,0.022019741837509654,0.08928571428571441,0.1061865189289013,0.053254437869822535,-0.03217158176943702,0.0,-0.050000000000000044,
1999-03-31,-0.018837469025930975,,-0.016466826538768964,,-0.04929322218194998,-0.014418689541887186,-0.2100840336134454,-0.2100840336134454,-0.19999999999999996,-0.20175438596491213,-0.7149532710280374,-1.181470137825421,-8.827586206896552,-1.4292604501607717,-0.26453104359313073,0.10801828001661828,-0.2267777065983343,-0.2413793103448275,-0.04234769687964346,0.08196721311475397,0.10934891485809661,0.05617977528089879,-0.030470914127423754,-0.2371475953565506,0.0,
1999-06-30,-0.1690217246316239,,-0.17669050715214563,,-0.06709874189858944,-0.13018518518518518,0.23404255319148937,0.23404255319148937,0.24999999999999978,0.24175824175824157,0.0,0.0,0.0,-1.0961298377028714,-0.4333183655141446,0.1241094863142107,-0.048053024026512015,-0.03409090909090906,-0.04654771140418945,0.1767676767676769,0.45221971407073003,0.05319148936170226,0.12285714285714278,-0.04999999999999993,0.0,
1999-09-30,-0.007202020418209498,,-0.005899773532315189,,-0.02247650183898653,-0.0017032148179688678,3.5775862068965516,3.5775862068965516,3.7304347826086968,3.8141592920353986,1.581967213114754,-7.569620253164557,1.0543318649045523,6.64935064935065,0.4667194928684628,-0.06137424949966641,0.9530026109660572,0.9529411764705882,0.04637917005695691,-0.01716738197424894,0.0010362694300518616,0.05050505050505061,-0.01526717557251922,0.9427917620137298,0.05263157894736836,
1999-12-31,0.027594235391762645,,0.04190567426428493,,-0.14311594202898548,-0.14800597142247818,-0.7250470809792844,-0.7250470809792844,-0.6801470588235294,-0.6764705882352942,1.5142857142857142,-0.10725754656390496,0.29306647605432445,-0.3531409168081494,0.20583468395461924,-0.10767590618336886,0.10828877005347604,0.0843373493975903,-0.05443234836702948,-0.14847161572052403,-0.5476190476190477,0.04807692307692313,-0.16666666666666663,0.11307420494699638,-0.050000000000000044,
2000-03-31,0.017454606484638147,,0.022145227843559434,,-0.05057732964709705,0.2242803504380475,-0.07191780821917804,-0.07191780821917804,-0.07471264367816088,-0.09090909090909083,-0.43434343434343436,-0.7273381294964029,-0.7075732448866777,-0.2703412073490814,0.12455197132616491,-0.028673835125447966,0.12706071572175315,0.08888888888888902,-0.01726973684210531,0.03076923076923066,-0.09382151029748287,0.050458715596330306,-0.06666666666666676,0.07513227513227516,0.0,
2000-06-30,-0.004845510685897447,,-0.0010750447021138365,,-0.06372045220966083,0.016356573297894084,-0.40590405904059046,-0.40590405904059046,-0.3788819875776398,-0.3812500000000001,0.046875,-3.050131926121372,-1.0378071833648392,-2.0467625899280577,-0.11593625498007964,0.18163181631816316,0.0349625401355691,-0.04591836734693866,-0.03263598326359818,0.1990049751243783,0.09974747474747492,0.04366812227074246,-0.05980066445182719,-0.05216535433070868,0.0,
2000-09-30,0.0020512395495559943,,0.0031517334533994745,,-0.01628247347237466,0.011064172198752775,0.7267080745341614,0.7267080745341614,0.78,0.7575757575757576,-0.3411513859275054,-0.6550836550836551,-13.05,-0.30584192439862545,-0.09103199639477244,0.11519777931991682,-0.3946914856945881,-0.44385026737967925,0.01038062283737018,0.15352697095435675,0.13088404133180243,0.04184100418410042,-0.017667844522968212,-0.44859813084112143,0.05263157894736836,
2000-12-31,-0.016924269837167216,,-0.01831457722117613,,0.006695183187651166,0.015917230401910176,-0.003597122302158251,-0.003597122302158251,0.022471910112359605,0.02298850574712641,0.4854368932038835,-0.10074626865671643,-0.9004149377593361,-1.9356435643564356,0.0937035200793257,0.24859987554449292,0.01765375854214124,-0.019230769230769162,0.016267123287671215,0.23741007194244612,1.0071065989847714,0.04417670682730912,0.023381294964028854,-0.06967984934086635,0.04999999999999982,
2001-03-31,-0.07116565707555111,,-0.07448006690827991,,-0.0162571586920377,-0.07324716020368194,-0.0036101083032491488,-0.0036101083032491488,0.0,0.0,-0.6557734204793029,0.04149377593361003,1.5,-1.8148148148148149,-0.06980961015412512,-0.02716172439571396,0.02909904868494695,0.02941176470588225,-0.0016849199663016012,-0.043604651162790664,-0.030349013657056,0.03846153846153855,0.05975395430579966,0.012145748987854255,0.0,
2001-06-30,0.03592577076799408,,0.038760904139958585,,-0.008262910798122025,-0.014581572273880017,-0.08695652173913049,-0.08695652173913049,-0.07142857142857151,-0.0674157303370787,0.1518987341772151,2.729083665338645,-7.3,1.4545454545454546,-0.1842105263157895,-0.15445696721311475,0.10114192495921692,0.11428571428571432,0.0025316455696202667,-0.15197568389057747,-0.17892540427751702,0.040740740740740744,-0.04311774461028184,0.10999999999999988,0.0,
2001-09-30,-0.030854482261131855,,-0.03323164719937832,,0.007953039197121647,0.024662234612910172,0.0714285714285714,0.0714285714285714,0.08284023668639051,0.09036144578313254,1.0274725274725274,-0.49572649572649574,-0.9656084656084656,-0.7645502645502645,-0.05316606929510159,-0.0999697061496515,-0.004938271604938316,0.008547008547008517,0.03282828282828265,-0.10394265232974909,-0.18614993646759848,0.039145907473309594,0.03986135181975725,0.00540540540540535,0.0,
2001-12-31,0.03290816614225611,,0.038225272352065964,,-0.05034754837497657,0.03432398493093336,-0.2925925925925926,-0.2925925925925926,-0.27322404371584696,-0.27071823204419887,0.021680216802167918,-0.21822033898305082,25.076923076923077,-4.910112359550562,0.2195583596214512,-0.0757320767418378,-0.06451612903225812,-0.06779661016949157,-0.02933985330073341,-0.10399999999999987,-0.08508977361436376,0.03424657534246589,-0.07999999999999996,-0.07347670250896055,0.0,
2002-03-31,0.007610084180414756,,0.008204867450944064,,-0.0025717111770524603,-0.02326993120194254,0.1413612565445026,0.1413612565445026,0.1578947368421053,0.15151515151515138,-0.07692307692307687,-0.6558265582655827,-2.5634218289085546,-1.8850574712643677,-0.15933781686497672,0.14894391842680266,-0.04562334217506625,-0.07272727272727264,0.0016792611251048584,0.1830357142857142,0.22952218430034121,0.0364238410596025,-0.010869565217391242,-0.061895551257253434,0.0,
2002-06-30,-0.03298441800489782,,-0.036781899041767874,,0.03272510908369686,0.029832193909260507,-0.01834862385321101,-0.01834862385321101,-0.012987012987012991,-0.013157894736842146,-1.6350574712643677,-0.8346456692913385,-0.8207547169811321,0.0941558441558441,-0.2073846153846154,0.08748019017432651,-0.03724291272929414,-0.02941176470588236,0.03855825649622813,0.08679245283018866,0.13185287994448291,0.03514376996805124,0.06776556776556775,-0.05567010309278353,0.04761904761904767,
2002-09-30,0.004168440868649315,,0.01333967989528162,,-0.14384482427501444,0.049688191510762314,-5.098130841121495,-5.098130841121495,-5.125,-5.18,-3.574660633484163,-9.476190476190476,-5.6421052631578945,-4.528189910979228,0.9231366459627328,-0.1859516176041971,-1.2967667436489607,-1.2828282828282829,-0.13962873284907185,-0.21875,-0.16492949110974864,0.033950617283950546,-0.14751286449399648,0.0,0.0,
2002-12-31,-0.007409556542504525,,-0.0008572502231198875,,-0.13257065948855984,-0.16979685703334613,-1.0535917901938427,-1.0535917901938427,-1.0558213716108453,-1.062200956937799,0.19859402460456943,-9.51685393258427,-1.1156462585034013,-1.746005046257359,-0.3641501816713767,-0.3537414965986394,0.6673151750972761,0.5714285714285716,-0.13414634146341464,-0.24888888888888894,0.0,0.032835820895522394,-0.12474849094567408,0.0,-0.045454545454545525,
2003-03-31,0.0003822372119168804,,-0.0027502556327351213,,0.06930437031290415,0.13111726685133895,4.0212765957446805,4.0212765957446805,3.8285714285714283,3.3076923076923075,-0.19061583577712615,-1.2730870712401057,8.411764705882353,-1.5479143179255919,0.3085714285714285,-0.20831024930747932,0.003500583430571691,-0.022727272727272818,0.06500541711809316,-0.08284023668639051,0.0,0.03179190751445082,0.06896551724137945,0.0,0.04761904761904767,
2003-06-30,0.026454194012406784,,0.0268476941389999,,0.01837968561064085,-0.05428571428571427,-1.2245762711864407,-1.2245762711864407,-1.2248520710059172,-1.2261904761904763,-0.8405797101449275,-1.7560386473429952,-0.8729166666666667,-1.5884773662551441,-0.13876758854924798,0.20083974807557747,0.8046511627906978,0.6744186046511627,0.01831129196337744,0.12903225806451601,0.0,0.0308123249299721,-0.008602150537634357,0.0,-0.045454545454545525,
2003-09-30,-0.012754822746283034,,-0.013646745555338735,,0.005699358822132572,0.02999568407423392,-4.679245283018868,-4.679245283018868,-4.684210526315789,-4.657894736842104,1.2840909090909092,-1.182108626198083,0.180327868852459,-1.6503496503496504,0.10478873239436615,-0.12587412587412583,-1.6662371134020617,-1.6527777777777777,0.003996003996004083,-0.1428571428571429,0.0,0.029891304347825942,0.019522776572667988,-0.5021834061135371,0.0,
2003-12-31,0.009082541337207317,,0.005771602783402052,,0.07626918536009453,-0.05698721977791743,0.3948717948717948,0.3948717948717948,0.3857142857142857,0.38848920863309355,6.298507462686567,-17.736842105263158,14.027777777777779,-4.059139784946236,-0.2901580826109128,0.1413333333333333,0.4671179883945842,0.5319148936170213,0.07263681592039783,0.1333333333333333,0.22466960352422904,0.029023746701847042,0.06595744680851068,0.5175438596491226,0.0,
2004-03-31,0.020221557939159585,,0.020015271768054177,,0.024133391838525586,0.04910019995556536,-0.7316176470588236,-0.7316176470588236,-0.731958762886598,-0.7305699481865284,-0.26857532379004767,-0.460167714884696,-0.5757855822550833,-1.1739894551845342,0.07112068965517238,0.1378504672897196,-0.27356624917600525,-0.26388888888888884,0.020408163265306145,0.06470588235294117,-0.2416067146282973,0.028205128205128105,0.003992015968063756,-0.24566473988439297,-0.04761904761904756,
2004-06-30,-0.008283781454670791,,-0.0047978766843609355,,-0.07412167952013715,-0.01884794578568405,5.7534246575342465,5.7534246575342465,5.826923076923077,5.749999999999999,-0.8229263746505125,-4.493203883495146,-0.02614379084967322,14.575757575757576,1.0342052313883299,0.10677618069815176,1.1088929219600723,1.132075471698113,-0.047272727272727244,0.08287292817679548,0.4774703557312254,0.0024937655860348684,-0.06759443339960236,1.1264367816091951,0.0,
2004-09-30,-0.03465018519926577,,-0.04017506068998533,,0.07751041184636742,-0.033239801424562954,-0.3671399594320487,-0.3671399594320487,-0.3492957746478873,-0.3475783475783475,-1.431578947368421,-0.7926625903279599,-0.10738255033557043,-1.0700389105058365,-0.035608308605341255,-0.0004638218923932458,0.08734939759036142,0.1150442477876108,0.10305343511450382,0.05102040816326525,-0.5291599785981809,0.0024875621890549926,0.11727078891258014,0.12972972972972974,0.0,
2004-12-31,-0.08792321627490918,,-0.09926854754440961,,0.11724286021043584,-0.030587184639428444,0.7948717948717949,0.7948717948717949,0.8354978354978355,0.829694323144105,-4.109756097560975,-2.176943699731903,-0.443609022556391,2.759259259259259,-0.13880341880341884,0.09002320185614843,0.20736050652948168,0.2857142857142856,0.14013840830449809,-0.01456310679611661,-0.029545454545454763,0.002481389578163684,0.22519083969465625,0.26156299840510355,0.0,
2005-03-31,-0.3723460689127672,,-0.39928285171904665,,0.020372861810493914,0.0006909258406264662,-0.22142857142857142,-0.22142857142857142,-0.21226415094339635,-0.21718377088305496,0.06274509803921569,-0.876993166287016,0.5135135135135136,-0.7068965517241379,-0.04724096863834859,0.21243082162622406,0.21140609636184848,0.4197530864197532,0.025796661608497695,0.06403940886699533,-0.04800936768149866,0.0024752475247524774,0.6246105919003118,0.2793931731984829,0.1499999999999999,
2005-06-30,-0.05918194862118442,,-0.0785858497191011,,0.10736485213787916,-0.05477560414269278,0.6513761467889909,0.6513761467889909,0.6706586826347307,0.6707317073170733,-0.4538745387453874,7.4074074074074066,-0.36011904761904767,3.378151260504202,-0.2170833333333333,0.14185393258426982,0.04274891774891776,0.31304347826086953,0.1272189349112427,0.1157407407407407,-0.09594095940959424,0.0024691358024691024,0.17737296260786195,0.16007905138339917,0.13043478260869557,
2005-09-30,-0.04113567041323696,,-0.04163193369376239,,-0.037591427113454645,-0.020696372047723344,-0.6402777777777777,-0.6402777777777777,-0.6344086021505376,-0.635036496350365,-2.121621621621622,-1.5088105726872247,2.2325581395348837,0.20921305182341654,-0.3342203299627461,0.1328413284132841,-0.07031655422937211,0.15894039735099352,-0.01640419947506566,0.004149377593360981,-0.013605442176870652,0.0,0.004071661237785129,0.0,0.15384615384615374,
2005-12-31,-0.0225287055798854,,-0.018290712989885383,,-0.052668787557440755,0.04674291397314767,-0.18918918918918914,-0.18918918918918914,-0.18137254901960786,-0.18500000000000005,-3.8012048192771086,1.3160173160173159,-0.22446043165467622,-1.726984126984127,0.36610711430855325,0.017372421281215855,-0.18308679877197875,-0.02000000000000013,-0.01534356237491663,0.03305785123966953,0.03724137931034477,0.0024630541871923928,-0.03081914030819155,-0.17035775127768316,0.16666666666666674,
2006-03-31,-0.01861221942357849,,-0.020935118851732826,,-0.0014925373134327957,-0.02446555819477436,0.6761904761904762,0.6761904761904762,0.754491017964072,0.7607361963190187,-1.1870967741935483,0.22803738317757016,-0.3042671614100185,-0.5742358078602621,0.11410181392627261,0.08217716115261497,-0.05363853775196448,-0.017492711370262315,0.009485094850948617,0.10000000000000009,0.30585106382978733,0.002457002457002311,0.01757322175732212,-0.037987679671457886,0.028571428571428692,
2006-06-30,-0.03979285908967023,,-0.028286275726548737,,-0.12294469357249627,-0.0021913805697589828,-0.22443181818181823,-0.22443181818181823,-0.19112627986348119,-0.18815331010452963,-2.931034482758621,-0.7442922374429224,1.2746666666666666,-3.651282051282051,-0.2710084033613446,-0.09122287968441822,-0.25018050541516257,-0.26706231454005935,-0.053020134228187965,-0.1018181818181817,-0.060081466395112026,0.002450980392156854,-0.08717105263157898,-0.2892209178228389,0.0277777777777779,
2006-09-30,-0.0020579051944366045,,0.009312968974509062,,-0.09309757136770347,0.009516837481698293,0.09157509157509147,0.09157509157509147,0.18143459915611793,0.1802575107296136,0.7797619047619047,1.8988095238095237,0.13599062133645945,-0.6518375241779497,-0.12968299711815567,-0.04801953336950615,0.10977371208473774,0.05668016194331993,-0.01984408221119771,0.00809716599190291,0.2914409534127844,0.0024449877750609694,-0.09099099099099095,0.028528528528528607,0.027027027027026973,
2006-12-31,0.004977600796416182,,0.00361172624696815,,0.01714822645055203,0.01643703166545807,-0.2214765100671141,-0.2214765100671141,-0.1785714285714286,-0.1018181818181817,-0.12374581939799334,-0.515400410677618,-0.673890608875129,-2.022222222222222,0.15231788079470188,0.17241379310344818,0.07548806941431674,0.0344827586206895,0.0708604483007953,0.19277108433734935,0.08053691275167796,0.0,0.01189296333002976,0.01897810218978102,0.026315789473684292,
2007-03-31,-0.0004952947003467045,,0.004124090467309438,,-0.04110854503464201,0.04019024970273488,0.2456896551724137,0.2456896551724137,0.30000000000000027,0.18623481781376516,0.4427480916030535,-1.6398305084745761,-0.9050632911392404,0.07065217391304346,0.14152298850574718,0.11132717549829851,0.010891488503428803,-0.0444444444444444,-0.02565833896016212,0.04040404040404022,0.021739130434782483,0.0024390243902441266,-0.040156709108716826,-0.07020057306590255,0.025641025641025772,
2007-06-30,-0.020104771343621652,,-0.018547585413069667,,-0.03444123314065506,0.0016003657978966856,-0.31487889273356406,-0.31487889273356406,-0.7658862876254181,-0.7679180887372014,-0.8941798941798942,-1.3112582781456954,18.1,-3.467005076142132,-0.30522341095028316,0.14282589676290458,-0.030726256983240163,-0.06589147286821706,-0.018018018018018056,0.17152103559870557,0.13677811550151975,0.0024330900243307862,-0.015306122448979553,-0.08320493066255785,0.02499999999999991,
2007-09-30,-0.041564321148196304,,-0.05205640109816878,,0.05662259915190826,0.007304268431864935,0.8434343434343434,0.8434343434343434,0.8571428571428574,0.8823529411764706,7.699999999999999,3.1914893617021276,-0.5986038394415358,-1.6522633744855968,0.2871376811594204,-0.05894736842105264,0.06710580485796624,0.08298755186722007,0.07057163020465773,-0.04143646408839774,-0.03208556149732622,0.0024271844660193054,0.10259067357512941,0.04873949579831938,0.024390243902439046,
2007-12-31,0.006658291457286358,,-0.00694522550894161,,0.12086874409820592,0.009517335146159045,-0.2794520547945205,-0.2794520547945205,-0.2692307692307693,-0.2656250000000001,0.6551724137931034,-0.10659898477157359,-0.09565217391304348,0.7318611987381702,0.38634764250527787,0.06874110229814923,0.003472222222222321,0.04214559386973171,0.11733684904416597,-0.0028818443804035088,-0.03453038674033149,0.002421307506053294,0.11372180451127822,0.014423076923076872,0.023809523809523725,
2008-03-31,0.023037563958567375,,0.02426593425262613,,0.013900589721988155,0.025589225589225606,-0.779467680608365,-0.779467680608365,-0.7789473684210526,-0.776595744680851,-0.38888888888888884,-1.9261363636363638,-4.3173076923076925,0.6029143897996356,0.4467005076142132,-0.10827783063748808,-0.2364475201845444,-0.19852941176470584,0.011209439528023779,-0.20231213872832376,-0.13519313304721037,0.009661835748792313,-0.009282700421940793,-0.2164296998420221,0.023255813953488413,
2008-06-30,0.01041768322435832,,0.0134627080223364,,-0.012463647694225144,0.06434668417596856,3.6896551724137927,3.6896551724137927,3.666666666666667,3.6190476190476195,-0.41193181818181823,12.39877300613497,-1.0971014492753624,-3.3238636363636362,-0.7175438596491228,-0.15172855313700384,0.040281973816717054,0.08256880733944949,0.009334889148191472,-0.1594202898550725,0.05707196029776673,0.0,-0.022146507666098825,0.05443548387096775,0.022727272727272707,
2008-09-30,-0.015429192321622653,,-0.014374948855732206,,-0.023559108119478367,-0.0022619782027555324,-0.3713235294117647,-0.3713235294117647,-0.3571428571428571,-0.3608247422680412,1.3719806763285023,-1.0196886446886446,2.671641791044776,-1.1334963325183374,0.33913043478260874,-0.04528301886792441,-0.21974830590513061,-0.2076271186440677,-0.012716763005780507,-0.05603448275862066,-0.12676056338028163,0.0,-0.008710801393728262,-0.21988527724665385,0.022222222222222143,
2008-12-31,0.015450264861683438,,0.04649360712901984,,-0.2261956053425248,-0.007213520197856593,-2.2222222222222223,-2.2222222222222223,-2.238095238095238,-2.258064516129032,0.2342158859470469,-7.232558139534884,-0.7439024390243902,-0.03296703296703296,0.24489795918367352,-0.4405797101449276,-0.5930521091811414,-0.6203208556149733,-0.2242388758782201,-0.4337899543378996,-0.3055555555555556,0.0,-0.23725834797891032,-0.625,0.0,
2009-03-31,-0.004153987344829302,,-0.011054106944517916,,0.06653674832962131,-0.00913431596429315,-2.0,-2.0,-1.9743589743589745,-1.9743589743589745,-0.8811881188118812,-0.3805970149253731,-3.1746031746031744,-0.875,0.024590163934426146,-0.15826660386245872,0.6067073170731705,0.5211267605633803,0.05962264150943386,0.08870967741935498,1.2606451612903227,0.009569377990430672,0.07027649769585254,0.49673202614379086,0.021739130434782483,
2009-06-30,0.01006450987049523,,-0.006551502834527767,,0.17175672148264165,-0.05971087366436201,1.0813397129186604,1.0813397129186604,1.0921052631578947,1.0789473684210527,-0.4444444444444444,1.9036144578313254,-0.45985401459854014,-11.696969696969697,-0.2567272727272727,0.18746502518186903,0.38899430740037966,0.36111111111111094,0.17236467236467257,0.11851851851851847,-0.228310502283105,0.0,0.16038751345532853,0.3973799126637554,-0.02127659574468077,
2009-09-30,0.024106221037720088,,0.008990336733869952,,0.1488081978168858,0.0064616755793225344,-0.2436781609195402,-0.2436781609195402,-0.24528301886792458,-0.24683544303797478,2.925,-0.11618257261410792,0.06756756756756754,-0.4730878186968839,-0.1819960861056752,0.32186616399623014,0.22267759562841527,0.24489795918367352,0.14580801944106914,0.1258278145695364,-0.04807692307692313,0.0,0.12152133580704993,0.2843749999999998,-0.021739130434782594,
2009-12-31,0.008440203502684485,,0.002641056422568955,,0.05041690905565255,0.02634491919415538,0.0,0.0,0.0,0.008403361344537785,2.031847133757962,-0.035211267605633756,-0.7848101265822784,-1.4731182795698925,0.10526315789473695,0.15757575757575748,0.5396648044692738,0.6885245901639345,0.044538706256627814,0.0117647058823529,-0.08236208236208231,0.0,0.04135649296939636,0.7201946472019465,-0.022222222222222254,
2010-03-31,0.01978471624857603,,0.012372286079182615,,0.07088794535720888,0.1227351164797239,-0.13981762917933127,-0.13981762917933127,-0.1416666666666666,-0.1499999999999999,-0.17226890756302526,-0.7007299270072993,5.294117647058823,3.2613636363636367,0.4058441558441559,0.09732060363412387,-0.04281567489114668,0.04207119741100329,0.064467005076142,0.05232558139534893,-0.3624047417442845,0.009478672985782088,0.05003971405877672,0.032531824611032434,0.0,
2010-06-30,0.012949115447747683,,0.010302504665037127,,0.03016721254956045,0.02843419788664736,0.03886925795053009,0.03886925795053009,0.03883495145631066,0.03921568627450989,-0.03807106598984766,2.3577235772357725,0.8130841121495327,-0.6,0.11547344110854496,-0.04013471793432499,-0.1622441243366186,-0.11801242236024834,0.047210300429184615,-0.09944751381215478,-0.09030544488711822,0.0,0.01739788199697423,-0.14109589041095882,0.022727272727272707,
2010-09-30,0.0348172488296723,,0.02736661377175409,,0.08249665327978573,-0.01625256865309177,0.04421768707482987,0.04421768707482987,0.05607476635513997,0.06603773584905648,0.34564643799472305,0.2639225181598064,-1.2628865979381443,-1.3,-0.03105590062111796,-0.047368421052631726,-0.07239819004524894,-0.03521126760563387,0.08743169398907091,-0.09202453987730053,0.06423357664233587,0.0,0.04609665427509291,-0.054226475279106956,0.022222222222222143,
2010-12-31,-0.006459470627895314,,-0.012002126959207993,,0.027206678002782425,0.030953285225977956,0.501628664495114,0.501628664495114,0.513274336283186,0.49557522123893816,-0.0980392156862745,-0.4559386973180076,-1.4705882352941178,-5.466666666666667,0.1431623931623931,0.11817065684469008,0.05414634146341468,0.09124087591240881,0.0259631490787271,0.03378378378378377,0.1330589849108368,0.0,0.034115138592750505,0.06745362563237767,0.021739130434782483,
2011-03-31,0.01827853421478909,,0.012147927932545599,,0.05703536493604222,-0.002947135752440544,-0.06941431670281994,-0.06941431670281994,-0.07017543859649111,-0.07100591715976323,-0.8891304347826087,0.11267605633802824,11.708333333333334,-0.7462686567164178,0.031775700934579376,0.11227010705462548,0.056918093475242904,0.09364548494983271,0.059591836734693926,0.07843137254901955,0.001210653753026536,0.009389671361502261,0.037800687285223455,0.09794628751974743,0.0,
2011-06-30,0.011092718790979728,,-0.00020256754361536178,,0.07460136674259688,0.01773508220949571,-0.04895104895104896,-0.04895104895104896,-0.04402515723270439,-0.04458598726114649,9.352941176470589,0.2278481012658229,-1.1049180327868853,1.3137254901960786,0.07125603864734309,0.16732477788746292,0.015323992994746183,0.061162079510703515,0.07627118644067798,0.10303030303030303,0.04957678355501827,0.0,0.0629139072847682,0.06762589928057539,0.0,
2011-09-30,0.016392745519103524,,0.014131948841332065,,0.028219395866454722,0.018878199310219612,-0.5098039215686274,-0.5098039215686274,-0.513157894736842,-0.5066666666666666,0.25757575757575757,0.34536082474226815,-1.125,0.0847457627118644,0.07215332581736189,-0.015010570824524172,-0.1082363087537731,-0.0778097982708934,0.02791696492483875,-0.08241758241758246,-0.08870967741935476,0.0,0.011838006230529441,-0.08086253369272245,0.0,
2011-12-31,0.06783951133796329,,0.06642858926653838,,0.07511918567194953,-0.026723677177979743,0.44999999999999996,0.44999999999999996,0.45945945945945965,0.43243243243243246,-0.6265060240963856,-0.9157088122605364,646.5,20.78125,1.4658254468980023,-0.07233311869499903,-0.16344294003868487,-0.13750000000000007,0.013927576601671321,-0.10179640718562866,-0.006321112515802807,0.0,0.0067733990147784695,-0.11583577712609971,-0.02127659574468077,
2012-03-31,0.03404705467510327,,0.03561810645622088,,0.026006711409396033,0.2425407285374337,0.2793103448275862,0.2793103448275862,0.20370370370370372,0.2075471698113207,2.7943548387096775,76.70454545454545,-1.040926640926641,-1.925035868005739,-0.5498933901918976,0.05460434983803797,-0.08901734104046244,-0.07246376811594202,0.019574175824175866,0.046666666666666634,0.19083969465648853,0.009302325581395321,-0.00795107033639142,-0.09950248756218905,0.021739130434782483,
2012-06-30,0.014549587951122378,,0.00694193198263382,,0.05384884943347745,0.09855627578078963,0.0242587601078168,0.0242587601078168,0.023076923076922995,0.0234375,-0.005313496280552554,-0.9988300672711319,-1.1320754716981132,-1.3621558743699107,0.442444339175746,0.00745941202281708,-0.06472081218274106,-0.05468750000000011,0.053890198720107696,-0.01273885350318471,0.07158119658119655,0.0,0.03884093711467318,-0.09760589318600366,0.042553191489361764,
2012-09-30,-0.00041080798461334833,,-0.011901821203206708,,0.05630680558634449,-0.013276116400697369,0.22631578947368425,0.22631578947368425,0.23308270676691722,0.2290076335877862,-1.341880341880342,109.25,-5.142857142857143,-1.866167023554604,-0.2656814449917898,-0.0498693379790941,0.15332428765264594,0.18181818181818188,0.0651965484180248,-0.10322580645161294,-0.008973080757726848,0.0,0.05637982195845703,0.13673469387755088,0.04081632653061229,
2012-12-31,0.003792195176626656,,-0.0034090134315128973,,0.025078698845750313,0.02147322642022287,-0.128755364806867,-0.128755364806867,-0.12804878048780488,-0.0931677018633541,-3.478125,-1.0158730158730158,0.3448275862068966,-1.9171817058096416,0.33184257602862255,0.16708686683474672,0.0352941176470587,0.06293706293706292,0.02490249024902491,0.1007194244604317,-0.026156941649899346,0.0,0.02134831460674147,0.0,0.07843137254901977,
2013-03-31,0.022425280083373744,,0.029987913616565276,,-0.011157743883713822,0.08874401277275146,-0.8596059113300493,-0.8596059113300493,-0.8601398601398601,-0.863013698630137,-2.0151324085750315,136.42857142857142,-3.371794871794872,-0.5579514824797844,0.11014103425117527,0.14984289080911228,-0.21647727272727268,-0.20065789473684215,-0.008782201405152179,0.11764705882352944,0.06818181818181812,0.009216589861751112,-0.03300330033003285,-0.22980251346499103,0.036363636363636154,
2013-06-30,-0.020204226505760925,,-0.026856484966567784,,0.011904761904761862,-0.02480752780153983,7.859649122807017,7.859649122807017,7.949999999999999,7.799999999999999,-1.101863354037267,-0.8076923076923077,-2.8324324324324324,-1.295731707317073,-0.029340592861463954,0.1528608027327072,0.07396664249456131,0.09465020576131677,0.020673360897814685,0.16374269005847952,0.42553191489361697,0.0,0.03299203640500559,0.07692307692307687,0.0,
2013-09-30,0.003975552211633149,,0.00275294064113929,,0.01012787723785169,0.010776942355889663,0.09504950495049513,0.09504950495049513,0.11173184357541888,0.10795454545454541,9.121951219512194,-3.2,0.8200589970501475,0.5876288659793814,-0.04799002804612029,0.15407407407407425,0.051316677920324016,0.0563909774436091,0.03356481481481466,0.1306532663316582,0.05088195386702843,0.0,0.006057268722466924,0.03679653679653683,0.03508771929824572,
2013-12-31,0.0054216087189831175,,-0.009415982211734786,,0.0701843224630343,0.010538060996776677,-0.3435804701627486,-0.3435804701627486,-0.34170854271356776,-0.3384615384615385,-0.26265060240963856,0.7813267813267812,-0.7423014586709886,0.6883116883116882,-0.08510638297872342,0.0346598202824131,-0.047527296082209514,-0.03202846975088969,0.08146696528555442,0.004444444444444251,-0.030987734021949653,0.0,0.06458675424192672,-0.04801670146137782,0.016949152542372836,
2014-03-31,0.015404151943462896,,0.019446162303305092,,-0.0010409766253430819,0.04232609495767381,0.4573002754820936,0.4545454545454546,0.49618320610687006,0.4883720930232558,-0.19934640522875813,-0.3020689655172414,2.138364779874214,0.9961538461538462,-0.18568872987477636,0.02977667493796532,0.2892784895482132,0.3198529411764708,0.017085166968677123,-0.04867256637168138,0.06329113924050644,0.009132420091324311,-0.01645244215938313,0.3070175438596492,0.0,
2014-06-30,0.013702354412484352,,0.008313112249483279,,0.03609321712769997,0.027895480225988756,0.08128544423440465,0.08522727272727271,0.10204081632653073,0.10416666666666674,0.044897959183673564,-0.35573122529644263,0.018036072144288484,-0.4046242774566474,-0.13576449912126543,0.0040963855421687345,0.006276150627614996,0.0250696378830082,0.05523033850852643,-0.013953488372092981,-0.2456140350877194,0.0,0.02247778358599062,0.011744966442952975,0.016666666666666607,
2014-09-30,-0.0049348280856085225,,-0.010985338027541314,,0.020115205266526548,0.0027481964960494043,-0.07167832167832167,-0.0680628272251309,-0.05555555555555558,-0.051886792452830344,-0.08203125,0.7576687116564418,-0.5728346456692913,0.11974110032362462,-0.17590238942552106,0.10763138948884077,-0.03898128898128883,-0.01902173913043481,0.02870236372407131,0.05188679245283012,0.05315614617940212,0.0,0.02505112474437632,-0.02985074626865669,0.016393442622950838,
2014-12-31,0.0043663414371193365,,0.014239044722316185,,-0.03432822443309136,0.019527235354573458,-0.12994350282485878,-0.12546816479400746,-0.11274509803921573,-0.11442786069651734,0.11063829787234036,-0.3891797556719022,0.6497695852534562,-0.41907514450867056,-0.12399753238741518,0.03715740439822324,0.04705246078961589,0.04155124653739617,-0.022508792497069163,0.004484304932735439,0.028391167192429068,0.0,-0.03840399002493766,0.029059829059828957,0.016129032258064502,
2015-03-31,0.03982395878059264,,0.04584934580269673,,0.0155930944867273,0.060371863799283165,0.14935064935064934,0.1413276231263383,0.149171270718232,0.146067415730337,0.27203065134099624,-0.86,-2.684357541899441,-6.970149253731344,0.8450704225352113,0.21067474409860032,-0.006198347107438051,-0.010638297872340496,0.019908851043415776,0.24107142857142838,0.13496932515337434,0.009049773755656076,-0.02334024896265563,-0.02491694352159457,0.015873015873015817,
2015-06-30,-0.01703313719417776,,-0.02820670758904864,,0.03180405775909345,0.002640752086194187,0.09981167608286245,0.1031894934333959,0.10576923076923062,0.1078431372549018,-0.32981927710843373,-0.04081632653061229,-2.7396351575456053,-1.5425,-0.24847328244274813,0.2722802174100596,-0.0010395010395009008,0.0,0.03127939793038559,0.2482014388489211,0.2533783783783783,0.0,0.049389272437599496,-0.013628620102214661,0.015625,
2015-09-30,-0.0039032416159070493,,-0.015255830218783517,,0.042869796279893624,-0.010851243152128154,-0.06849315068493156,-0.0697278911564626,-0.06956521739130417,-0.07079646017699104,0.3707865168539326,3.2765957446808507,-1.0200190657769304,-1.6328725038402458,0.20924327069578474,-0.010646233132162397,-0.007804370447450526,0.0,0.04241733181299878,-0.04034582132564846,-0.028032345013477067,0.0,0.04706477732793535,-0.010362694300518172,0.0,
2015-12-31,0.0031453724366972136,,-0.0017756075907224833,,0.022167487684729092,0.014804558525934652,-0.23161764705882348,-0.22120658135283366,-0.2289719626168225,-0.21904761904761916,0.6360655737704919,5.477611940298507,-6.0,-2.0024271844660193,-0.17345653086938262,-0.05407813570939013,-0.046145778710015795,-0.026881720430107392,0.029315248304528474,-0.0930930930930931,-0.06433721575152529,0.0,0.018849685838569386,-0.03490401396160547,0.01538461538461533,
2016-03-31,0.031460201793722,,0.025614230127848803,,0.053178230162027385,0.03736356003358532,0.22966507177033502,0.2183098591549295,0.23636363636363655,0.2195121951219512,-0.10420841683366733,-0.7442396313364055,0.3904761904761904,-2.0484261501210654,0.220020325203252,-0.01644808347221205,-0.042330951072017675,-0.01104972375690616,0.05015940488841664,-0.04304635761589404,0.0005927682276227753,0.008968609865470878,0.02134724857685022,-0.018083182640144635,0.015151515151515138,
2016-06-30,0.010563141090958572,,-0.001214039499642272,,0.05372781065088761,0.007689194658033083,-0.021400778210116767,-0.017341040462427793,-0.019607843137254943,-0.015000000000000013,-0.6621923937360179,-0.49549549549549554,-0.4726027397260274,-0.8775981524249423,0.022074135776759762,-0.02467953440400783,-0.07749712973593559,-0.04748603351955305,0.05363286784051824,-0.0726643598615917,-0.019549763033175238,0.0,0.042266604737575486,-0.04972375690607733,0.0,
2016-09-30,0.021107115248882424,,0.013913307720691881,,0.04627133872416889,-0.008032128514056214,-0.10139165009940354,-0.10588235294117643,-0.10999999999999999,-0.10659898477157359,5.218543046357616,5.476190476190476,-0.5844155844155844,13.528301886792454,0.3137734311328444,0.029231815091774305,-0.08587429993777229,-0.061583577712609916,0.045524394928928125,-0.022388059701492602,0.0676737160120846,0.0,0.024955436720142776,-0.05620155038759689,-0.014925373134328401,
2016-12-31,-0.023073631546032036,,-0.024340640520637113,,-0.017961929297266366,0.006477732793522373,-0.17256637168141598,-0.16228070175438591,-0.1629213483146068,-0.17045454545454553,-0.49307774227902024,-0.09466911764705888,-1.9375,-1.0506493506493506,-0.012096774193548376,-0.056876559518567404,-0.0537780803267528,-0.034375000000000044,-0.01910711004960497,-0.0992366412213741,-0.013016411997736288,0.0,0.00521739130434784,-0.03285420944558515,0.015151515151515138,
2017-03-31,0.030104447439353033,,0.028239166209544697,,0.03665379290242665,0.0443483507642799,0.5855614973262031,0.5654450261780104,0.5704697986577181,0.5753424657534245,0.6586134453781514,-0.8812182741116751,-18.166666666666668,-25.871794871794872,0.304552590266876,0.12193603610613968,0.012949640287769792,0.032362459546925404,0.04083161640756705,0.14406779661016955,0.14965596330275233,0.008888888888888946,0.0064878892733564175,0.027600849256900206,0.0,
2017-06-30,0.009665232963186998,,0.005782937134565236,,0.02249402502460285,-0.006451612903225823,0.36593591905564926,0.35953177257525093,0.36752136752136777,0.36956521739130443,-0.558581380620646,4.256410256410256,0.2194174757281553,-1.5608247422680412,-0.1309265944645006,0.1093771674296018,0.13139204545454541,0.1504702194357368,0.03958970667626427,0.06666666666666665,0.06533665835411462,0.0,0.01246239793725823,0.14669421487603307,0.0,
2017-09-30,0.0032071009750882506,,0.012857233785245947,,-0.027567716210642135,0.006202752471409223,-0.3061728395061728,-0.3111931119311193,-0.296875,-0.29841269841269835,0.7718794835007174,-0.4016260162601626,0.31369426751592355,-1.0827205882352942,0.012461921905289497,0.11028446389496738,0.043314500941619594,0.043596730245231585,-0.006924009001211817,0.0659722222222221,-0.041198501872659166,0.0,-0.03056027164685915,0.03243243243243232,0.0,
2017-12-31,-0.002954662877809322,,0.004817863801085176,,-0.02898550724637683,0.0143517626661529,-0.5249110320284698,-0.525,-0.52,-0.5158371040723981,-0.534412955465587,0.638586956521739,-0.17212121212121212,-16.2,-0.18708971553610498,0.11363252435384874,-0.04993983152827908,-0.05483028720626626,-0.014293184591249841,0.12377850162866455,0.05908203125,0.0,-0.02626970227670755,-0.061082024432809745,0.014925373134328401,
2018-03-31,0.02247664081097267,,0.019345827513602476,,0.03349108117946842,0.08061912448960218,2.4344569288389515,2.4398496240601504,2.4999999999999996,2.4766355140186915,2.5217391304347827,1.8192371475953566,-0.22401171303074674,-0.706140350877193,-0.06763122476446837,-0.013652222278404347,0.1424952501583281,0.13535911602209927,0.03183023872679058,0.0,0.02996772706316264,0.008810572687224738,0.010791366906474975,0.11338289962825288,0.014705882352941124,
2018-06-30,-0.0006176652254478165,,-0.011800314947747359,,0.03860514265586468,0.00852372583479788,-0.11886586695747003,-0.11912568306010929,-0.12169312169312174,-0.11559139784946237,-0.508641975308642,-0.941764705882353,-0.9773584905660377,-5.293532338308458,0.3114399133886683,-0.11339519146972887,-0.0060975609756098725,-0.0048661800486617945,0.0382176520994002,-0.1420289855072464,-0.23724261414503134,0.0,0.039145907473309594,-0.028380634390651083,0.01449275362318847,
2018-09-30,0.31463345060378445,,0.3942673841059603,,0.05507698568812325,-0.0017426156661148884,-0.04207920792079212,-0.04218362282878407,-0.04216867469879504,-0.045592705167173175,-0.3728643216080402,-2.2626262626262625,-1639.0833333333333,22.636152954808807,5.613098514034122,0.08592078635443778,0.05688789737869504,-0.0024449877750610804,0.05430835259161437,0.04729729729729737,0.0710093896713615,0.0,-0.19734589041095896,0.05670103092783507,-0.05714285714285705,
