Quarter end,Assets,Current Assets,Liabilities,Current Liabilities,Shareholders equity,Revenue,Earnings,Earnings available for common stockholders,EPS basic,EPS diluted,Cash from operating activities,Cash from investing activities,Cash from financing activities,Cash change during period,Cash at end of period,Price,ROE,ROA,Book value of equity per share,P/B ratio,P/E ratio,Cumulative dividends per share,Equity to assets ratio,Net margin,Asset turnover,Current ratio
1993-12-31,-0.019959793222286026,-0.26819923371647514,-0.06992287917737794,-0.30720338983050843,0.23826395039858284,-0.3029772329246935,-0.6153846153846154,-0.6153846153846154,-0.6195652173913044,-0.13888888888888884,-0.8315789473684211,0.15384615384615374,-1.5645933014354068,-0.8666666666666667,0.2727272727272727,-0.0798084596967279,0.005995203836930418,0.01158301158301156,0.07338638373121142,-0.1421568627450981,-0.022163120567375905,inf,0.10093727469358327,0.050505050505050386,-0.019607843137254943,0.05623869801085002
1994-03-31,-0.019959793222286026,-0.26819923371647514,-0.06992287917737794,-0.30720338983050843,0.23826395039858284,-0.3029772329246935,-0.6153846153846154,-0.6153846153846154,-0.6195652173913044,-0.13888888888888884,-0.8315789473684211,0.15384615384615374,-1.5645933014354068,-0.8666666666666667,0.2727272727272727,-0.0798084596967279,0.005995203836930418,0.01158301158301156,0.07338638373121142,-0.1421568627450981,-0.022163120567375905,inf,0.10093727469358327,0.050505050505050386,-0.019607843137254943,0.05623869801085002
1994-06-30,0.026666666666666616,0.12041884816753923,0.030587801732080422,0.11518858307849134,0.011444921316166035,-0.3029772329246935,-0.6153846153846154,-0.6153846153846154,-0.6195652173913044,-0.13888888888888884,-0.8315789473684211,0.15384615384615374,-1.5645933014354068,-0.8666666666666667,-0.3571428571428571,-0.07849089332176928,0.005995203836930418,0.01158301158301156,0.012355848434925765,-0.1421568627450981,-0.022163120567375905,1.0,-0.011132940406024971,0.050505050505050386,-0.019607843137254943,0.0046224961479199855
1994-09-30,0.0219780219780219,0.04361370716510904,0.02270695512247456,0.1654478976234004,0.019094766619519143,-0.03643216080402012,0.33333333333333326,0.33333333333333326,0.3142857142857145,-0.13888888888888884,-1.3125,0.005555555555555536,0.5423728813559323,-10.5,-0.4222222222222223,0.03529411764705892,0.005995203836930418,0.01158301158301156,0.022782750203417468,0.02285714285714291,-0.022163120567375905,0.5833333333333333,0.0033112582781456013,0.050505050505050386,-0.019607843137254943,-0.10446489434219497
1994-12-31,0.031140902108643953,0.23880597014925375,0.035139860139860035,-0.04235294117647059,0.01526717557251911,0.1916558018252934,-0.22499999999999998,-0.22499999999999998,-0.19565217391304357,-0.13888888888888884,-10.4,0.06077348066298338,-0.6868131868131868,-3.789473684210526,2.0384615384615383,0.0027272727272726893,0.005995203836930418,0.01158301158301156,0.005568814638027053,-0.022346368715083775,-0.022163120567375905,0.3684210526315792,-0.010561056105610533,0.050505050505050386,-0.019607843137254943,0.2936251189343482
1995-03-31,-0.005417118093174467,-0.2795180722891566,-0.023982435399425794,-0.15888615888615887,0.06971975393028029,0.224288840262582,1.774193548387097,1.774193548387097,1.6756756756756759,-0.13888888888888884,0.6276595744680851,0.6979166666666667,-1.1929824561403508,-1.5849056603773586,-0.3924050632911392,0.07388939256573002,0.005995203836930418,0.01158301158301156,0.08702531645569622,0.06857142857142873,-0.022163120567375905,0.26923076923076916,0.09806537691794515,0.050505050505050386,-0.019607843137254943,-0.14342453662842003
1995-06-30,0.019607843137254832,0.08695652173913038,0.02145699948087909,0.18305744888023368,0.012779552715654896,-0.25201072386058976,-0.6162790697674418,-0.6162790697674418,-0.6262626262626263,-0.13888888888888884,-0.7549019607843137,-0.44171779141104295,-10.454545454545455,-0.9032258064516129,-0.0625,0.010552975939214893,-0.0220500595947557,0.01158301158301156,-0.06040756914119361,-0.06951871657754016,-0.022163120567375905,0.21212121212121215,-0.0030376670716889542,0.0038461538461540545,0.0,-0.08122960673192514
1995-09-30,0.04914529914529919,0.1415384615384616,0.02676605116042685,0.1358024691358024,0.13249211356466883,0.03823178016726403,0.4242424242424243,0.4545454545454546,0.45945945945945965,-0.13888888888888884,-0.8933333333333333,0.4945054945054945,1.4615384615384617,1.6666666666666665,-0.1777777777777778,0.03926482873851289,-0.03168799512492371,0.01158301158301156,0.1293570875290473,0.10919540229885061,0.029918404351767958,0.19999999999999996,0.11639244363193169,0.015325670498084198,0.0,0.005046728971962455
1995-12-31,0.03653258655804481,0.2264150943396226,0.04240224385414959,0.09420289855072461,0.01671309192200554,0.22554660529344073,-0.19148936170212771,-0.20833333333333337,-0.2962962962962963,-0.13888888888888884,35.625,-0.13235294117647056,-1.1484375,-3.375,0.5135135135135136,0.12540192926045024,-0.03461296412838266,0.011450381679389166,0.013717421124828544,-0.005181347150259086,0.085387323943662,0.16666666666666674,-0.015283842794759805,-0.005660377358490565,0.0,0.12069927468848807
1996-03-31,-0.012280486307257754,-0.17582417582417587,-0.027223805001582835,-0.31192052980132445,0.03945205479452052,0.19718309859154926,1.3157894736842106,1.0,1.1842105263157894,-0.13888888888888884,0.19112627986348119,-0.04661016949152541,2.6315789473684212,-1.736842105263158,-0.25,0.06571428571428561,-0.10430247718383323,-0.015094339622641395,0.04600811907983782,0.05208333333333348,0.06163828061638288,0.1428571428571428,0.06208425720620836,-0.08538899430740032,0.020000000000000018,0.1978094922004645
1996-06-30,0.013179162004227196,-0.005333333333333301,0.011714936544093613,0.09335899903753608,0.01792303637322079,-0.26588235294117646,-0.43181818181818177,-0.35526315789473684,-0.3493975903614457,-0.13888888888888884,-0.6074498567335244,-0.0888888888888889,-1.6231884057971016,-2.2857142857142856,0.4285714285714286,-0.007037533512064376,0.01965065502183405,0.061302681992337016,0.01681759379042691,-0.04950495049504955,0.06799083269671513,0.12500000000000022,0.008872651356993666,0.05601659751037347,0.019607843137254832,-0.09019118869492937
1996-09-30,0.017425450975579793,0.052278820375335044,0.01576069475715669,0.2015845070422535,0.02278612118073542,-0.007478632478632452,0.15999999999999992,0.24489795918367352,0.20370370370370372,-0.13888888888888884,-0.7518248175182481,-0.06341463414634141,0.7790697674418605,-1.2777777777777777,-0.08333333333333337,0.022949713128585847,0.03069236259814412,0.036101083032491044,0.026717557251908497,0.005208333333333259,-0.05293276108726752,0.125,0.01034661148473881,0.047151277013752546,0.0,-0.12425765189584292
1996-12-31,0.039078518875889534,0.29171974522292987,0.03815706143128561,0.2622710622710622,0.04202531645569629,0.28417653390742736,-0.24137931034482762,-0.34426229508196726,-0.3384615384615385,-0.13888888888888884,3.147058823529412,0.140625,-0.4836601307189542,-1.2,0.018181818181818077,0.0537776311448368,-0.027700831024930817,0.010452961672474004,0.024783147459727317,0.02590673575129543,0.005287009063444037,0.11111111111111116,0.01177675371223752,-0.02063789868667909,0.0,0.023300295600765297
1997-03-31,-0.02460824143934992,-0.2416173570019724,-0.04346499923745617,-0.03482298316889143,0.035471331389698824,0.10058675607711653,0.9090909090909092,0.875,0.8372093023255816,-0.13888888888888884,1.6879432624113475,-0.2831050228310502,-3.7974683544303796,0.0,0.017857142857142794,0.0331872260488415,-0.03917378917378922,-0.02758620689655178,0.0386940749697704,0.010101010101010166,0.012021036814425345,0.10000000000000009,0.06882591093117418,-0.013409961685823868,0.0,-0.2142735768903994
1997-06-30,0.0872307509222896,0.041612483745123496,0.11065051020408156,0.054119061936259705,0.018301267010793154,-0.21096725057121102,-0.3571428571428571,-0.30666666666666664,-0.30379746835443033,-0.13888888888888884,-0.9947229551451188,3.9554140127388537,-4.484162895927602,-7.0,-0.10526315789473684,0.0115151515151517,-0.021497405485544796,-0.010638297872340385,0.014551804423748482,-0.030000000000000027,0.02821083890126208,0.09090909090909083,-0.05965909090909094,-0.009708737864077666,0.0,-0.011894463667820099
1997-09-30,0.03984238178633981,0.27340823970037453,0.06632213608957804,0.22818026240730171,-0.04516129032258065,0.008687258687258614,0.22222222222222232,0.3076923076923077,0.2727272727272725,-0.13888888888888884,-10.0,-0.6979434447300772,-0.5636363636363637,-14.833333333333334,1.6274509803921569,0.09257040143798667,-0.0007575757575758457,-0.0035842293906811484,0.006310958118187049,0.07731958762886593,0.08808664259927812,0.09259259259259256,-0.02769385699899296,0.0039215686274511885,-0.019230769230769273,0.03698840008754667
1997-12-31,0.030842105263158004,0.11568627450980395,0.020193861066235774,-0.03622851834649321,0.06901544401544402,0.33301435406698565,-0.030303030303030276,-0.1470588235294118,-0.15714285714285714,-0.13888888888888884,-17.333333333333332,0.7617021276595746,-0.8422619047619048,-1.8072289156626506,-0.5,0.09350150808884017,0.0371493555724034,0.04676258992805771,0.03192702394526803,0.0861244019138756,0.07166556071665542,0.0847457627118644,0.04557224236147084,0.033203125,0.019607843137254832,0.15745040101308572
1998-03-31,-0.0012253650566731444,-0.09666080843585234,-0.011480601741884366,-0.2742168674698795,0.0338600451467268,-0.013639626704953334,0.296875,0.27586206896551735,0.23728813559322037,-0.13888888888888884,-0.15306122448979587,-0.4057971014492754,-0.9622641509433962,-1.0746268656716418,0.07462686567164178,0.1181043129388164,-0.04020467836257313,-0.037800687285223344,0.03370165745856357,0.08370044052863435,0.049535603715170407,0.078125,0.03912828132738966,-0.017013232514177745,-0.019230769230769273,0.24471188913202035
1998-06-30,0.007872405684490325,0.22276264591439698,0.033640368442130475,-0.17065073041168655,-0.07641921397379914,-0.17612809315866085,-0.2168674698795181,-0.1351351351351351,-0.136986301369863,-0.13888888888888884,-0.7590361445783133,-0.10162601626016265,157.5,30.2,2.1944444444444446,-0.014577259475218818,0.03884234577303869,0.021428571428571352,-0.08979155531801175,-0.04471544715447151,0.012389380530973604,0.07246376811594213,-0.09246901811248798,0.02692307692307705,0.0,0.47436273073542345
1998-09-30,0.0073037127206330155,-0.09466984884645979,0.0034870205346764216,0.06325060048038433,0.02127659574468077,0.1360424028268552,0.24615384615384617,0.296875,0.2857142857142858,0.2903225806451615,0.28333333333333344,0.009049773755656076,-0.9463722397476341,-1.8269230769230769,-0.5608695652173913,-0.04984069185252615,0.045454545454545636,0.04195804195804187,0.008807985907222537,0.042553191489361764,-0.07517482517482521,0.07432432432432412,0.01680672268907557,0.0074906367041198685,0.03921568627450989,-0.14854928457869632
1998-12-31,0.13897280966767367,0.23637961335676616,0.1397683397683398,0.36295180722891573,0.13611111111111107,0.048989113530326645,-0.308641975308642,-0.3855421686746988,-0.3950617283950618,-0.23750000000000004,0.6883116883116882,3.233183856502242,46.88235294117647,-1.0,0.0,0.1176047904191615,-0.05399719495091171,-0.06375838926174493,0.10360884749708976,0.11020408163265305,0.07687460617517328,0.0691823899371069,0.011880165289256173,-0.016728624535315983,-0.05660377358490576,-0.09289298634613141
1999-03-31,0.21724137931034493,-0.000710732054015617,0.26817976513098474,-0.09392265193370164,0.03341483292583547,0.14010378057820616,0.75,0.7254901960784315,0.6734693877551019,0.3114754098360657,1.4692307692307693,1.367584745762712,1.3550368550368552,inf,0.02970297029702973,-0.0570081440205743,0.02075611564121571,-0.043010752688172005,0.030590717299578074,-0.1470588235294119,-0.06377998829724985,0.06470588235294117,-0.1500765696784072,0.018903591682419618,-0.06000000000000005,0.10292036536729698
1999-06-30,0.027602237233965266,0.20483641536273112,0.04291692636452682,0.11646341463414633,-0.04022082018927442,-0.12028608582574774,-0.23469387755102045,-0.1477272727272727,-0.1707317073170731,-0.16249999999999998,-0.6292834890965733,-0.9078299776286354,-0.8977569118414189,35.333333333333336,1.048076923076923,-0.01909090909090916,-0.02178649237472774,-0.0561797752808989,0.035823950870010224,-0.047413793103448176,-0.046875,0.06077348066298338,0.014414414414414267,-0.0037105751391466324,-0.04255319148936165,0.07920214627318334
1999-09-30,0.03159680497632,0.15761511216056667,0.04132160846922228,0.08738394320043685,-0.015201314708299107,0.0997782705099779,0.10666666666666669,0.14666666666666672,0.1617647058823528,0.16417910447761197,-1.0,0.34466019417475735,0.5204081632653061,-0.8073394495412844,0.09859154929577474,-0.12465245597775709,-0.03711952487008152,-0.07936507936507942,0.0039525691699606735,-0.15384615384615374,-0.13967213114754107,0.12673611111111116,-0.04558910597986965,-0.024208566108007368,-0.04444444444444451,0.06452658884565499
1999-12-31,0.05947649719062631,-0.07343192248852626,0.0627203410674757,0.25916624811652444,0.04297037964121819,0.1586021505376345,-0.7469879518072289,-0.7558139534883721,-0.9493670886075949,-0.9230769230769231,inf,2.0541516245487363,-0.10402684563758391,-5.857142857142857,-0.4358974358974359,-0.09502382212811022,-0.12259059367771785,-0.17672413793103448,0.09645669291338588,-0.10160427807486638,-0.08917682926829273,0.0,-0.01488833746898266,-0.1564885496183206,-0.023255813953488413,-0.2640877246420956
2000-03-31,-0.012094166343293189,-0.08420473307649967,-0.0252275883351335,-0.0618268847227762,-0.03280000000000005,0.05974477958236668,2.8095238095238093,2.8095238095238093,16.75,10.666666666666666,-0.7610062893081762,-0.9692671394799054,-1.0449438202247192,-1.7450980392156863,0.5757575757575757,-0.29628546358584384,-0.03778558875219684,-0.08900523560209428,-0.029174147217235324,-0.3571428571428571,-0.1280334728033472,0.057010785824345156,-0.021410579345088054,-0.07239819004524894,0.023809523809523725,-0.02386865342163358
2000-06-30,0.028281505728314338,0.16826923076923084,0.03727740403640678,0.10884353741496589,-0.011993382961124843,-0.12479474548440062,0.012499999999999956,0.012499999999999956,0.028169014084507005,0.028571428571428692,-0.39473684210526316,-0.5769230769230769,1.1666666666666665,-0.5789473684210527,0.15384615384615374,-0.1388196176226102,0.027397260273972712,0.0,-0.014794267221451718,-0.11111111111111116,-0.09980806142034537,0.05247813411078717,-0.03925353925353936,-0.014634146341463539,0.023255813953488413,0.05356890459363939
2000-09-30,0.03488890303686265,0.3852880658436213,0.043873035251030146,0.27760736196319025,-0.01506906655504392,0.4978111319574734,-0.32098765432098764,-0.32098765432098764,-0.3013698630136986,-0.29166666666666663,-1.289855072463768,29.454545454545453,-16.23076923076923,0.28125,0.1708333333333334,0.2490347490347491,-0.11111111111111105,-0.1321839080459769,-0.10370717972782717,0.26041666666666674,0.22068230277185474,0.05124653739612195,-0.0488948425987944,-0.22277227722772286,0.09090909090909083,0.08425006707807903
2000-12-31,-0.024853891110427573,-0.09060527292981801,-0.023609385278853923,-0.039015606242497,0.022099447513812098,0.3265135699373696,-4.272727272727273,-4.272727272727273,-3.9607843137254903,-3.9607843137254903,-15.5,0.4776119402985075,-0.7323232323232323,-3.4146341463414633,-0.35231316725978645,0.10857805255023201,-0.847,-0.847682119205298,-0.05916230366492159,0.2396694214876034,0.2593886462882098,0.04743083003952564,0.048591549295774694,-0.8726114649681529,0.1875,-0.05369957931205149
2001-03-31,0.04876663932874892,0.2266231114740711,0.03241503219044772,0.02092442223610247,0.1422037422037421,0.2987094743468681,-1.6055555555555556,-1.6055555555555556,-1.576158940397351,-1.5629139072847682,0.24482758620689649,-0.3292929292929293,-0.8962264150943396,-1.404040404040404,0.2197802197802199,0.01394214011850825,0.7516339869281048,0.7391304347826089,0.1396772398441848,0.08000000000000007,3.8030513176144245,0.04528301886792452,0.09200805910006715,0.44999999999999996,0.22807017543859653,0.20149058577405854
2001-06-30,0.1321583253128007,0.6554593874833554,0.16046697121310993,0.6420923829917407,-0.006916636330542403,0.07149781871061567,-0.5137614678899083,-0.5137614678899083,-0.5402298850574712,-0.5294117647058822,-1.0914127423822715,-0.015060240963855387,27.545454545454547,-2.15,-0.2072072072072072,0.021313166036438735,-0.45149253731343286,-0.44999999999999996,-0.01025390625,-0.1049382716049384,-0.24747328905573207,0.044524669073405354,-0.12300123001230001,-0.5517241379310345,0.19999999999999996,0.008161932745674116
2001-09-30,-0.14515700547261035,-0.4868288759300221,-0.12671832041989506,-0.45957526080476896,-0.25549853372434017,-0.3223252657769735,-11.735849056603774,-11.735849056603774,-11.725,-11.725,1.4848484848484849,0.024464831804281273,0.44585987261146487,-1.8043478260869565,0.2102272727272727,-0.18781555031975772,-17.408163265306122,-16.818181818181817,-0.2629501726689689,-0.17931034482758623,0.8518802762854951,0.041474654377880116,-0.13394109396914444,0.0,0.03571428571428581,-0.05041018998272884
2001-12-31,0.0629622723599974,0.1884796238244515,0.07913566113337156,0.3133402275077559,-0.04775972427375674,0.0,-0.7574692442882249,-0.7574692442882249,-0.7482517482517482,-0.7482517482517482,-3.0853658536585367,-0.6059701492537313,-1.1387665198237886,-1.6486486486486487,-0.11267605633802813,-0.08164111065064228,-0.024461028192371392,-0.08620689655172398,-0.052208835341365445,0.24369747899159666,0.0,0.039823008849557695,-0.10526315789473684,0.0,0.0,-0.09503239740820735
2002-03-31,-0.036428487896152495,-0.17969007583250907,-0.06782920037130358,-0.17086614173228343,0.20630816959669085,-0.15720961281708945,-3.891304347826087,-3.891304347826087,-3.7685185185185186,-3.7037037037037033,0.4736842105263157,-5.765151515151516,13.444444444444445,0.20833333333333326,-0.1534391534391535,0.0356498194945849,-0.509987250318742,-0.5314465408805031,0.19915254237288127,0.09459459459459474,0.0,0.03936170212765955,0.25701357466063346,0.0,0.0,-0.010677050621781259
2002-06-30,-0.061047393652527426,-0.032556270096463,-0.033003769827157026,-0.03323836657169987,-0.22803257608229743,-0.06217821782178223,-1.1879699248120301,-1.1879699248120301,-1.1872909698996656,-1.1917808219178083,-0.011904761904761862,-0.8044515103338633,-0.7054945054945054,-4.586206896551724,0.6499999999999999,-0.2875816993464051,0.6773633998265394,0.5771812080536913,-0.28091872791519434,-0.40740740740740744,0.0,0.0368474923234392,-0.18214542836573067,0.0,0.0,0.0006348400203148863
2002-09-30,-0.06954048988560724,-0.04860822600747816,-0.07966164030893708,-0.1660117878192534,0.03997779011660185,0.08910472972972983,-1.4933333333333334,-1.4933333333333334,-1.4642857142857142,-1.4642857142857142,-1.6746987951807228,0.07317073170731714,-1.6865671641791045,0.42307692307692313,0.3257575757575757,-0.42629969418960245,-1.594105480868666,-1.6,0.03931203931203919,-0.19791666666666663,0.0,0.017769002961500524,0.11795774647887325,0.0,0.0,0.14084507042253525
2002-12-31,-0.033479197054941956,0.19999999999999996,0.016384271099744163,0.13780918727915203,-0.37159636946075814,-0.5288871655680496,-27.513513513513512,-27.513513513513512,-27.26923076923077,-27.26923076923077,-2.732142857142857,-1.1590909090909092,-2.3206521739130435,-0.8175675675675675,0.07714285714285718,-0.13326226012793174,-4.080069625761531,-3.921985815602837,-0.3806146572104019,-0.1688311688311689,-0.9452963116452548,0.01745877788554795,-0.35905511811023627,0.0,-0.33333333333333337,0.05461016572127697
2003-03-31,0.027308659719726958,-0.057132459970887894,0.022332311079657163,-0.04451345755693581,0.08071367884451996,0.6395061728395062,-1.0805300713557595,-1.0805300713557595,-1.0805270863836018,-1.0746705710102489,0.3745704467353952,1.5238095238095237,-0.7942386831275721,10.037037037037036,0.790450928381963,-0.1340713407134072,0.7866628991240463,0.570388349514563,0.08396946564885477,0.40625,0.0,0.0,0.055282555282555323,0.0,-0.0344827586206895,-0.01318287281164321
2003-06-30,-0.08863238894718428,0.1713624083365497,-0.09530036151065302,-0.3813651137594799,-0.022798742138364747,-0.4206827309236948,-1.5696202531645569,-1.5696202531645569,-1.5636363636363635,-1.607843137254902,-1.6675,-10.69811320754717,-1.16,-0.14093959731543626,0.3792592592592592,-0.07102272727272729,0.0681638462755021,0.010819165378670892,-0.023474178403755763,-0.1444444444444445,0.0,0.0,0.07101280558789291,0.0,-0.1071428571428572,0.8934487549428236
2003-09-30,-0.05503530856616523,-0.11861614497528827,-0.07405203196735244,-0.30122591943957966,0.12389380530973448,-0.11958405545927209,0.711111111111111,0.711111111111111,0.6451612903225807,0.6451612903225807,-0.449438202247191,-0.9221789883268483,-18.75,-1.97265625,-0.2867883995703545,0.07798165137614665,0.23437962688777025,0.16972477064220182,0.009615384615384581,0.10389610389610393,0.0,0.0,0.1945652173913044,0.0,-0.19999999999999996,0.26138736806457064
2003-12-31,0.1240354154820893,-0.06766355140186919,0.0943898631897897,0.3784461152882206,0.3214030064423765,0.329724409448819,-0.987012987012987,-0.987012987012987,-0.9803921568627451,-1.0392156862745099,0.6122448979591837,-8.45,-3.915492957746479,-0.5020080321285141,-0.1987951807228916,0.1404255319148935,-0.9606573107832553,-0.9568627450980393,0.17142857142857126,0.12941176470588234,0.0,0.0,0.04185623293903551,0.0,0.02499999999999991,-0.32365312332199747
2004-03-31,0.09242665125018057,0.09021651964715316,0.04253712559778511,0.1903030303030302,0.04929577464788726,0.2982975573649149,10.0,10.0,6.000000000000001,-4.5,-1.9915611814345993,-0.6140939597315436,-1.642512077294686,-1.153225806451613,0.03571428571428581,0.11069651741293551,1.8109756097560976,2.0000000000000004,0.04166666666666674,-0.05208333333333326,0.0,0.0,-0.03144104803493453,0.0,-0.04878048780487798,-0.08408865365530926
2004-06-30,0.012568631342197545,0.04891504229496135,0.014324802832770045,0.10030549898167007,0.01342281879194629,-0.3768529076396807,-2.7272727272727275,-2.4545454545454546,-2.428571428571429,-2.428571428571429,0.04680851063829783,-0.13913043478260867,-0.9624060150375939,6.631578947368421,0.26315789473684204,-0.035834266517357216,-0.49891540130151846,-0.5050505050505051,0.029268292682926855,-0.07692307692307698,0.0,0.0,0.0027051397655544207,0.0,-0.05128205128205132,-0.046662814215544635
2004-09-30,0.004573071143921137,-0.016830294530154277,-0.00015867978419548123,-0.21008792225821382,0.031584309730005034,-0.027447392497712664,2.1052631578947367,2.5,2.4999999999999996,2.4,-2.166666666666667,-1.8282828282828283,-7.8,-1.9379310344827587,-0.1954022988505747,0.06387921022067378,-1.772727272727273,-1.8979591836734695,-0.14123222748815167,0.03571428571428581,0.0,0.0,0.03147482014388503,3.384615384615385,-0.05405405405405406,0.2445825125018941
2004-12-31,0.0321909345125837,0.06954350927246788,0.01618790668147918,0.02811950790861162,0.15209876543209866,0.4694261523988712,-0.0847457627118644,-0.0357142857142857,-0.2857142857142857,-0.23529411764705888,-1.710801393728223,-4.170731707317073,1.426470588235294,-1.8014705882352942,0.19464285714285712,0.06222707423580798,0.787114845938375,0.7727272727272725,0.16997792494481234,0.22988505747126453,3.725378787878787,0.0,0.1377506538796862,0.8421052631578947,0.0,0.04030196030683064
2005-03-31,0.020728326612903247,0.06068689563187735,0.003748243011088448,-0.05071225071225072,0.0728675525075011,0.18117797695262494,1.8148148148148149,1.7777777777777777,2.08,1.8461538461538458,0.2843137254901962,-0.9692307692307692,-0.896969696969697,1.4862385321100917,0.40508221225710006,0.19218910585817062,1.224137931034483,1.3205128205128207,-0.03301886792452824,0.01869158878504673,-0.262124248496994,0.0,0.06053639846743297,1.3619047619047615,0.0,0.11739232209737827
2005-06-30,0.016048392074563322,0.035209053756680264,-0.0024894974327057673,-0.027010804321728643,0.11666000799041143,-0.3273712737127371,-0.8026315789473684,-0.8200000000000001,-0.8441558441558441,-0.8378378378378378,-0.06870229007633588,15.0,-3.588235294117647,-0.7306273062730627,0.07765957446808502,0.19482758620689644,-0.06060606060606055,0.022099447513812098,0.1278048780487806,0.23853211009174302,-0.4769147202607278,0.0,0.11199421965317935,0.014112903225806495,0.028571428571428692,0.0639467895674033
2005-09-30,-0.021019379138569994,0.19647737625265704,0.0253470597410701,0.337446020974707,-0.07978533094812168,0.07574536663980669,-9.766666666666667,-10.814814814814815,-11.083333333333334,-11.083333333333334,-0.5983606557377049,1.0546875,0.25,-4.013698630136986,-0.2171767028627838,0.1435786435786437,-1.1110277569392348,-1.0918918918918918,-0.09169550173010388,0.014814814814814836,0.12772585669781922,0.0,-0.06822612085769986,0.0,0.0277777777777779,-0.10543933054393306
2005-12-31,-0.0058951287620229165,-0.010406091370558368,-0.0032707081463452248,-0.025369003690036918,0.004276827371695102,0.398501872659176,-0.9885931558935361,-0.9773584905660377,-0.9834710743801653,-1.0,-0.5714285714285714,-0.4600760456273765,-3.8363636363636364,-1.2454545454545454,0.06809583858764179,-0.05741324921135649,1.7027027027027026,2.058823529411765,0.0019047619047618536,0.03649635036496335,0.0,0.0,0.010460251046025215,0.0,0.05405405405405417,0.015352445936279047
2006-03-31,-0.02933832709113604,-0.1500384714029238,-0.03624847374847373,-0.23047799337434927,-0.006194347657762278,0.08837707552222818,7.0,3.5,5.0,-inf,3.1190476190476186,-0.704225352112676,-2.416666666666667,-2.648148148148148,-0.10507674144037782,-0.05689424364123152,1.8599999999999999,2.1153846153846154,-0.008555133079847899,-0.05633802816901401,0.0,0.0,0.02346445824706689,0.0,0.025641025641025772,0.10454151311510951
2006-06-30,0.007459807073954883,0.023838261919130854,0.0019795708290442082,0.03198031980319804,0.03233346318659924,-0.31299212598425197,-4.125,-3.6666666666666665,-3.7500000000000004,-3.5833333333333335,0.8265895953757225,3.9523809523809526,-0.9321266968325792,-2.044943820224719,0.12269129287598934,-0.0731014904187367,-0.15297202797202802,-0.16049382716049387,0.033557046979865834,-0.0671641791044777,0.0,0.0,0.028320971004720308,0.0,0.04999999999999982,-0.00785044894754916
2006-09-30,-0.04391676241542197,-0.1022693781314471,-0.0440177019124387,-0.055423122765196675,-0.04264150943396228,0.04727793696275073,-2.3466666666666667,-2.4305555555555554,-2.424242424242424,-2.5161290322580645,-1.1677215189873418,-0.10576923076923073,9.2,-5.21505376344086,-0.46063454759106937,0.06125574272588041,-0.7162022703818369,-0.75,-0.05102040816326525,0.03200000000000003,0.0,0.0,-0.003278688524590123,0.0,0.023809523809523725,-0.04960189901587464
2006-12-31,0.02623848310855914,0.031845042678923186,0.05687360502603944,0.3602523659305994,-0.016554986204178168,0.31326949384404923,-0.7128712871287128,-0.6893203883495146,-0.6808510638297872,-0.6808510638297872,-5.754716981132075,0.6935483870967742,-0.7058823529411764,-0.7244897959183674,-0.23529411764705888,0.13636363636363646,0.42181818181818187,0.5000000000000002,-0.021505376344086113,0.193798449612403,0.0,0.0,-0.044078947368420995,0.0,0.023255813953488413,-0.24144031637006969
2007-03-31,-0.006115412139743648,0.02290804963410764,0.003676183026984692,0.01298701298701288,-0.054108216432865786,0.1651041666666666,6.275862068965517,5.71875,5.466666666666667,5.466666666666667,0.25,-1.019047619047619,0.2666666666666666,-3.4537037037037037,0.754985754985755,0.0863492063492064,2.1560102301790276,2.4117647058823524,-0.060939060939060874,0.11038961038961026,0.0,0.004766444232602307,-0.04955264969029605,0.0,0.045454545454545414,0.009809301687474292
2007-06-30,-0.03842377430123711,0.2973561430793157,-0.050498753117206974,0.1323260073260073,0.03898305084745757,-0.4103710326329906,-1.1706161137440758,-1.1534883720930234,-1.1546391752577319,-1.1546391752577319,-0.7269841269841271,244.5,4.0,3.8113207547169807,2.0698051948051948,0.04383401519579189,0.1645056726094003,0.16091954022988508,0.042553191489361764,0.11111111111111116,0.0,0.004743833017077925,0.08544532947139749,0.0,0.0,0.14571020990421846
2007-09-30,-0.02627637848876785,-0.11388156317429876,-0.037097833223900145,-0.00970481196926809,0.028548123980424167,-0.028051554207733087,1.3333333333333335,1.4848484848484849,1.4666666666666668,1.266666666666667,-7.011627906976744,-1.057705363204345,-0.8456140350877193,-1.5066666666666668,-0.3416181914331041,-0.06550951847704356,-0.5831593597773138,-0.6039603960396039,0.0295918367346939,-0.10526315789473684,0.0,0.0047214353163362865,0.05937291527685118,0.0,-0.021739130434782594,-0.1051820230048619
2007-12-31,-0.007550335570469802,-0.21969696969696972,0.0026423457211046664,0.011433238056349548,-0.05630452022204602,0.2683307332293292,-2.4761904761904763,-2.548780487804878,-2.5405405405405403,-2.676470588235294,-1.2765957446808511,7.658823529411764,5.909090909090909,0.3885448916408669,-0.7204819277108434,0.017375674056321122,0.7395659432387311,0.8374999999999999,-0.06243805748265596,-0.0117647058823529,0.0,0.0046992481203007586,-0.055415617128463546,0.0,-0.022222222222222254,-0.22853167240922356
2008-03-31,0.0032403493941954853,0.0010402219140084323,-0.0024653574768341846,-0.09810254339927327,0.03151260504201692,0.34317343173431736,-1.8548387096774195,-1.811023622047244,-1.8070175438596492,-1.7719298245614037,2.3146853146853146,-0.7934782608695652,-1.5625,-1.5496098104793758,1.4166666666666665,-0.10188457008245,-1.3963531669865643,-1.4829931972789117,0.0348837209302324,-0.04166666666666652,0.0,0.008419083255378768,0.03200000000000003,-0.7176938369781312,0.022727272727272707,0.10993730138280533
2008-06-30,-0.02471562982727149,-0.08313127814340149,-0.043207772285665635,-0.1575649059982095,0.06354378818737261,-0.375,-0.5377358490566038,-0.5533980582524272,-0.5652173913043479,-0.5681818181818181,-0.6265822784810127,0.26315789473684204,-2.7485380116959064,-1.6369168356997972,-0.3733650416171225,-0.02950819672131144,0.12348668280871644,0.14084507042253502,0.0694586312563843,-0.06211180124223603,2.785451197053407,0.008348794063079756,0.09883720930232553,0.13380281690140827,0.022222222222222143,0.08836957362841447
2008-09-30,0.013462922966162694,0.06913486966377036,0.010599447759864544,-0.0037194473963868546,0.025660666411336575,0.04615384615384621,0.653061224489796,0.7173913043478262,0.7999999999999998,0.7894736842105263,-3.6440677966101696,0.01041666666666674,-1.9933110367892977,0.16242038216560517,-0.6925996204933587,-0.08783783783783783,-0.04525862068965514,-0.024691358024691246,0.025787965616045794,-0.14569536423841056,-0.17903186572610075,0.008279668813247598,0.014697236919459122,-0.0496894409937888,0.021739130434782483,0.0730892285815854
2008-12-31,0.058535199261206206,-0.0010600706713781438,0.07024502027146129,-0.006399999999999961,0.010455563853622118,0.29131652661064433,-0.2098765432098766,-0.22784810126582278,-0.2499999999999999,-0.23529411764705888,-1.8034188034188035,0.5515463917525774,-1.0808080808080809,-1.1397260273972603,0.3148148148148149,-0.20740740740740748,1.758465011286682,1.6582278481012658,0.012104283054003684,-0.22480620155038766,-0.20740740740740737,0.008211678832116709,-0.042294322132097384,1.7712418300653594,0.02127659574468077,0.005366726296958779
2009-03-31,0.006778068586000829,0.05553590378493101,0.0038705426994976033,-0.2292002147074611,0.019955654101995624,0.14208242950108452,0.125,0.13114754098360648,0.11111111111111094,0.15384615384615374,0.6117021276595744,-0.3621262458471761,-9.291666666666666,11.019607843137255,2.8779342723004695,0.04112149532710285,-0.1456628477905073,-0.12380952380952392,0.021159153633854677,0.020000000000000018,-0.6613084112149532,0.0117647058823529,0.015124016938899087,-0.10849056603773588,-0.02083333333333337,0.3694477395545013
2009-06-30,0.01833088921477133,0.057640750670241214,0.01730926989335524,0.26949860724233976,0.023550724637681153,-0.41690408357075026,0.06944444444444442,0.07246376811594213,0.10000000000000009,0.06666666666666665,-0.6749174917491749,0.27083333333333326,0.2361809045226131,-0.6753670473083198,0.2409200968523002,0.044883303411131115,0.08524904214559381,0.07608695652173925,0.016216216216216273,0.02941176470588247,0.17880794701986735,0.01073345259391778,0.007151370679379987,0.1322751322751321,-0.04255319148936165,-0.16689124157844093
2009-09-30,-0.025790403875106338,-0.15652724968314324,-0.03580356422869124,0.0038398244651673963,0.016991150442477787,0.037459283387622166,-0.025974025974025983,-0.013513513513513487,-0.030303030303030276,-0.03125,-1.8375634517766497,-0.004098360655737654,-2.7642276422764227,-5.231155778894473,-0.8214634146341464,0.09192439862542967,-0.04060017652250658,-0.030303030303030498,0.01684397163120588,0.07619047619047614,-0.02434456928838946,0.011504424778761013,0.047337278106508895,0.00233644859813098,-0.04444444444444451,-0.1597735674676526
2009-12-31,0.025062151447960757,0.03005259203606303,0.030191519611942885,0.06775956284152995,-0.011138183083884479,0.2535321821036107,-0.7866666666666666,-0.9726027397260274,-0.96875,-1.0,0.0,0.0,0.0,-0.8966745843230404,-0.5081967213114754,0.14398111723052698,-0.2235510579576817,-0.1718749999999999,-0.013077593722755076,0.1238938053097347,0.17274472168905963,0.01137357830271224,-0.03615819209039539,-0.18181818181818188,-0.04651162790697683,-0.035267427471469714
2010-03-31,-0.001966439433665479,0.019328956965718458,-0.002679006332196754,-0.13357215967246672,0.01971136923618455,0.23168440826549785,4.5,41.5,36.0,inf,-4.981818181818182,-0.12757201646090532,-1.5092165898617511,-8.655172413793103,7.388888888888889,0.047455295735901126,0.05805687203791465,0.06289308176100605,0.021201413427561766,0.06299212598425208,0.34042553191489344,0.012975778546712835,0.023446658851113744,0.09971509971509973,-0.024390243902438935,0.17644124563528818
2010-06-30,-0.011493497964008892,-0.06225402504472277,0.0009768009768009733,0.02539870053160076,-0.06489471867449081,-0.31875953228266396,-0.06818181818181823,-0.05882352941176472,-0.05405405405405406,-0.05882352941176472,-0.4048706240487062,0.3113207547169812,-2.502262443438914,-1.3288288288288288,-0.2900662251655629,0.011818778726198298,0.03695408734602457,0.02366863905325456,-0.07179930795847755,-0.014814814814814836,-0.029914529914529808,0.012809564474807633,-0.06013745704467355,0.005181347150259086,0.02499999999999991,-0.08546853231570661
2010-09-30,0.03454919938874501,0.1774132010682945,0.03317882410343986,0.3231566820276497,0.04134366925064592,0.07686567164179103,0.7682926829268293,0.675,0.657142857142857,0.65625,-1.1278772378516624,-0.15107913669064743,-2.3433734939759034,-1.730593607305936,0.29850746268656714,0.06489292667099278,0.2321814254859611,0.25433526011560703,0.07455731593662618,0.15037593984962405,0.06482064191315295,0.012647554806070938,0.1042047531992687,0.22164948453608235,0.024390243902439046,-0.11014703934295944
2010-12-31,0.00288998779782923,-0.10596241088788072,0.005824478551751389,-0.12015672616456252,-0.00992555831265507,0.16562716562716573,-0.8275862068965517,-0.8134328358208955,-0.7931034482758621,-0.7924528301886793,-0.21999999999999997,0.17372881355932202,-1.298206278026906,-3.80625,-0.6451149425287357,0.12370505789152952,0.056967572304995606,0.018433179723502446,-0.03902862098872506,0.045751633986928164,-0.08392434988179676,0.017485428809325576,-0.012693156732891842,0.06329113924050644,0.0,0.01615184220320054
2011-03-31,0.001664959016393519,-0.0065241029358463765,-0.005321230143203737,0.1331024245423058,0.03365556749015397,0.2217598097502973,4.4,4.4,3.500000000000001,3.7272727272727275,-22.564102564102566,-0.17689530685920574,-0.5413533834586466,-2.2293986636971046,2.242914979757085,0.04067245119305851,0.13515754560530668,0.13122171945701355,0.017148014440433235,0.08124999999999982,-0.047741935483870956,0.017184942716857554,0.016210173281162588,0.13888888888888884,0.0,-0.12327864049223547
2011-06-30,0.01937092443421551,0.07843852608537039,0.018251907796396738,-0.021397379912663772,0.02459300311742285,-0.3362530413625304,-0.2592592592592593,-0.2592592592592593,-0.2592592592592593,-0.2692307692307693,-0.55410225921522,0.06578947368421062,-2.0,-0.6503623188405797,0.24094881398252177,0.02344971339239188,0.01241782322863405,0.03200000000000003,0.020408163265306145,0.005780346820809301,-0.10094850948509482,0.016894609814963824,0.005500550055005604,0.04878048780487809,0.0,0.10209708413401275
2011-09-30,0.0008153026026966881,-0.03247631935047357,-0.0055628525071467205,-0.012048192771084376,0.028735632183908066,0.07331378299120228,0.3899999999999999,0.3899999999999999,0.375,0.3947368421052633,-1.056,0.15637860082304522,-2.1311475409836067,-2.9222797927461137,-0.37323943661971826,-0.042260692464358596,-0.0028860028860029363,-0.019379844961240345,0.02869565217391301,-0.05747126436781613,-0.07987942727957786,0.01661392405063289,0.02789934354485779,0.009966777408637828,0.0,-0.020695929042528927
2011-12-31,0.030956260182980255,-0.10314685314685312,0.03954626680133644,0.05600722673893399,-0.004929346040091986,0.10655737704918034,-0.7050359712230216,-0.7050359712230216,-0.6909090909090909,-0.6603773584905661,0.23809523809523814,0.08896797153024916,0.8840579710144927,0.24528301886792447,-0.7415730337078652,0.10419989367357796,0.02315484804630974,0.02371541501976293,0.0076077768385460764,0.07317073170731714,0.10483210483210481,0.01634241245136203,-0.03459286854709953,0.04934210526315774,-0.023809523809523836,-0.15071992568509063
2012-03-31,-0.01774860199367856,-0.11578947368421055,-0.023393124065769766,-0.2219846022241232,0.006935270805812355,0.07592592592592595,0.6341463414634145,0.6341463414634145,0.5294117647058822,0.38888888888888884,-25.423076923076923,0.02287581699346397,-0.038461538461538436,-1.4264069264069263,1.2236024844720497,0.050553683196918664,-0.17538896746817545,-0.16988416988416988,-0.036073825503355694,0.03977272727272729,0.004447739065974732,0.018376722817764257,0.02535832414553485,-0.12225705329153602,-0.07317073170731703,0.1364506426032266
2012-06-30,0.00823019801980207,-0.02733686067019403,0.005433534858804601,-0.00659703133589884,0.020334535913414165,-0.23522662076878942,0.5074626865671641,0.4925373134328359,0.46153846153846145,0.48,-0.5149606299212599,-0.051118210862619806,0.45599999999999996,-1.868020304568528,-0.4776536312849162,0.04032997250229142,-0.012864493996569526,0.0,0.006962576153176636,0.08196721311475397,0.2501845018450184,0.018045112781954753,0.011827956989247213,0.005357142857142838,0.0,-0.020853384664741625
2012-09-30,0.019333456085435463,0.06980961015412501,0.01750646978231085,-0.1781959048146099,0.02732240437158473,0.13053263315828967,0.4653465346534653,0.48,0.47368421052631593,0.4864864864864866,-1.0292207792207793,0.10437710437710446,-2.5274725274725274,-0.6549707602339181,-0.31550802139037437,0.04625550660792954,0.013032145960034658,0.013953488372093092,0.02765773552290418,0.03535353535353525,0.05430932703659974,0.017725258493352936,0.008501594048884176,0.019538188277086865,0.0,0.3017693315858452
2012-12-31,0.031490847784200415,0.02627118644067794,0.0392728904847397,0.21010101010101012,-0.0006257822277847547,0.10816191108161921,-0.5540540540540541,-0.5472972972972974,-0.5535714285714286,-0.5454545454545454,-35.111111111111114,0.25609756097560976,-0.7482014388489209,-0.4067796610169492,-0.2734375,-0.00042105263157898865,0.06260720411663812,0.059633027522935755,-0.004205214465937801,-0.024390243902438935,-0.01511758118701001,0.01741654571843254,-0.04478398314014753,0.06445993031358888,0.0,-0.15190032720865831
2013-03-31,0.008055571770474668,0.04376548307184147,0.0018714460519686504,-0.08458542014468562,0.035065748278021225,0.18502994011976037,1.1818181818181817,1.1492537313432836,1.2000000000000002,1.12,1.3615635179153096,-0.28883495145631066,-0.12857142857142856,-15.085714285714285,5.301075268817204,0.10994102780117965,0.17756255044390645,0.18181818181818188,0.032939189189189255,0.11499999999999999,0.05514496873223407,0.01783166904422262,0.04191947049089917,0.1571194762684125,0.026315789473684292,0.14022852055201063
2013-06-30,0.009265157218136588,-0.01700949367088611,0.010776636252604277,0.09544072948328264,0.005142165759225659,-0.2895401718039414,-0.4444444444444444,-0.4444444444444444,-0.4545454545454546,-0.4528301886792453,-0.4896551724137931,0.10238907849829348,-2.5737704918032787,-1.0993914807302232,-0.08361774744027306,0.06072106261859567,-0.06031528444139822,-0.06227106227106227,0.006541291905151292,0.026905829596412634,-0.11422413793103436,0.01822004204625083,-0.002117522498676583,-0.05374823196605372,-0.02564102564102566,-0.10268089536699632
2013-09-30,-0.025417407768661415,-0.033802816901408406,-0.03667638069514534,-0.1875693673695893,0.0219681011134516,0.027738264580369876,0.575,0.575,0.6000000000000001,0.5862068965517244,-0.9378378378378378,0.20123839009287936,-1.9166666666666665,4.653061224489796,-0.5158286778398511,-0.027191413237924844,-0.06491611962071475,-0.05468750000000011,0.021933387489845524,-0.03493449781659397,0.020681265206812682,0.01720578114246396,0.049336870026525315,-0.04035874439461895,0.0,0.18926758520667142
2013-12-31,0.02531496526551269,0.05206164098292376,0.027447797535600893,0.32855191256830607,0.01707891637220249,0.20138408304498268,-0.19047619047619047,-0.19047619047619047,-0.20833333333333326,-0.17391304347826086,12.173913043478262,0.3608247422680413,0.5568181818181819,-0.6823104693140793,-0.3384615384615385,-0.007723427730783383,0.06162246489859591,0.08264462809917372,0.00556438791732905,-0.03167420814479627,0.050655542312276314,0.017591339648173276,-0.018705763397371178,0.07165109034267925,0.0,-0.208109756097561
2014-03-31,0.029168580615525963,0.17537608867775134,0.024703770197486596,-0.0740359897172237,0.04748118123914313,0.4533410138248848,1.0,1.0,1.026315789473684,0.9736842105263157,1.0165016501650164,-0.3446969696969697,1.343065693430657,-7.659090909090909,3.4069767441860463,0.026686434395848835,0.1058045554739162,0.12213740458015265,0.050592885375494,0.023364485981308247,-0.05331820760068051,0.017952127659574657,0.029366306027820865,0.046511627906976605,0.07894736842105265,0.2693462693462694
2014-06-30,-0.011437179201071235,-0.1697541259683395,-0.016259023056976685,-0.13214880621876735,0.00746268656716409,-0.4181529924692826,-0.5931372549019608,-0.5931372549019608,-0.5974025974025974,-0.6000000000000001,-0.46644844517184947,0.26300578034682087,-1.9003115264797508,-1.68259385665529,-0.5277044854881267,0.08339350180505423,-0.017275747508305628,0.0,-0.016553799849510775,0.031963470319634535,-0.043738765727980855,0.017635532331809145,0.019019019019018923,-0.002777777777777657,0.0,-0.04331210191082813
2014-09-30,0.03736102488853765,0.1091277890466531,0.04538006696587593,0.054382597568777946,0.006858710562414272,-0.02588555858310626,0.1325301204819278,0.1325301204819278,0.09677419354838723,0.13333333333333353,-0.9233128834355828,0.2906178489702518,-3.332179930795848,-1.3375,0.3770949720670391,-0.016327890703099035,-0.08045977011494243,-0.08163265306122447,0.0068859984697779986,0.0,-0.02130325814536349,0.01732991014120655,-0.029469548133595258,-0.05988857938718661,-0.024390243902438935,0.051930758988016024
2014-12-31,0.043740819324302294,-0.050109729334308684,0.05479078642496926,0.22208737864077666,0.0,0.22937062937062946,0.02127659574468077,0.02127659574468077,0.0,0.02941176470588225,18.4,-0.0017730496453900457,-1.3086053412462908,-3.1185185185185187,-0.5801217038539555,0.1212737127371275,-0.02720588235294119,-0.033333333333333215,-0.003039513677811634,0.1150442477876108,0.19718309859154926,0.017034700315457396,-0.05161943319838047,-0.016296296296296364,-0.025000000000000022,-0.22272453285111504
2015-03-31,0.0006776127182694935,-0.036965729688101634,-0.007688331825817296,-0.20605759682224434,0.03596730245231616,0.2007963594994311,1.1041666666666665,1.1041666666666665,1.1470588235294117,1.0857142857142859,0.5670103092783505,-0.25044404973357015,-0.8894230769230769,-2.1013986013986017,1.5217391304347827,0.07311178247734151,-0.016628873771730945,-0.02298850574712652,0.03658536585365857,0.07539682539682535,0.09144385026737978,0.01799007444168721,0.04642475987193162,0.05722891566265065,-0.07692307692307698,0.21295075610701808
2015-06-30,0.0020835503698302116,-0.08396641343462619,0.001562601731883495,0.02564102564102555,0.00420831141504463,-0.36049265750828996,-0.6683168316831682,-0.6683168316831682,-0.6575342465753424,-0.6575342465753424,-0.33947368421052626,-0.14691943127962082,7.130434782608695,-1.1428571428571428,-0.08620689655172409,-0.05743243243243257,-0.04458109146810141,-0.050980392156862675,0.0022058823529411686,-0.09225092250922506,-0.046055854973052535,0.017672151127361202,0.0020397756246812726,-0.017094017094017033,-0.02777777777777779,-0.10683460136819911
2015-09-30,0.01112381744464086,-0.07333042339589702,0.00845088734317101,0.09024390243902447,0.022001047668936513,0.1007407407407408,1.2089552238805972,1.388059701492537,1.12,1.12,-0.6852589641434264,0.55,-1.3903743315508021,6.266666666666667,-0.6855345911949686,0.01433691756272415,0.12550281576830247,0.09917355371900816,0.02054292002934699,0.012195121951219523,0.044684129429892305,0.017365269461077748,0.01119592875318065,0.13478260869565206,0.0,-0.15003579098067277
2015-12-31,0.04565083281924731,0.09279321714554878,0.05492167859214847,0.28747203579418334,0.009226037929267017,0.015477792732166984,-0.28378378378378377,-0.3375,-0.26415094339622647,-0.28301886792452835,0.39240506329113933,0.2616487455197132,7.219178082191782,-1.3547400611620795,0.7733333333333334,0.051236749116607916,0.0014295925661187425,0.00375939849624074,0.012221423436376666,0.032128514056224855,-0.05653883972468032,0.017068864037669274,-0.04378459989934569,0.05874840357598998,-0.05714285714285705,-0.15125484251305377
2016-03-31,-0.01489675516224187,-0.18534482758620685,-0.02896425297891847,-0.11077324066029537,0.04342305738953778,0.19350563286945,0.5471698113207548,0.5471698113207548,0.5128205128205128,0.5526315789473684,1.8727272727272726,-0.359375,-1.45,-1.7672413793103448,-0.33458646616541354,0.09299719887955171,-0.08922198429693085,-0.08239700374531833,0.032670454545454586,0.07782101167315192,0.07608129233976024,0.01793981481481466,0.06947368421052635,-0.024125452352231624,-0.06060606060606066,-0.0838460011907125
2016-06-30,0.02126066776463542,0.07460317460317456,0.02384997797495436,0.021494870542257072,0.01143830615721586,-0.23875624652970573,-0.24390243902439024,-0.2012195121951219,-0.23728813559322026,-0.23728813559322026,-0.25791139240506333,0.017738359201773912,-1.7333333333333334,-3.337078651685393,1.175141242937853,0.09226037929267017,0.10501567398119116,0.1020408163265305,0.012379642365887289,0.057761732851985714,0.17917675544794198,0.017623649801023156,-0.009350393700787274,0.1248454882571075,0.0,0.05198743636954406
2016-09-30,0.018521233445731422,0.08222550467749867,0.016963736939151763,-0.010521281683405048,0.03368623676612126,0.15754923413566746,0.5,0.4885496183206106,0.48888888888888893,0.48888888888888893,-0.7014925373134329,0.07843137254901955,0.5606060606060606,-1.2211538461538463,-0.11948051948051952,0.02627874237447214,0.036170212765957555,0.051851851851851816,0.033967391304347894,0.013651877133105783,-0.07885010266940462,0.01731843575419001,0.014903129657227954,0.04505494505494512,0.0,0.09368887058581277
2016-12-31,0.03742443143652241,0.03730664240218373,0.04750392844191942,0.2832286128564523,-0.01000931098696467,0.03339634530560809,-0.586021505376344,-0.6051282051282052,-0.5820895522388059,-0.5970149253731343,1.7714285714285714,0.030303030303030276,-0.941747572815534,1.2608695652173911,-0.24188790560471973,-0.06675811614083227,-0.06639288158795353,-0.06338028169014098,-0.009855453350854138,-0.09764309764309764,-0.1292911279536335,0.017023613399231197,-0.05384238864415081,-0.06834910620399581,0.0,-0.1915654711475101
2017-03-31,4.6249190639224835e-05,-0.028508771929824595,-0.006692822524809627,-0.2745762711864407,0.03620973430519636,0.11524390243902438,1.5844155844155843,1.5844155844155843,1.5357142857142851,1.6296296296296293,0.6649484536082475,-0.32156862745098036,-6.222222222222222,-2.980769230769231,0.8015564202334631,0.0614894659480647,0.04325513196480957,0.041353383458646586,0.03384207033842079,0.07462686567164178,0.12032770097286205,0.0178185745140389,0.04552509053285059,0.05756207674943581,-0.032258064516129115,0.33919422449930114
2017-06-30,0.011284280627110066,-0.0018058690744920947,0.009584107806691389,0.0981308411214954,0.017926026775584303,-0.20776380535811922,-0.5376884422110553,-0.4824120603015075,-0.5352112676056338,-0.5352112676056338,-0.2678018575851393,0.32947976878612706,-0.6276595744680851,-1.1067961165048543,-0.04751619870410362,0.06992845603507969,-0.06535488404778633,-0.06859205776173283,0.01283697047496779,0.03472222222222232,0.009140767824497242,0.017506631299734732,0.006927263730826194,-0.05869797225186768,0.0,-0.09103556212503239
2017-09-30,0.01156994558009794,-0.04070556309362283,0.009608192854266173,0.0690307328605202,0.019170753455193923,0.053830227743271175,0.8695652173913044,0.7572815533980584,0.8484848484848484,0.8484848484848484,-0.8308668076109936,0.19130434782608696,-6.714285714285714,11.181818181818182,-0.6077097505668934,0.018766177739430567,-0.0390977443609023,-0.03875968992248069,0.019011406844106293,0.003355704697986628,0.08016304347826098,0.01772679874869665,0.0073710073710073765,-0.01473922902494329,0.0,-0.1026401377463172
2017-12-31,0.042043399638336254,0.1669024045261669,0.05835422840209703,0.23131357806280417,-0.02865266841644798,0.16437459070072036,-1.0174418604651163,-1.0165745856353592,-1.0163934426229508,-1.0163934426229508,5.325,-0.062043795620437936,-0.8049999999999999,-1.1156716417910448,0.17919075144508678,0.02350201143341102,-0.15258215962441313,-0.16129032258064513,-0.038557213930348055,0.006688963210702115,0.055765199161425416,0.016393442622950838,-0.07560975609756093,-0.1611047180667433,0.0,-0.05233983583839674
2018-03-31,-0.007895878524945776,-0.10828282828282831,-0.018145595520137836,-0.10847701149425293,0.0432335059671245,0.09842519685039375,-81.33333333333333,-81.33333333333333,-87.0,-87.0,0.3992094861660078,-0.11284046692607008,-6.871794871794871,-0.25806451612903225,0.11274509803921573,-0.09081505999172523,0.07386888273314862,0.07211538461538458,0.05239327296248364,-0.056478405315614544,0.0643367752184274,0.01814516129032251,0.06068601583113464,0.06721536351165969,0.0,0.00022497187851522327
2018-06-30,0.019415777505684906,0.03579519710013601,0.020180970660817144,0.021353746978243437,0.016404057845888165,-0.236047107014849,-0.4232365145228216,-0.37344398340248963,-0.43023255813953487,-0.43023255813953487,0.0,0.21052631578947367,-1.51528384279476,10.91304347826087,1.2070484581497798,0.025028441410693825,0.07910576096302657,0.07623318385650224,0.013521819299323834,-0.02464788732394363,-0.06082089552238801,0.017821782178217838,-0.0029850746268657025,0.08483290488431883,0.0,0.014170040485830038
2018-09-30,0.0257807137954702,0.03849518810148722,0.028167499865613177,0.35779092702169635,0.01635166702059876,0.07171581769436997,0.2158273381294964,0.19205298013245042,0.22448979591836737,0.20408163265306123,-0.78954802259887,0.4619565217391304,3.4322033898305087,-1.4927007299270074,-0.2694610778443114,0.07724750277469483,-0.013545816733067761,-0.025000000000000022,0.016373559733171783,0.06137184115523464,-0.011124354390147029,0.017509727626459304,-0.008982035928143728,-0.011848341232227444,-0.033333333333333326,-0.23519627411842992
2018-12-31,0.025760046836448725,0.03959561920808752,0.03189208971610813,-0.23765252760023248,0.001253656498119593,0.14383989993746082,-0.36094674556213013,-0.4,-0.3666666666666666,-0.35593220338983045,-0.0738255033557047,-0.019826517967781898,-0.11663479923518161,0.41481481481481475,-0.5218579234972678,0.04533278384504413,0.17043618739903077,0.18803418803418803,0.0011933174224343368,0.030612244897959107,0.055845721173162,0.017208413001912115,-0.023665659617321255,0.18585131894484408,0.0,0.36363636363636376
2019-03-31,0.010762770598067517,-0.037277147487844386,0.008157268075188684,-0.19740853658536583,0.02149415692821366,0.12575177692728268,0.9722222222222223,0.9722222222222223,0.9736842105263157,0.9736842105263157,3.471014492753623,-0.1466498103666245,-0.6753246753246753,-1.4816753926701571,0.5257142857142858,0.027597082594125855,-0.05452035886818485,-0.06115107913669049,0.020262216924910703,0.0264026402640265,-0.14497716894977175,0.017857142857142794,0.010314595152140393,-0.05561172901921141,0.0,0.1995746943115364
2019-06-30,0.020126648650828916,-0.05134680134680136,0.025429691426273937,0.13295346628679972,-0.008988764044943864,-0.2982030111704711,-0.5633802816901409,-0.5633802816901409,-0.56,-0.56,-0.0794165316045381,0.0888888888888888,0.56,-0.2717391304347826,0.25093632958801493,0.08286974870516017,-0.09562043795620445,-0.09195402298850586,-0.009345794392523366,0.06109324758842449,0.13662661326212722,0.01754385964912286,-0.02858601327207755,-0.08244111349036398,-0.0344827586206895,-0.16264846658393906
