Quarter end,Assets,Current Assets,Liabilities,Current Liabilities,Shareholders equity,Revenue,Earnings,Earnings available for common stockholders,EPS basic,EPS diluted,Cash from operating activities,Cash from investing activities,Cash from financing activities,Cash change during period,Cash at end of period,Price,ROE,ROA,Book value of equity per share,P/B ratio,P/E ratio,Cumulative dividends per share,Equity to assets ratio,Net margin,Asset turnover,Current ratio
1993-10-31,-0.10100982433074035,-0.13634698795180722,-0.05394601730966697,0.2708316689302548,-11.45796460176991,0.06757759636792238,-0.2524271844660194,-0.2524271844660194,-0.23529411764705888,-0.23529411764705888,-0.7045925925925927,0.0982556855818062,-0.8620051794302627,-1.7598777046095955,-0.42044892712350435,0.4687499999999998,-0.1806751636238374,-0.0357142857142857,-13.0,0.0,-0.8728278723956082,inf,0.0,6.985074626865671,0.030303030303030276,-0.3204487875497648
1994-01-31,-0.10100982433074035,-0.13634698795180722,-0.05394601730966697,0.2708316689302548,-11.45796460176991,0.06757759636792238,-0.2524271844660194,-0.2524271844660194,-0.23529411764705888,-0.23529411764705888,-0.7045925925925927,0.0982556855818062,-0.8620051794302627,-1.7598777046095955,-0.42044892712350435,0.4687499999999998,-0.1806751636238374,-0.0357142857142857,-13.0,0.0,-0.8728278723956082,inf,0.0,6.985074626865671,0.030303030303030276,-0.3204487875497648
1994-04-30,-0.02590873543839689,-0.03665014954689527,0.013674070628367563,0.040799647953731144,0.8381637402157818,0.06757759636792238,-0.2524271844660194,-0.2524271844660194,-0.23529411764705888,-0.23529411764705888,-0.7045925925925927,0.0982556855818062,-0.8620051794302627,-1.7598777046095955,0.551271114144344,0.37234042553191493,-0.1806751636238374,-0.0357142857142857,0.7916666666666667,0.0,-0.8728278723956082,inf,0.0,6.985074626865671,0.030303030303030276,-0.07435023434171273
1994-07-31,0.007121259514127898,0.035588507877664544,-0.025994512375835388,-0.0744946444390755,-0.39152952008286335,-0.022653854017583352,-1.7932467532467533,-1.7792207792207793,-1.6923076923076923,-1.6923076923076923,-2.0431293881644934,-1.009449135504624,-0.5107238605898123,-0.8056329309811204,0.06907171139463264,0.6744186046511629,-0.1806751636238374,-0.0357142857142857,-0.39534883720930225,0.0,-0.8728278723956082,inf,0.0,6.985074626865671,0.030303030303030276,0.1188722669735327
1994-10-31,-0.01589142070336358,-0.026646679792375116,-0.03109540636042407,-0.08075182735816222,-0.3088708152071118,0.020124680975691422,-0.5910281597904388,-0.5953333333333333,-0.4444444444444444,-0.4444444444444444,0.28173076923076934,6.914893617021277,-0.010958904109588996,-0.04458598726114649,0.06172839506172845,0.7777777777777777,-0.1806751636238374,-0.0357142857142857,-0.3846153846153846,0.0,-0.8728278723956082,inf,0.0,6.985074626865671,0.030303030303030276,0.05893242826288181
1995-01-31,-0.06329819689031957,-0.11840018388690954,-0.06926209579382447,-0.08315978795910639,-0.22441160372194857,-0.048068247067508785,-0.7798238590872698,-0.7734761120263591,-0.8,-0.8,-4.756939234808702,-0.3924731182795699,0.1523545706371192,-10.416666666666666,-0.5474806201550387,-0.04947916666666663,-0.1806751636238374,-0.0357142857142857,-0.25,0.0,-0.8728278723956082,inf,0.0,6.985074626865671,0.030303030303030276,-0.03846153846153855
1995-04-30,0.002145079233162317,0.01918965427334829,-0.005289795918367313,-0.006865933612100528,-0.2388849682427664,0.02516156828953031,1.2000000000000002,1.2000000000000002,1.0,1.0,-0.8103035143769968,1.0176991150442478,-3.9759615384615383,-0.9702654867256637,-0.035974304068522533,-0.04931506849315059,-0.1806751636238374,-0.0357142857142857,-0.25,0.0,-0.8728278723956082,inf,0.0,6.985074626865671,0.009803921568627416,0.02626262626262621
1995-07-31,0.04592522861753623,0.0904067536454336,0.013973235290899444,0.05138268011227787,-1.307834955957348,0.06114986971505432,3.661157024793388,3.661157024793388,3.0,3.0,-5.5336842105263155,1.6315789473684212,-0.04927302100161546,-26.5,0.9515770768547311,0.08069164265129669,-0.1806751636238374,-0.0357142857142857,-1.3333333333333333,0.0,-0.8728278723956082,inf,0.7317073170731707,-0.04859813084112141,0.01941747572815533,0.03710629921259856
1995-10-31,-0.014336226293796162,-0.03275150150150152,0.011600802883473982,-0.02076483820730235,-3.6340361445783134,-0.016317477919917667,-2.2712765957446805,-2.2712765957446805,-5.0,-5.0,0.16600882284652885,-0.6,-2.8020390824129144,-0.43487394957983194,0.2755520145686319,0.1439999999999999,-0.1806751636238374,-0.975925925925926,-3.666666666666667,2.0425531914893615,0.21481985044187635,inf,0.0,-0.9764243614931237,0.01904761904761898,-0.012242573787605737
1996-01-31,-0.07227802417601525,-0.14371301057533714,-0.07850353633948859,-0.17034811804205685,-0.40594625500285875,-0.10419937995732176,-1.18186889818689,-1.18186889818689,-1.1875,-1.1875,-2.559936280366388,-0.5541666666666667,-1.2456388495992456,-4.1090458488228006,-0.6716338003033818,-0.20512820512820507,-0.1806751636238374,3.230769230769231,-0.5,0.0,37.16452154448797,inf,0.0,3.250000000000001,0.0,0.03209069946195253
1996-04-30,0.09547355963582249,0.028524488003852433,0.06117015118890512,0.046949642476799,-2.756496631376323,0.20342487302800127,3.308282208588957,3.308282208588957,3.0,3.0,-1.0607607863160582,16.88317757009346,2.0038387715930903,-0.7627208715291617,-0.4853260869565217,0.28445747800586507,-0.1806751636238374,4.381818181818183,-3.0,0.0,-0.6788856304985338,inf,1.7464788732394365,4.333333333333333,0.01869158878504673,-0.01759448892198856
1996-07-31,0.01570204618626403,0.033957587441476145,-0.03509480068945958,-0.01328179493141135,2.5671232876712327,0.07828197945844995,0.6621573513705945,0.6621573513705945,0.6666666666666667,0.6666666666666667,10.058823529411764,-0.6341782074732166,-2.670926517571885,-1.6993281075027995,0.6594508975712776,0.29680365296803646,-0.1806751636238374,0.679054054054054,2.5000000000000004,-0.5034965034965035,-0.7642009132420091,inf,2.5179487179487174,0.6250000000000002,0.02752293577981657,0.04785369089358471
1996-10-31,0.0837203424635895,-0.5839703806302107,-0.009836176779839279,-0.7941739565844894,1.3548387096774195,0.08191610959093909,0.814735489398158,0.814735489398158,0.7499999999999998,0.0,0.05452127659574457,-0.23928571428571432,-0.697131931166348,1.957566052842274,1.1753102131721285,0.1390845070422535,-0.1806751636238374,2.5472837022132797,1.3571428571428572,-0.6745070422535211,-0.34062742060418283,inf,1.1720116618075802,2.4411764705882355,0.03571428571428559,1.0212515825646595
1997-01-31,-0.0009814496302558151,1.5940201037198283,-0.03934733212299757,4.933886662850601,0.21819960861056753,-0.09156101933666283,-0.6093473386049806,-0.6093473386049806,-0.5999999999999999,-0.29999999999999993,-1.40569266798775,2.1305164319248826,-2.7487373737373737,-2.1372495939361125,-0.6144507825069475,0.26584234930448214,-0.1806751636238374,0.10890527509926251,0.21212121212121215,-0.4630030289917785,-0.6563876651982379,inf,0.2187919463087249,0.09861932938856,0.008620689655172376,-0.5628383517515996
1997-04-30,0.25653645630690214,0.13234277816171391,0.08377212271047041,-0.001977523754401189,1.0348594377510039,0.186319424866084,0.623262839879154,0.623262839879154,0.5714285714285714,0.5714285714285714,-2.1309946714031973,2.322735452909418,4.366787003610108,-0.7386336586527018,-0.4165402124430956,0.19413919413919412,-0.1806751636238374,0.03887468030690533,0.9124999999999999,-0.015310233682514052,0.031623931623931734,inf,0.6200440528634361,0.0694195092758827,-0.02564102564102566,0.13458192610787023
1997-07-31,0.34428171107429817,0.9424560791664851,-0.14499731303670715,0.6014401701140537,1.5182758348464516,0.15702700294091443,0.3374278801414481,0.3374278801414481,0.25,0.25,0.029839026305457317,-0.8379671420834085,4.505852280371317,-39.0264116575592,27.147594278283485,0.22699386503067487,-0.1806751636238374,-0.05711472181191535,1.1176470588235294,-0.3584288052373159,0.09279204639602323,inf,0.8732154996600952,0.03021824286513719,-0.08771929824561397,0.2129713151722894
1997-10-31,0.009449662265269998,-0.23056465730059694,-0.1820805541303232,-0.49275734073694055,0.16548063157674742,0.03943618578140651,1.1587809629835792,1.1587809629835792,0.8545454545454545,0.8545454545454545,2.359893252001525,-0.305849582172702,-1.7967990226023214,-1.5997652863267309,-0.5784574160911045,0.4408333333333332,-0.1806751636238374,0.12845953002610955,0.16358024691358009,-0.31887755102040816,0.3305534495830176,inf,0.1544184358555616,0.20478001086366104,-0.0673076923076924,0.5168439057038743
1998-01-31,0.4338611963627652,0.20851988507926333,1.0791186387516665,0.2842014456971176,0.06495835313315346,0.05812029146597508,-0.6136788499967769,-0.6136788499967769,-0.607843137254902,-0.6176470588235294,-1.7982525814138204,19.736757624398074,-1.721242601735717,-0.6209567925884514,-0.520138089758343,0.22440717177559288,-0.21315955434097122,-0.1355853771402128,0.05835543766578244,0.05243445692883908,0.05356125356125352,inf,-0.2571518390443256,-0.01487826871054998,-0.11340206185567014,-0.05893023483845661
1998-04-30,0.06241421427235805,0.0027513968165855385,0.05117103526305855,0.05431887146464054,0.07496337705635714,0.20836640366030168,0.4154847321875521,0.4154847321875521,0.4249999999999998,0.41025641025641035,-1.4635394456289978,-0.36283768093505686,-0.7451847442493303,-0.22987779182469448,-0.8337330135891287,0.01180916391119502,-0.12423189954581892,-0.08244111349036398,0.07518796992481191,-0.04448398576512458,-0.034613304488912755,inf,0.01163774862462974,-0.022425629290617755,-0.06976744186046502,-0.0489189893201355
1998-07-31,0.054575889095682006,0.14340213009206337,0.03323789636837238,-0.07258985851129274,0.07786532165849525,0.04667336372768727,0.19933985618295424,0.19933985618295424,0.19298245614035103,0.19999999999999996,0.927016252683226,-0.6274069124703882,0.4028032704822293,-2.178112175102599,5.908653846153846,-0.1713352007469655,-0.01128737034777294,-0.03908984830805129,0.07459207459207473,-0.22905027932960897,-0.207843137254902,inf,0.022171093913407214,-0.0065543071161049404,-0.025000000000000022,0.23290972830850132
1998-10-31,0.05122596452603734,0.22172169538263997,0.047204339160086484,0.10634416753529807,0.05543364529442529,-0.24974160206718343,0.4936111657165323,0.4936111657165323,0.5294117647058822,0.5454545454545454,0.40961171228516857,0.7696446038474078,-1.0704175092185084,-1.3165350673478866,-0.27100109354806645,-0.3549295774647888,-0.07096575131132377,-0.11718275652701893,0.0563991323210411,-0.40096618357487923,-0.38189533239038187,inf,0.004092490280335648,-0.008953817153628751,-0.11538461538461553,0.10427403589834738
1999-01-31,-0.021662539986015417,-0.04957915866192264,-0.05617157864021005,-0.09749255904584486,0.014161497525008171,-0.13997884326797705,-0.7434193208739142,-0.7434193208739142,-0.7403846153846154,-0.7352941176470589,-1.387220591555656,-1.4483648088438508,3.97972972972973,-0.4280997798972854,-0.21260057275330702,0.2724890829694324,-0.1009631351710395,-0.08459422283356266,0.0841889117043122,0.20564516129032273,0.2723112128146452,inf,0.03647850010189524,-0.011412268188302321,-0.0724637681159419,0.053108026554013366
1999-04-30,-0.05117253856671311,-0.20611482750494003,-0.11349934653381866,0.09568662807250639,0.0090421559975562,0.1940558940473125,0.8299563990766863,0.8299563990766863,0.8888888888888888,0.8888888888888888,-3.688921282798834,3.419149373330594,9.60515603799186,-0.7864015394483643,-0.05767232421198476,0.04667124227865482,-0.07055781307720721,-0.042073628850488265,0.011363636363636243,-0.03344481605351168,0.09712230215827344,inf,0.06350766810853314,0.020683020683020636,-0.0625,-0.27545367717287494
1999-07-31,0.026061927097926985,0.10311361793955443,-0.00284548012523278,0.009094649314653314,0.05059808129599985,0.039791102699853864,-0.08255080588647512,-0.08255080588647512,-0.07843137254901966,-0.0980392156862745,0.029599913260327515,-1.1624046866282314,-1.0039022517911975,-19.873873873873872,1.1551185443852234,0.1672131147540985,-0.1275834658187599,-0.0996078431372549,0.04307116104868913,0.15224913494809678,0.18606557377049193,inf,0.023849140321685836,-0.0391140433553252,-0.06666666666666654,0.09317163195359868
1999-10-31,0.013845493653557694,0.03981824580288573,-0.03239909066340241,-0.10096349863736831,0.0511004527320813,0.0418855405031795,0.1487931561258784,0.1487931561258784,0.14893617021276606,0.13043478260869557,0.30676074136478526,-0.21958202118522763,-4.9016393442622945,0.46316626889419243,0.7842401500938085,-0.12022471910112364,-0.2578587699316629,-0.22735191637630658,0.04847396768402157,-0.1561561561561562,-0.042156185210781016,1.0,0.03683640303358637,-0.25551741049534094,0.03571428571428559,0.15661778892533285
2000-01-31,0.014205608784320312,-0.077512666606942,-0.0009775733179988588,0.0624880656864617,0.025465600116971077,-0.106541064083853,-0.41555851063829785,-0.41555851063829785,-0.42592592592592593,-0.40384615384615385,-0.5721653638488193,8.176815847395451,-4.012605042016807,-2.9834710743801653,-0.8718095784341842,-0.35504469987228615,-0.013505217925107282,0.01916572717023657,0.022260273972602773,-0.38434163701067614,-0.1717171717171716,0.5,0.011145942180424973,-0.012516469038208022,0.034482758620689724,-0.13178197589557528
2000-04-30,0.01200273165616994,0.07489695060103152,-0.020935606154048547,0.07712180437615124,0.03580021743909034,0.2565340065340065,0.5387940841865757,0.5387940841865757,0.5483870967741935,0.5161290322580645,0.997739687323413,-0.811160857051487,-3.708507670850767,-1.1132127192982457,0.7699478001491424,-0.304950495049505,-0.05289359054138154,-0.030973451327433565,0.028475711892797406,-0.3179190751445087,-0.32055749128919864,0.3333333333333335,0.02342404409231813,-0.06404269513008676,0.03333333333333344,-0.0020654210096547887
2000-07-31,0.010575500828181372,0.05163880941625254,-0.056456557342628,-0.03664462844390681,0.05635248839970397,0.0027378912328388516,0.2806446843116961,0.2806446843116961,0.27083333333333326,0.25531914893617014,0.17782387327927585,0.5495342929720575,-0.8349639546858908,1.2668280871670703,0.9860964819886244,0.4430199430199433,0.04007884362680669,0.07077625570776247,0.04885993485342022,0.39830508474576276,0.4756410256410257,0.25,0.045270952541232035,0.040627227369921526,0.032258064516129004,0.09164420485175229
2000-10-31,0.08784656528967982,0.07565937055527439,0.104893050746375,0.4131846720069279,0.07744849978824364,0.08501610748801758,0.056344532963860994,0.056344532963860994,0.049180327868852514,0.06779661016949157,0.01032660902977911,-0.521311475409836,5.430577223088924,0.10660115359965827,0.5494272380144252,0.27147087857847985,0.009475679090334754,0.02771855010660995,0.0652173913043479,0.21212121212121215,0.18418766290182464,0.19999999999999996,-0.009499275478988878,0.00547945205479472,0.03125,-0.23884479717813056
2001-01-31,-0.0033326616340892956,0.0653325642277145,-0.06812377645476009,-0.032998851014936825,0.037195496830244146,-0.1147259033963357,-0.3104164389550771,-0.3104164389550771,-0.3125,-0.31746031746031744,-0.8058790904048807,0.9089611872146119,-1.3782144590004852,-1.5073359073359074,-0.17990142387732744,0.3975155279503104,0.013141426783479293,0.038381742738589075,0.02915451895043719,0.31000000000000005,0.32061628760088023,0.16666666666666674,0.04063719115734732,0.02179836512261568,0.015151515151515138,0.10172044256502355
2001-04-30,0.029864070422097155,0.06662390563695886,-0.05749064156097894,-0.1378463585811378,0.07895772499137599,0.14576985214421567,0.38056744333491843,0.38056744333491843,0.34090909090909083,0.34883720930232553,2.1208163265306124,2.041411272238003,7.034637588197562,-0.9684170471841704,-0.0069282136894824875,0.1844444444444444,0.0006176652254479276,0.031968031968031996,0.05240793201133154,0.15267175572519087,0.11722222222222212,0.0,0.047641362074351656,0.036666666666666625,-0.014925373134328401,0.2371312897628688
2001-07-31,0.10133165806379507,0.04228981998516157,0.14978765558929008,0.22829841969864018,0.07754311703516903,0.07021614578685287,0.18955223880597005,0.18955223880597005,0.1694915254237288,0.15517241379310365,0.2873397855087627,0.02688753440817937,-0.17858853584544143,6.578313253012048,-0.05287047154744895,0.08208255159474676,-0.014814814814814947,-0.0019361084220717029,0.06325706594885605,0.026490066225165476,0.028841372451516856,0.4285714285714286,-0.02161920381690763,0.009003215434083778,0.0,-0.1514301500276255
2001-10-31,0.08832797189564534,0.16293271392177422,0.12137118969932437,0.016890072407396373,0.07101842952066528,0.1621720785177032,0.13463951356046722,0.13463951356046722,0.11594202898550732,0.11940298507462677,-0.4229401605201666,-0.17265808242783975,0.3229662746622606,-3.639109697933227,0.1473198438054668,0.045080190723883806,0.008145363408521344,0.018428709990300662,0.06582278481012649,-0.016129032258064613,0.008699855002416657,0.0,-0.015848826577262942,0.008922880815806167,0.0,0.14359410998697797
2002-01-31,-0.017409644474346675,-0.04010180084404502,-0.09468217550599367,0.28676091977697027,0.02497229635872711,-0.166075913037239,-0.19998298741068388,-0.19998298741068388,-0.19480519480519487,-0.18666666666666665,-0.2661971830985915,-0.5333256190696598,-1.304290332059947,-5.856024096385542,-0.6235303217821782,-0.03774367482372465,0.020509633312616682,0.03428571428571425,0.024940617577197344,-0.09508196721311479,-0.08528988979396268,0.19999999999999996,0.04320222979250521,0.04232469993682897,0.0,-0.2540183068365962
2002-04-30,0.364135508026876,0.33301561944140534,1.0064987112591939,1.0661750414451494,0.05294574469705049,0.23743805066079293,0.05454545454545445,0.05454545454545445,0.048387096774193505,0.049180327868852514,3.9217850287907874,4.613563104388793,-9.981409946885563,-2.5092420295248727,2.4996918019313745,0.034051724137931005,-0.02436053593179055,-0.09300184162062608,0.04750869061413643,0.007246376811594235,-0.03719224724986914,0.0,-0.22814309039631875,-0.03272727272727283,-0.06060606060606066,-0.3548406035343158
2002-07-31,0.03893174114687814,-0.0016365046275315098,0.009540258244921551,-0.3480173530030213,0.06606481749291371,0.25939368655263517,0.3471466021375278,0.3471466021375278,0.33846153846153837,0.34375,-0.25650775080432875,0.9798361271229488,0.7764576221069326,-1.6775439750123295,-0.48394293430399815,-0.026260942059191272,0.017478152309613026,-0.035532994923857864,0.06415929203539816,-0.07194244604316535,-0.04787812840043515,0.0,0.026153846153845972,-0.04072681704260639,0.0,0.5312585312585314
2002-10-31,0.033430442964678564,0.0032329814544886926,0.007363010377267054,0.07516231699554421,0.05621894765401114,0.04591278999149773,0.21181049322655499,0.21181049322655499,-0.3908045977011494,-0.40697674418604646,0.04989509572515072,-0.8649896815215572,-1.042671670247859,-1.177726555865583,0.16666666666666674,0.05436643835616439,0.04723926380368093,0.006315789473684275,0.047817047817047875,-0.007751937984496138,-0.016000000000000014,0.16666666666666674,0.02192653673163436,0.01241018941868055,0.0,-0.06685683722588698
2003-01-31,0.04526759059033636,0.07669297672314102,0.016790347860578425,-0.19008375368050456,0.0690112444692752,-0.00746402592878026,-0.1442776851337163,-0.1442776851337163,-0.15094339622641506,-0.13725490196078427,-0.80565790295385,2.1537635297033795,-12.939361702127659,-1.8197952218430036,-0.11711360312042907,0.10799837596427131,0.027533684827182325,-0.009414225941422605,0.06845238095238093,0.05859375,0.012775842044134844,0.0,0.022739776269943057,-0.020645161290322678,0.0,0.32938479174627444
2003-04-30,0.005355395934120377,-0.01681880792846635,-0.06443134002189121,0.010194832409040844,0.06069953594545474,0.02503882400493551,0.0978708047636232,0.0978708047636232,0.0888888888888888,0.09090909090909083,7.686053984575835,-0.6389572963059995,-1.3191956993079688,-3.365528726061615,0.31378396288933064,0.028581898131183614,0.03420752565564422,0.06652587117212239,0.05385329619312906,-0.03690036900369009,-0.05332568807339444,0.2142857142857142,0.055047516585978284,0.027667984189723382,0.048387096774193505,-0.026779725974897084
2003-07-31,0.09488057450867671,0.11621225001543478,0.13302917565713046,0.05459878240566529,0.06819597671204947,0.1252905528806243,0.2269410295181118,0.2269410295181118,0.22448979591836737,0.20833333333333326,-0.3339499093633236,1.5057688121326462,-4.298129710616916,5.653643083421331,1.589155107187894,0.14071962949768446,0.025358324145534628,0.04356435643564338,0.05726872246696035,0.08045977011494254,0.04300423985463331,0.0,-0.02430319510537049,0.04102564102564088,0.0,0.05842973172532617
2003-10-31,0.07373966876119487,0.12419958048444268,0.012987616209688468,0.08241084661409248,0.11881440087798589,0.04171815348296781,0.127417885656111,0.127417885656111,0.10000000000000009,0.06896551724137945,0.7445567651632969,-0.39346113749565625,-0.8240372407955988,-0.11998095540390419,0.5401324761348139,0.1989381636477201,-0.004301075268817178,0.019924098671726842,0.1016666666666668,0.13475177304964547,0.10917537746806061,0.17647058823529416,0.04197874934680357,0.02832512315270952,-0.015384615384615441,0.0386010603664777
2004-01-31,0.028307850173761695,0.04394755964636077,-0.06002109220963825,-0.09993745457004244,0.0876442671076918,-0.028610378343926546,-0.12765552968014826,-0.12765552968014826,-0.13636363636363646,-0.11290322580645151,-0.7832150020694706,-0.5290522797803772,-0.8682058682058682,-1.12678088367899,-0.04446271583075079,0.18312060432404276,-0.0178185745140389,0.013953488372093092,0.07186081694402424,0.07499999999999996,0.12146596858638747,0.0,0.057673019057171704,0.026347305389221587,0.0,0.15990506895934087
2004-04-30,0.026485210264948655,-0.07825301991038158,0.006904315196998079,0.06552727955676585,0.037853157806451376,0.09858384821477384,0.18218469081994004,0.18218469081994004,0.17543859649122817,0.16363636363636358,3.4132765457482748,4.71948499594485,1.105839416058394,10.660976766239925,-0.542604359721119,0.12109202994275647,0.010995052226498103,0.03302752293577993,0.028934368383909614,0.043604651162790775,0.06582633053221265,0.1499999999999999,0.011063695274221574,0.030338389731622062,0.0,-0.13496506196193492
2004-07-31,0.03684443030105289,0.051925066174764334,-0.016646791384064996,0.0058078048436562835,0.06697340332862445,0.07073296170946985,0.1082538365823309,0.1082538365823309,0.10447761194029836,0.09375,-0.031480865224625676,-0.7240193558679122,-5.727325245522819,-1.2172976050095556,0.2577782065505765,0.14120188531029054,-0.007612833061446556,0.0257548845470692,0.06515775034293547,0.11142061281337057,0.06482698204117399,0.0,0.02907612943567295,0.02095130237825593,0.0,0.04587852010532423
2004-10-31,0.05098207313456604,0.13851031770068012,0.013366278474872484,0.020871485275175905,0.07050873465533525,0.013418139279046226,0.1944028609447772,0.1944028609447772,0.17567567567567566,-0.014285714285714346,0.21065832875206159,0.20655105973025045,-0.6281314921178052,1.4874625748502992,0.5097986577181208,0.10170366546205467,0.02356164383561632,0.05281385281385287,0.07533805537669025,0.032581453634085156,0.0493624023035788,0.13043478260869557,0.01853258392830015,0.05047143649473118,0.0,0.1152122893108598
2005-01-31,1.644168460534698,0.4409388567412593,2.523556469708302,0.6873117098249921,1.212038348944522,0.12796324468125775,-0.38345576715524143,-0.38345576715524143,-0.4252873563218391,-0.33333333333333326,0.01623385837945235,32.29655062280422,-191.14919487348013,-1.8180245241856616,-0.27621418410892096,0.12417994376757258,-0.2778372591006424,-0.3223684210526315,0.6413173652694613,0.0461165048543688,0.09368874950999606,0.0,-0.1634601043997017,-0.07814149947201698,-0.2656250000000001,-0.14601109623110775
2005-04-30,0.006629373914210479,-0.008991186585924571,-0.019937401759076323,0.0895379653791959,0.027424493542853146,0.46048119281599464,0.5713479021966232,0.5713479021966232,0.26,0.28260869565217384,0.19741949898064615,-0.9448241352242733,-1.0339149430372747,0.0460732021335295,-0.39920685056503125,0.037237737946366645,-0.1653076352853965,-0.1893203883495146,0.02261948194089758,-0.3689095127610208,0.07455197132616487,0.1153846153846152,0.020681048315207784,-0.09621993127147777,-0.10638297872340419,-0.09041623728661674
2005-07-31,0.0033386879493364496,0.012908849219673613,-0.01113260141171779,-0.013198623645471974,0.014143910162074391,0.03451604220999194,0.35188845366011434,0.35188845366011434,0.3492063492063491,0.35593220338983067,-0.05271014087134995,0.13229797467620896,-1.0549836934366081,-1.0817582417582416,0.05432560313102397,-0.14521098459477566,-0.06216696269982247,-0.08083832335329333,0.012843382090617084,-0.16176470588235303,-0.12775183455637096,0.0,0.010829694323144068,-0.010773130544993736,-0.0714285714285714,0.02645189892123545
2005-10-31,0.0057618963689163305,0.007454062043770859,-0.007150100642402957,0.2188662105771142,0.01516255676889311,-0.010276676295910891,-0.7722693319864962,-0.7722693319864962,-0.7647058823529411,-0.7625,0.5891274374630688,0.10593925126026771,-8.68303985171455,12.738709677419354,0.7079062551941935,0.1352452593637361,-0.30018939393939403,-0.30944625407166126,0.03311025008805912,0.11842105263157898,0.09063097514340357,0.10344827586206917,0.009331259720062102,-0.2716207559256887,-0.05128205128205132,-0.1734811402245897
2006-01-31,0.04056646619231774,0.01268609960470024,0.06727185488718912,-0.1268796919517743,0.021550786388894405,-0.06753957786630771,1.095716119995331,1.095716119995331,1.0,1.0526315789473686,-0.4878842340109073,1.32976237303038,-8.407358262967431,-1.4875166314471315,-0.2020696814377474,-0.17821645499723904,-0.017591339648173165,-0.011792452830188704,-0.0037504261847937093,-0.20392156862745103,0.023141654978962034,0.0,-0.018318781030645326,-0.0650835532102022,0.05405405405405417,0.15990245601811526
2006-04-30,0.009949044597219459,-0.01967761821147762,-0.0073326209133169895,0.08391313045991056,0.022805274844233336,0.027500862743573107,-0.23688314581708814,-0.23688314581708814,-0.2250000000000001,-0.23076923076923084,0.3734495068675501,-0.5420399245208065,-1.1227058804370837,0.29105795472788576,-0.3269504411107046,-0.10717285402318166,-0.16804407713498615,-0.1646778042959426,0.012662559890485925,-0.10344827586206884,-0.07539410555174775,0.09375,0.012731077781653166,-0.149576669802446,0.0,-0.09560995144416085
2006-07-31,0.01644778627786936,0.03571161018930713,0.011776170511369699,0.03795168368811774,0.01982070560148408,0.06812301026031586,0.5310561272899788,0.5310561272899788,0.5161290322580645,0.5,-0.10443191330014534,-0.023399548924358138,-1.0702057067020572,-0.5236259636906242,-0.2314104500151012,-0.0886171213546566,-0.23013245033112584,-0.22857142857142865,0.029739776951672736,-0.098901098901099,0.0685693106004448,0.0,0.003271913208197086,-0.21570796460176977,-0.02564102564102566,-0.0021586317595616578
2006-10-31,0.010348704575985357,0.0015759525855265633,0.002348195634949146,0.0931270078992188,0.01607952861883377,-0.043277619819484636,-0.35157553510988226,-0.35157553510988226,-0.34042553191489355,-0.33333333333333337,0.07255823105492287,-0.3120156329802589,-33.2930056710775,0.1746280344557556,-0.35366237032379755,0.04128819157720898,0.06236559139784936,0.06296296296296289,0.02133245815556295,0.012195121951219523,0.3152965660770033,0.08571428571428585,0.005835907998626766,0.087447108603667,-0.02631578947368418,-0.08375859773685379
2007-01-31,0.04947502785215163,0.08151421049521712,0.09471487292781378,-0.16711491884466612,0.017507321316001523,0.015711071815429634,-0.6068225260991031,-0.6068225260991031,-0.6129032258064516,-0.6,-0.9825486733781273,1.7107029888322254,-6.769478428847392,-4.404444444444445,1.86284046692607,0.0013877874702616921,-0.20647773279352233,-0.2090592334494773,0.010925449871465265,-0.02409638554216853,-0.07489451476793263,0.0,-0.030546075085324143,-0.2023346303501946,0.0,0.2985833636033419
2007-04-30,0.016505899564033255,0.008789981363782617,0.024059575018778867,0.11364534008098914,0.01076325194650396,0.02786892717163436,-1.0985415108451757,-1.0985415108451757,-1.0833333333333333,-1.0833333333333333,61.64520367936925,-0.10815284045580653,-0.84453125,-1.7513707571801567,-0.488914373088685,-0.0530588002375767,-0.2755102040816326,-0.2819383259911895,0.006357279084551859,-0.06172839506172845,0.16533637400228063,0.07894736842105265,-0.005632811124802184,-0.2780487804878048,0.0,-0.09417249417249418
2007-07-31,0.012477741798084141,0.02518137853705693,0.012540189687081371,0.10849036381705868,0.012429641542172742,0.11673132773183759,-16.52182163187856,-16.52182163187856,-19.0,-19.0,-0.005139177312105336,-0.3666088117489986,-1.258304509560791,-0.6549387542350795,-0.3300922463226128,0.11206355843612803,-0.3345070422535211,-0.3374233128834355,0.012002526847757489,0.10526315789473673,0.5129647749510762,0.0,0.0,-0.3445945945945946,0.0,-0.0751415337107566
2007-10-31,0.0075582482148233154,0.012570999242805136,0.028017469428951447,0.007235727194098818,-0.008202112080436863,0.007789980227267401,-3.9575794621026894,-3.9575794621026894,-4.0,-4.0,-0.19621320738804082,0.22826247338799766,-4.8461344113188485,0.21727089627391738,-0.5998015134598684,-0.06786990035720997,-1.4179894179894181,-1.4074074074074074,-0.004681647940074862,-0.07738095238095233,0.3586095392077606,0.07317073170731714,-0.01575500088511228,0.0,0.027027027027026973,0.005286588759042976
2008-01-31,0.009636089304608797,0.017038889167996674,0.030550321022062565,-0.16197989388438983,-0.007063134092775369,-0.034634234745335335,-1.2842557764642666,-1.2842557764642666,-1.2777777777777777,-1.2777777777777777,-1.1466869524159278,-0.23730907842800752,2.24620639821323,-0.8676318510858325,-0.1983880967141971,-0.17829770068576034,-0.1392405063291141,-0.13636363636363646,-0.014738162433364677,-0.17419354838709677,0.0,0.0,-0.016546762589928266,0.0,0.0,0.21361749238859673
2008-04-30,0.017298647319746507,0.05761674962951702,0.0209525630694003,0.002965727519618877,0.014270615351311022,0.07516538588679889,0.6345790315544568,0.6345790315544568,0.6666666666666667,0.6666666666666667,-4.055078683834049,-0.20134107375905674,-0.6417427201165591,0.0546875,-0.2610208816705336,-0.12395679921453129,-1.2205882352941178,-1.2105263157894737,0.014003819223424419,-0.10937500000000011,0.0,0.06818181818181812,-0.002926115581565303,-0.9278350515463918,0.026315789473684292,0.054506476920269886
2008-07-31,0.01744257238013458,0.02156050486287997,-0.014239701927836523,-0.0038207884113826696,0.04387091914241825,0.08515055930704385,0.5905168579307891,0.5905168579307891,0.6000000000000001,0.56,1.577206743151487,-0.2658759226911591,-1.931597379123362,-3.2622222222222224,0.7990580847723705,0.04987391426169796,4.466666666666667,4.624999999999999,0.043942247332077855,0.03508771929824572,10.14780435558729,0.0,0.026045487894350572,4.380952380952381,0.025641025641025772,0.025476880487910414
2008-10-31,-0.0328570905309834,-0.07497520521640044,-0.007109885132349669,0.06478146313805921,-0.05313897330222295,-0.05973052007107782,0.6488058616253705,0.6488058616253705,0.6499999999999999,0.6153846153846154,-0.06863658043562193,-0.12637678934643282,0.17771175650275883,-1.9783889980353635,-0.4345549738219895,-0.2874299439551641,4.548780487804877,4.555555555555556,-0.04780517137702933,-0.32203389830508466,-0.8859887910328262,0.06382978723404253,-0.021094029317125562,4.451327433628319,0.02499999999999991,-0.13126370845284285
2009-01-31,-0.014142747610155437,0.019956960793259704,0.0011610026141781749,-0.006186204763377723,-0.026784025697986547,-0.06571977024493314,-0.1901692730418264,-0.1901692730418264,-0.19696969696969702,-0.15873015873015872,-0.3926890530884971,0.5528465998945704,-1.5425247116968699,-0.9605087014725568,-0.030349794238683114,-0.4161048689138577,0.2659340659340659,0.264,-0.035996210925165806,-0.38750000000000007,-0.897191011235955,0.0,-0.012783053323593863,0.25162337662337664,0.0,0.02631578947368407
2009-04-30,-0.0018380882940941534,-0.022362216465062534,-0.046189134046534686,-0.16462787646704247,0.0358489211606523,0.03763607839389671,0.032505340761529666,0.032505340761529666,0.037735849056603765,0.018867924528301883,0.7601590106007068,-0.36583778890491947,-2.797969254127918,-44.847457627118644,1.3724137931034481,0.5426555484284799,0.16319444444444464,0.1708860759493669,0.03570258761873557,0.6122448979591837,0.21675774134790515,0.06000000000000005,0.03773584905660399,0.16601815823605692,0.0,0.17026208723625702
2009-07-31,0.013786110289667697,-0.012424408806326448,-0.045368904157384815,0.00043859649122812705,0.06007163852296116,0.09453786349647353,-0.11120126577143086,-0.11120126577143086,-0.12727272727272743,-0.11111111111111116,0.7317896657921752,-0.0974706695811215,1.988388663112894,-1.2636258214147662,-0.1525044722719141,0.1484407484407484,0.03880597014925358,0.05135135135135127,0.06008855154965209,0.10126582278481,-0.010479041916167553,0.0,0.045632798573975064,0.04226918798665191,0.024390243902439046,-0.012855237094231309
2009-10-31,-0.011438599073770983,-0.027290715519820874,-0.05200560794258602,-0.17309423804877133,0.017145664520789694,-0.0062230480664726695,0.3747489501551944,0.3747489501551944,0.3958333333333335,0.3750000000000002,0.03376233319721256,0.02011664689600634,0.019215485420603695,-1.2082111436950147,0.037467018469657054,-0.004706734250543132,-0.014367816091954033,0.010282776349614497,0.024761336515513044,-0.05747126436781613,-0.04614220877458408,0.05660377358490565,0.028980565973406147,-0.006403415154749181,0.0,0.17633809738318518
2010-01-31,-0.011954589254232206,-0.014825017166853915,-0.04173829659982309,0.019342811862222975,0.007604804647279639,-0.08183662309714068,-0.32190052460322727,-0.32190052460322727,-0.32835820895522394,-0.33333333333333337,-0.28459656455476834,0.037744076747904476,-0.361797986449254,-15.859154929577464,-0.5366225839267549,0.2204437977446343,-0.061224489795918324,-0.030534351145038108,-0.005240174672489051,0.19512195121951215,0.20380650277557488,0.0,0.01988071570576544,-0.04296455424274981,0.023809523809523725,-0.033524804177545775
2010-04-30,-0.0048286666137860035,-0.00596082254919339,-0.0029370378317707946,0.16469713154406707,-0.006010092419345692,0.11147784121909798,-0.7818146207706997,-0.7818146207706997,-0.7777777777777778,-0.7727272727272727,0.2756581525417692,0.5721355868895321,-0.18696714634808576,-4.79478672985782,4.394621295279912,0.13859910581222068,-0.22360248447204967,-0.20472440944881898,-0.030728709394205578,0.14285714285714302,0.1870882740447959,0.05357142857142838,-0.001299545159194282,-0.22783389450056113,0.023255813953488413,-0.1465312297384913
2010-07-31,-0.0024649045023862337,-0.0044158565525515,-0.059563557879641627,0.07644437615242783,0.033306584180750054,0.022000131364706466,7.915394973070018,7.915394973070018,7.699999999999999,7.6,0.05131391549610442,-0.45533380850558325,1.122127972214801,-1.8229049581616086,-0.6703632109065012,-0.003926701570680757,0.21599999999999997,0.24092409240924084,0.054045893719806726,0.02678571428571419,0.2569367369589344,0.0,0.03594664931685099,0.21947674418604657,0.022727272727272707,-0.07512450409386362
2010-10-31,0.008780522884172859,0.0001424878376452554,-0.05576563185903405,-0.10998501177646136,0.0455834004031086,0.059932010756507115,0.21320512497797472,0.21320512497797472,0.21839080459770122,0.18604651162790709,-0.14188569986585742,0.8088331515812432,-0.5082539932331418,-1.0505387767491274,0.10277777777777786,0.18685939553219444,0.16776315789473673,0.1941489361702129,0.048696648524778174,0.1217391304347828,-0.03222958057395131,0.05084745762711873,0.036426440571518226,0.1609058402860548,0.022222222222222143,0.12375650269234306
2011-01-31,0.01858204575175315,0.0244291122237148,-0.010023979250607606,-0.06739174017642346,0.03331161475807187,-0.0642215009908953,-0.06021121646575511,-0.06021121646575511,-0.0660377358490567,-0.05882352941176472,0.1287881132951556,0.8458431301621752,-0.6177355350742448,-1.7597597597597598,-0.07080884410859223,0.19574844995571317,0.18873239436619738,0.21380846325167036,0.017481562414640717,0.1472868217054264,0.0177919708029195,0.0,0.014543251022572257,0.18583162217659144,0.021739130434782483,0.09847315845041815
2011-04-30,0.020705786842451168,0.06971786634561328,-0.04092679361469986,0.10789255887442639,0.0511101730884127,0.10937526642999162,-0.2193398829892924,-0.2193398829892924,-0.23232323232323226,-0.23958333333333337,-0.11024118687526563,-0.5528464578502139,1.7460025115110924,-21.197628458498023,1.5391566265060241,0.22722222222222221,0.17654028436018954,0.2091743119266054,0.03543624161073833,0.20270270270270263,0.010309278350515427,0.048387096774193505,0.029714797670598925,0.18874458874458866,0.02127659574468077,-0.034453439798898366
2011-07-31,-0.0037551539087427033,0.009659476074177942,-0.10702373150922972,0.15300994421537717,0.04272821580201569,0.08021801347060098,0.07853506787330322,0.07853506787330322,0.06578947368421062,0.06849315068493156,0.34793731025874153,-0.14148497133048465,0.9647876589128381,-1.109197651663405,-0.06619217081850537,0.15934812132186504,-0.051359516616314105,-0.019726858877086473,0.025408348457350183,0.1179775280898876,-0.04525288376220049,0.0,0.04669373549883993,-0.0524399126001458,0.04166666666666674,-0.12435391860331546
2011-10-31,0.0035115973715020843,-0.00605000404682543,-0.05583132689072856,0.12416436327531732,0.026386915565048685,0.027072021309292094,0.48511943781629396,0.48511943781629396,0.45679012345678993,0.487179487179487,0.26890669837313785,1.1080103798868421,-0.011901252191723444,3.833333333333333,-0.3426067073170732,-0.04360275933879987,0.01273885350318471,0.04024767801857565,0.031352718078381914,-0.0653266331658291,-0.02184014869888473,0.04615384615384621,0.022720975339429073,0.013066871637202215,0.020000000000000018,-0.11582353198373485
2012-01-31,-0.009621195206129252,0.027604483785419465,-0.03656317773605233,-0.2275921947860452,-6.761332199223258e-05,-0.09655896638764894,-0.03557682121543837,-0.03557682121543837,-0.025423728813559365,-0.0344827586206895,-0.6256419497252005,-0.6209109438379109,-0.6828360552763819,-1.9291805710048202,0.4842512077294685,-0.14344039194338598,0.023060796645702375,0.05059523809523814,0.0029418975239028367,-0.17204301075268824,-0.17624703087885984,0.0,0.00961798970468708,0.028072837632777015,0.019607843137254832,0.33038275145880713
2012-04-30,0.011270100378298897,0.0378559349353369,-0.10772612590835617,0.10529962401643478,0.05192589698233219,0.05682696436238732,0.005455577320908844,0.005455577320908844,0.0,0.0,0.9408182912154031,0.07420814479638005,1.9891568054661581,-0.9744612928970471,0.008332248405155562,0.28010803940260565,0.07377049180327866,0.10623229461756378,0.034710339770227305,0.27922077922077926,0.22606689734717422,0.04411764705882337,0.04025224741714739,0.09003690036900358,0.019230769230769162,-0.060996914842211036
2012-07-31,0.09714707020305036,0.0899263035696003,0.33299243995563876,0.017315068493150676,0.028798462773484745,0.097498759391623,0.21765809071211373,0.21765809071211373,0.20869565217391295,0.2142857142857142,-0.03134881759898811,7.25224243024927,-2.563274365599947,76.921875,0.6438992898644287,0.003847585950105481,0.11068702290076327,0.11139564660691414,0.03425466572171043,-0.030456852791878153,-0.08984007525870175,0.0,-0.06229846511027992,0.1191604603926879,0.0,0.07137202121763919
2012-10-31,0.019926364064442925,0.04737098515218774,-0.0750007621254154,0.13132392545513305,0.04583749474160159,0.04789971072435262,0.07543925233644866,0.07543925233644866,0.07194244604316546,0.06617647058823528,0.4698833740862596,-0.8019000492427427,-1.8715166670198564,-0.9783436936033687,0.008482563619227168,0.06528189910979232,0.03264604810996552,0.03571428571428559,0.0406578346276838,0.03141361256544495,-0.06459948320413433,0.04225352112676051,0.025447042640990514,0.03932244404113727,-0.018867924528301883,-0.07422870866432674
2013-01-31,0.009573724478000756,0.03494360502234528,-0.011301436641921625,-0.1387153782869679,0.017927708162030154,-0.04153913313365343,0.038195216907675134,0.038195216907675134,0.033557046979865834,0.034482758620689724,-0.5852269263262408,-0.01646053110221901,-0.8282716529689248,13.86111111111111,0.125,0.10991179201485601,0.04326123128119819,0.04560622914349288,0.014047410008779737,0.06598984771573613,0.04640883977900545,0.0,0.008316566063044872,0.04249126891734578,0.0,0.20162835249042166
2013-04-30,-0.000946946736603338,-0.007431908443587987,-0.12466735926310701,0.012324659933136362,0.03679781296397677,0.01106258177806918,0.0062812219588306295,0.0062812219588306295,0.006493506493506551,0.01333333333333342,1.4127627406925227,0.29206349206349214,4.1115752212389385,-1.0024922118380062,-0.0002769124264451195,0.10362856844086599,0.04226475279106867,0.043617021276595835,0.029437229437229373,0.08571428571428563,0.026399155227032622,0.04054054054054057,0.0376479978714912,0.04745951982132879,0.0,-0.01949647934103893
2013-07-31,0.013542173677972835,0.04471668629806991,-0.09674153809049313,0.08897033448512359,0.04378408579736304,0.07278389546949415,0.18386658858603067,0.18386658858603067,0.17419354838709689,0.17763157894736836,-0.10308695160265613,-0.05920660289592328,-0.28237836041052067,-2761.25,0.7645592410497888,0.11218495357210534,0.03825554705432266,0.06625891946992857,0.03763666947014288,0.08333333333333348,0.03549382716049365,0.0,0.02987179487179481,0.05330490405117283,0.019230769230769162,-0.04064902950442062
2013-10-31,0.04335117669047417,0.058404520068497945,0.2538373976313357,0.28869250579655503,-0.004548499247781668,-0.0003422388244460617,-0.3547346291778619,-0.3547346291778619,-0.35164835164835173,-0.35754189944134085,0.45879989908595165,0.9298917315347752,-0.5472564800339683,3.7016574585635356,2.03716348795228,0.10495825523939328,-0.06779661016949146,-0.06214149139579339,0.022492401215805424,0.06477732793522262,0.02930948832588176,0.038961038961039085,-0.045935515996514464,-0.05617408906882593,0.0,-0.1787013170438897
2014-01-31,-0.007173773555977703,-0.061756514966389675,-0.07414324282293805,-0.16481091227163636,0.01278584008966388,-0.01668560550877496,0.25168562816871964,0.25168562816871964,0.27118644067796627,0.27826086956521756,-0.5438769198023161,-0.23625399077687126,1.4973996078097023,-1.9355435264202192,-0.6275115320507023,-0.022436391673091638,-0.030830039525691744,-0.021406727828746197,0.008521601268331347,-0.04562737642585557,0.02654440154440163,0.0,0.02022442588726525,-0.02466487935656836,0.0,0.12338779019776447
2014-04-30,0.03442550056103921,0.09069539890513978,-0.0014284719889353648,-0.013570275840734669,0.04437766678889776,0.018116944046619565,0.10184708322313929,0.10184708322313929,0.09999999999999987,0.10204081632653073,0.8422725814448624,0.060122826030861276,-0.802932541308207,-2.108431998352723,1.867316497849313,0.03438756999763393,-0.00978792822185981,-0.007291666666666696,0.04244448811161328,0.02788844621513964,0.03996238834038568,0.03749999999999987,0.009592019439826016,-0.003848268279274314,0.0,0.10570225794106403
2014-07-31,0.0451250193204058,0.17148741957420088,0.04727217071625778,0.1247647978962163,0.04471345087642242,0.04890654520672211,0.1125189489641234,0.1125189489641234,0.10909090909090913,0.11111111111111116,-0.14620998638508054,-0.09022165968909224,-4.468514508445214,0.692834983559659,1.1024449848171405,0.10659550133434981,-0.027182866556836882,-0.03147953830010497,0.037323279924599495,0.0620155038759691,0.0881555153707052,0.0,-0.00038003546997711357,-0.015452538631346546,-0.018867924528301883,0.04153398864737623
2014-10-31,0.3239812387931962,-0.11631445402109597,1.7056983317826586,0.48539237521289147,-0.03281618532874331,0.08211902460680442,-0.6504252444161831,-0.6504252444161831,-0.6557377049180328,-0.6555555555555556,0.4097403139225484,19.878696536225164,20.782289481570274,-2.630296180056405,-0.8548674806946475,0.0684903190243229,-0.10414902624894151,-0.1744312026002166,-0.023986916227512256,0.029197080291970767,0.0664727877025344,0.03614457831325302,-0.26954758585730576,-0.11939461883408076,-0.05769230769230771,-0.4050578226771234
2015-01-31,-0.027498127105604286,-0.005694673055278043,-0.027349590887213227,-0.13479291332528232,-0.02685108009018322,-0.04877381692617688,0.9872344572208147,0.9872344572208147,1.0158730158730158,1.0161290322580645,-0.474923712316515,-0.9443022078704237,-1.0232123817712813,-0.9408066557174013,-0.3486638648798668,0.050364351583156,-0.046313799621928164,-0.115485564304462,-0.03574753304784961,0.07446808510638303,0.151538761199844,0.0,0.000693962526023606,-0.061744112030553744,-0.061224489795918324,0.14919287270289883
2015-04-30,0.013127158799043581,0.016334459395077383,-0.023002497857055326,0.4000820745519227,0.04350159184349156,-0.023575210424758075,-0.007616992758953223,-0.007616992758953223,-0.015748031496062964,-0.016000000000000014,0.3857541864455605,-0.173024126136904,1.6790635649725885,-1.1686377075278598,0.09027270513757002,0.058447937131630656,-0.07631318136769072,-0.13649851632047472,0.03707279397567098,0.0990099009900991,0.10250338294993244,0.03488372093023262,0.029993065187239987,-0.08276797829036642,-0.0652173913043479,-0.2740837950811703
2015-07-31,0.006834583145520101,0.018408282351999983,-0.02711203580571586,-0.011304191978971034,0.029852862396950508,0.062119831782753154,-0.259614909492201,-0.259614909492201,-0.264,-0.26016260162601623,-0.13261026753434557,0.2384361437738789,-0.4527957524473204,-1.6109238031018207,-0.0505834403439227,0.03503480278422266,-0.18240343347639487,-0.22852233676975942,0.02923105566933537,-0.0030030030030030463,0.11752071187480806,0.0,0.022891769062447498,-0.19230769230769218,-0.04651162790697683,0.03006360897221283
2015-10-31,0.008575791793305587,0.03329601861807907,0.03352659469546437,0.0747469254343478,-0.007465102330281748,-0.013305810543279062,-0.18400035594313813,-0.18400035594313813,-0.17391304347826086,-0.17582417582417587,0.089123457819273,0.5283793093120077,-0.9156054174247018,-0.36092715231788075,-0.0340488091737724,-0.11314727639542699,0.020997375328083878,0.028953229398663627,0.006331403762662724,-0.13855421686746983,0.0834706205381659,0.03370786516853941,-0.01596182326805995,0.03754578754578741,0.0,-0.03861154446177839
2016-01-31,-0.013183847052309017,0.0031907134321196295,0.004684598361454073,-0.38863998931781607,-0.025324000781253186,-0.012938632596836697,0.40010905125408947,0.40010905125408947,0.3947368421052633,0.40000000000000013,-0.14333961596234246,0.0389198087324607,-8.08942115768463,-0.34542314335060453,-0.02307317667113118,-0.132827804107425,-0.05784061696658083,-0.051948051948051965,-0.034154233327341466,-0.13636363636363624,-0.15990876837303603,0.0,-0.012207357859531753,-0.051191526919682206,0.0,0.6409736308316429
2016-04-30,0.045311215724832765,0.0836123925996799,0.03420245159536428,-0.0740065925412896,0.05312357088982633,0.07595392768897846,0.4433561803878807,0.4433561803878807,0.44339622641509435,0.4476190476190476,0.09279755190475658,0.18578111442260536,2.0800720761304126,-75.97889182058047,1.7708605969963234,0.03825694090213516,0.05729877216916779,0.057077625570776336,0.051926298157453976,0.0728744939271253,0.09079939668174952,0.032608695652173836,0.007448789571694592,0.040930232558139545,0.0,0.17021013597033385
2016-07-31,-0.0018642747964522366,0.015871229299049938,-0.0006458486850327017,-0.006132513182110166,-0.0026982450450608875,0.0639385026240562,0.186212478920742,0.186212478920742,0.18300653594771243,0.17763157894736836,0.3172062791268089,0.08886785549528331,-0.4699720287390995,-0.36133300489143827,0.4081729039222741,0.17763896687254355,0.20258064516129037,0.1965442764578833,-0.008846426043878308,0.12075471698113227,0.09706858407079655,0.0,-0.0008401949252225815,0.1742627345844503,0.024390243902439046,0.022111897468398922
2016-10-31,-0.025422438992526164,0.005183732610185343,-0.042791546042011075,0.6751602699217152,-0.011286899125788064,0.0076312445844974874,-0.3118460558638886,-0.3118460558638886,-0.30939226519337015,-0.3128491620111732,0.5002715578107786,-0.633846850597886,-4.5469094922737305,1.1050195603063528,0.6101608292207688,0.0891590678824723,0.09120171673819732,0.09386281588447654,-0.005355230274901923,0.09764309764309753,-0.09856314595412163,0.03157894736842115,0.014463504877228361,0.06012176560121785,0.04761904761904767,-0.39994488270350337
2017-01-31,0.040389926714475166,-0.05410409028549168,0.03458392247687492,-0.034588176081870814,0.04423662350775048,-0.03770143486794664,0.2527269121438487,0.2527269121438487,0.24,0.24390243902439024,-0.4393992677023645,3.0318397637952357,-1.8120040454333282,-1.2539001151711862,-0.09638255452949407,-0.060246238030095656,0.06784660766961648,0.07425742574257432,0.03391959798994981,-0.05521472392638027,-0.14093959731543626,0.0,0.003647214854111569,0.06245513280689141,0.0,-0.02020781904816571
2017-04-30,0.01999269869220699,0.08417241769430928,-0.014858760137157812,-0.33732380768488124,0.04267016635335019,0.046684031256261305,0.38390501319261205,0.38390501319261205,0.38064516129032255,0.3856209150326797,0.21494464944649438,-0.8565066798614547,-1.8802395209580838,-4.11340206185567,0.33150384193194293,0.12565505997437976,0.08379373848987104,0.09523809523809512,0.044436729734421254,0.09090909090909083,0.03678385416666674,0.030612244897959107,0.022299306243805717,0.08243243243243259,0.0,0.6360227339309776
2017-07-31,0.0069476609541454515,-0.027340081394135463,-0.06657458563535912,0.0815850815850816,0.052252007075792584,0.06431852986217468,-0.012392755004766443,-0.012392755004766443,-0.009345794392523366,-0.014150943396226578,0.17312072892938501,1.113793103448276,1.325170068027211,-3.493377483443709,-0.6207749381698269,0.1790813159528244,0.014443500424808908,0.036465638148667434,0.050191125145421234,0.12797619047619047,0.0728414442700156,0.0,0.04491840361932464,0.02684144818976275,0.022727272727272707,-0.10070911825800433
2017-10-31,0.015869365225390952,0.022637056109859444,-0.003906481207457846,0.06707974137931028,0.026671408250355633,0.009892086330935301,-0.14478764478764483,-0.14478764478764483,-0.14150943396226412,-0.14832535885167453,0.28802588996763756,0.4502446982055466,-0.6079578700994734,-1.5683930942895086,0.9304347826086956,0.06422742827059769,0.038525963149078635,0.05953991880920162,0.0356068998259218,0.01319261213720302,0.018437225636523058,0.02970297029702973,0.01066955311581852,0.05957446808510647,0.0,-0.041616885702907336
2018-01-31,0.2901805009570462,0.23321443558539645,0.8493077425872007,0.049482453925776326,-0.006108889378719673,0.05075690115761344,-2.3826185101580135,-2.3826185101580135,-2.3736263736263736,-2.404494382022472,-0.8683417085427135,13.0,-19.170149253731342,-0.9322429906542056,0.0326576576576576,-0.04188309011460145,-0.5443548387096774,-0.5683269476372925,-0.016198044009779977,-0.07552083333333337,-0.11178160919540225,0.028846153846153966,-0.22965116279069775,-0.5507745266781412,-0.04444444444444451,0.17506752545190118
2018-04-30,0.023258781865169276,0.08243300723096558,0.036694299852194634,0.10752946836661059,0.010011722586572791,0.07000000000000006,-1.497142857142857,-1.497142857142857,-1.496,-1.492,5.522900763358779,-0.8601960469227061,-0.9351897486446525,24.24137931034483,0.7982551799345692,0.025600206522674585,-0.26725663716814163,-0.3076923076923076,0.00838769804287054,0.04225352112676073,1.2096408929149143,0.0,-0.012909632571995955,-0.28735632183908033,-0.023255813953488413,-0.022667798288422025
2018-07-31,-0.02455412821152403,-0.06570260924237659,-0.06077981651376152,0.002172024326672517,0.012108284450578655,0.04546174560430849,0.6551724137931034,0.6551724137931034,0.6532258064516128,0.6504065040650404,0.37624341720304266,-0.6988505747126437,-3.390367553865653,-1.1270491803278688,-0.056397816858702265,0.013550362881235012,-0.03140096618357491,-0.08119658119658124,0.011398644485520526,0.00540540540540535,0.3604685212298684,0.0,0.03762575452716299,-0.06272401433691766,-0.023809523809523836,-0.06773528241126037
2018-10-31,-0.023030574246032387,-0.0823519515477793,-0.07434907434907434,0.16276549631556136,0.025135595846892844,-0.012878787878787934,-0.0009920634920634885,-0.0009920634920634885,-0.004878048780487698,-0.024630541871921152,0.005952380952380931,-0.11259541984732824,0.3960763520678685,7.10752688172043,-0.48457583547557836,0.08435430463576177,0.08478802992518708,0.037209302325581506,0.029393847091075287,0.07258064516129026,0.10998708566508819,0.0,0.04925344192359904,0.055449330783938766,-0.024390243902438935,-0.2107898311663109
2019-01-31,0.03039523622562501,0.09359244660372168,0.024278074866310062,0.7494874184529356,0.03558471399201846,-0.03591711435149658,0.02482621648460781,0.02482621648460781,0.02450980392156854,0.045454545454545414,-0.569737954353339,1.7784946236559138,-1.3539688568173187,-1.8846153846153846,0.8316708229426435,-0.0231315367585313,1.5563218390804598,1.6143497757847531,0.02633525669477743,-0.05012531328320802,-0.09443474888501058,0.0,0.004989835520236463,1.5760869565217392,0.02499999999999991,-0.37493852660568505
2019-04-30,-0.015114469882196002,-0.04727577535624472,-0.07375308899794641,0.0024504581291284744,0.034070008466411617,0.04171310300907494,0.18604651162790709,0.18604651162790709,0.1866028708133971,0.1835748792270533,1.1100196463654224,-0.5859133126934984,-3.1663090128755367,-1.6296851574212894,-0.28590878148400267,0.11929509221631762,0.1375899280575541,0.1783876500857633,0.0317139974052183,0.08970976253298146,-0.5804068522483941,0.028037383177570208,0.05001838911364476,0.158227848101266,0.024390243902439046,-0.04956726986624704
