Quarter end,Assets,Current Assets,Liabilities,Current Liabilities,Shareholders equity,Revenue,Earnings,Earnings available for common stockholders,EPS basic,EPS diluted,Cash from operating activities,Cash from investing activities,Cash from financing activities,Cash change during period,Cash at end of period,Price,ROE,ROA,Book value of equity per share,P/B ratio,P/E ratio,Cumulative dividends per share,Equity to assets ratio,Net margin,Asset turnover,Current ratio
1994-01-30,-0.017313432835820874,-0.09757473209249856,-0.04614391739270729,-0.09956976029502151,0.029075804776739433,-0.17212249208025343,-0.4137931034482759,-0.4137931034482759,-0.4197530864197532,-1.3076923076923077,-0.2416666666666667,-0.022727272727272707,-0.28358208955223885,-0.6799999999999999,0.4098360655737705,-0.027477919528949846,-0.013716962194713966,-0.02115059221658211,0.03125,-0.09883720930232553,0.11865373645179678,1.0,0.047221497521523714,0.013555787278414888,-0.0325203252032521,0.0022942094154356774
1994-05-01,-0.017313432835820874,-0.09757473209249856,-0.04614391739270729,-0.09956976029502151,0.029075804776739433,-0.17212249208025343,-0.4137931034482759,-0.4137931034482759,-0.4197530864197532,-1.3076923076923077,-0.2416666666666667,-0.022727272727272707,-0.28358208955223885,-0.6799999999999999,0.4098360655737705,-0.027477919528949846,-0.013716962194713966,-0.02115059221658211,0.03125,-0.09883720930232553,0.11865373645179678,1.0,0.047221497521523714,0.013555787278414888,-0.0325203252032521,0.0022942094154356774
1994-07-31,0.010935601458080146,0.0006250000000000977,0.015899864682002773,0.13651877133105805,0.003531786074671972,0.0,0.0,0.0,0.0,-1.3076923076923077,-0.2416666666666667,-0.022727272727272707,-0.28358208955223885,-0.6799999999999999,0.09302325581395343,-0.07114026236125126,-0.013716962194713966,-0.02115059221658211,0.010101010101010166,-0.09883720930232553,0.11865373645179678,0.0,-0.007473841554559102,0.013555787278414888,-0.0325203252032521,-0.11957516938289692
1994-10-30,0.10757211538461542,0.20549656464709565,0.12354312354312347,0.20180180180180174,0.08345902463549515,0.18877551020408156,0.6554621848739495,0.6554621848739495,0.6808510638297873,-1.3076923076923077,-0.6703296703296704,0.8527131782945736,-1.9583333333333335,-1.75,-0.06382978723404253,0.06246605105920677,-0.013716962194713966,-0.02115059221658211,0.08250000000000002,0.05161290322580636,0.11865373645179678,0.4999999999999998,-0.02158634538152615,0.013555787278414888,-0.0325203252032521,0.0030158069883527983
1995-01-29,-0.02170374389582208,-0.06217616580310881,-0.08328393598103145,-0.14542728635682156,0.07470997679814384,0.09442060085836901,0.17258883248730972,0.17258883248730972,0.17721518987341778,-1.3076923076923077,3.2777777777777777,-0.6276150627615062,-3.0579710144927534,-1.1666666666666667,0.011363636363636465,0.1073619631901841,-0.013716962194713966,-0.02115059221658211,0.07390300230946889,0.02249488752556239,0.11865373645179678,0.38095238095238093,0.09851205746536706,0.013555787278414888,-0.0325203252032521,0.09745982374287188
1995-04-30,0.17822148271399518,-0.06961325966850829,0.2841901066925314,0.3327485380116959,0.03670120898100171,-0.14509803921568631,-0.4502164502164502,-0.4502164502164502,-0.4516129032258065,-1.3076923076923077,-0.10909090909090913,11.887640449438202,-3.9683098591549295,44.0,0.5056179775280898,0.08079409048938135,-0.013716962194713966,-0.02115059221658211,0.034408602150537426,0.006000000000000005,0.11865373645179678,0.2586206896551724,-0.12027090144792163,0.013555787278414888,-0.0325203252032521,-0.30193670288143604
1995-07-30,-0.009100894398242576,-0.061163895486935904,-0.03147029204431018,-0.05046072838964455,0.0279050395668472,-0.06536697247706424,0.12598425196850394,0.12598425196850394,0.11764705882352922,-1.3076923076923077,0.06997084548104948,-0.8404533565823888,-1.3214709371293,-2.8444444444444446,-0.6044776119402986,0.03203759077317381,-0.013716962194713966,-0.02115059221658211,0.033264033264033266,-0.001988071570576677,0.11865373645179678,0.2191780821917808,0.03743031590124768,0.013555787278414888,-0.0325203252032521,-0.011232913790770072
1995-10-29,0.07727632620744251,0.24541429475015808,0.09669872628021836,0.16173752310536038,0.04700162074554304,0.22085889570552153,0.5314685314685315,0.5314685314685315,0.5438596491228072,-1.3076923076923077,-0.7547683923705721,0.016393442622950838,-1.3948339483394834,-1.1927710843373494,0.3018867924528301,0.01572847682119205,-0.013716962194713966,-0.02115059221658211,0.04426559356136828,-0.015936254980079556,0.11865373645179678,0.1685393258426966,-0.028147389969293668,0.013555787278414888,-0.0325203252032521,0.07199562003832471
1996-01-28,-0.033367631927091024,-0.11020822752666326,-0.08912064470253611,-0.22792362768496421,0.05766253869969051,0.11407035175879399,0.17808219178082196,0.17808219178082196,0.17045454545454541,-1.3076923076923077,3.844444444444444,-0.6021505376344086,-4.392523364485982,-1.8125,-0.18840579710144922,0.15484922575387117,-0.0050881953867027985,-0.009507346585998278,0.05587668593448947,0.10526315789473673,0.11865373645179678,0.1730769230769229,0.09426013691416535,0.013374485596707952,-0.025210084033613467,0.15245148110316653
1996-04-28,-0.012469586374695862,-0.09988584474885842,-0.023419203747072626,0.1056156620298816,0.0029271862422246553,-0.1741091565178169,-0.437984496124031,-0.437984496124031,-0.4368932038834952,-1.3076923076923077,-0.30733944954128445,1.1756756756756759,-0.581267217630854,-1.0769230769230769,0.017857142857142794,0.08821453775582211,-0.008864643709512454,0.01919720767888311,0.007299270072992581,0.031135531135531025,0.05201427842937267,0.139344262295082,0.01564003849855622,0.013197969543147225,0.008620689655172376,-0.18579658763571905
1996-07-28,0.021250384970742164,0.025998731769181882,0.036504130029309856,0.038676607642124994,0.00036483035388545915,-0.10431458219552159,0.24137931034482762,0.24137931034482762,0.2586206896551724,-1.3076923076923077,0.2748344370860927,0.16770186335403725,0.4671052631578947,-24.0,-0.4035087719298246,0.055771725032425445,0.021671826625386803,0.03595890410958891,0.005434782608695787,0.047957371225577416,0.03150751333010193,0.12230215827338142,-0.02061122956645345,0.0470941883767535,-0.008547008547008517,-0.012246564158388873
1996-10-27,0.087907117008444,0.2422744128553771,0.43110539845758344,0.6105877074921489,-0.3989788475565281,0.25121951219512195,-0.5111111111111111,-0.5111111111111111,-0.5068493150684932,-1.3076923076923077,-0.5662337662337662,0.1063829787234043,-1.3004484304932735,-1.7826086956521738,0.5294117647058822,0.1382063882063882,-0.08383838383838371,-0.17603305785123968,-0.363963963963964,0.1322033898305084,0.08176691729323293,0.10897435897435903,-0.44750846637639086,-0.170334928229665,-0.008620689655172376,-0.22868163658906193
1997-01-26,-0.029106029106029108,-0.06716417910447758,-0.044907490569427,-0.04206128133704734,0.024271844660194164,0.12914230019493167,2.1363636363636362,2.1363636363636362,2.2777777777777777,-1.3076923076923077,1.4550898203592815,-0.5769230769230769,-6.044776119402985,-2.166666666666667,-0.40384615384615385,0.10388559093362093,0.14847482543182644,0.011033099297893756,0.028328611898017053,0.7350299401197606,0.31624674196351,0.10982658959537561,0.05516637478108577,0.01384083044982698,0.0,-0.026254688337203014
1997-04-27,-0.0436830835117773,-0.13759999999999994,-0.03197291705849159,-0.05088688572259381,-0.08056872037914697,-0.192921881743634,-0.4311594202898551,-0.4311594202898551,-0.711864406779661,-1.3076923076923077,-0.17804878048780493,-0.3977272727272727,-0.10946745562130178,-0.1428571428571429,-0.6451612903225806,0.09777560498655591,0.17599999999999993,0.009920634920634885,-0.07162534435261703,0.06729939603106128,0.04026402640264015,0.10416666666666674,-0.038589211618257235,0.012514220705346801,-0.008695652173913104,-0.09134262655906089
1997-08-03,-0.035826242722794444,-0.021026592455163917,-0.02098309694967937,-0.08670343137254899,-0.08505154639175261,-0.07754010695187163,0.22292993630573243,0.22292993630573243,0.17647058823529416,-1.3076923076923077,-0.18991097922848665,-1.9622641509433962,0.12292358803986714,-1.7222222222222223,1.3636363636363638,0.08906702293475832,0.23020408163265316,0.023575638506876162,-0.0801186943620178,0.1729991915925626,0.05203045685279184,0.08962264150943389,-0.051359516616314216,0.00561797752808979,0.01754385964912286,0.07186112232539377
1997-11-02,0.055891004799504485,0.24068224889450418,0.0547727723754714,0.09896008050989602,0.059859154929577496,0.2289855072463769,0.390625,0.390625,0.44999999999999973,-1.3076923076923077,-0.652014652014652,-2.0392156862745097,-0.9704142011834319,1.3076923076923075,1.1538461538461537,0.037006747086485436,0.2802477328024773,0.2687140115163149,0.06451612903225801,0.12749827705031014,0.012967430639324595,0.08225108225108224,0.0040946314831664665,0.24134078212290522,0.02586206896551735,0.12900188323917128
1998-02-01,0.02741935483870961,-0.030040733197555958,0.039134524929445025,0.0494505494505495,-0.013953488372092981,0.10471698113207539,0.12359550561797761,0.12359550561797761,0.13793103448275867,-1.3076923076923077,2.9263157894736844,8.584905660377359,-19.7,0.43333333333333335,0.7678571428571428,0.09680599369085185,0.06202487906012455,0.027231467473525006,-0.009090909090909038,0.030562347188264116,-0.13277761238463837,0.08400000000000007,-0.04032623470774821,0.023402340234023322,0.0,-0.07572977481234355
1998-05-03,-0.13643499357785072,-0.17007874015748037,-0.07387289516567086,-0.09045956951716116,-0.3692722371967655,-0.3287788215200683,-1.3,-1.3,-1.303030303030303,-1.3076923076923077,0.0,0.0,0.0,-2.0232558139534884,-0.5353535353535354,-0.0021571094733058294,-0.18545632015617375,-0.25184094256259215,-0.363914373088685,0.007117437722419906,-0.03261242705114997,0.07749077490774914,-0.26959395656279506,-0.24186455584872468,-0.008403361344537785,-0.0875293268363111
1998-08-02,-0.0690794909932243,-0.08918406072106266,-0.06959921798631474,-0.10361368724016629,-0.06623931623931623,-0.5788804071246819,-3.033333333333333,-3.033333333333333,-3.05,0.0,-0.6112600536193029,-1.3779527559055118,-3.3529411764705883,-0.31818181818181823,-0.6521739130434783,-0.02161772653575922,0.09866187337727172,0.01870078740157477,-0.05769230769230771,0.5376914016489986,0.3477643718949608,0.7157534246575341,0.003232062055591456,0.1438515081206495,-0.11016949152542366,0.01602056962025311
1998-11-01,0.06426415764246407,0.17708333333333326,0.08068922042445892,0.01248662147698898,-0.02517162471395884,1.7250755287009065,0.4426229508196722,0.4426229508196722,0.4390243902439024,-3.8999999999999995,0.24827586206896557,-1.7708333333333335,-0.9386363636363636,-1.1,0.1875,-0.018412815319462372,0.15233593892019637,0.02898550724637694,-0.020408163265306145,0.041746457296055084,-0.025276461295418495,0.041916167664670656,-0.0844072164948454,0.04462474645030423,-0.01904761904761909,0.1627408993576016
1999-01-31,-0.020183486238532056,-0.07197640117994097,0.007777561734396254,0.06553911205074003,-0.18896713615023475,0.015521064301552201,-0.17045454545454541,-0.17045454545454541,-0.1694915254237288,-0.15517241379310343,0.149171270718232,-0.43918918918918914,3.2222222222222223,2.6666666666666665,0.5789473684210527,-0.03807915963233921,0.0839249092916865,-0.08169014084507042,-0.17708333333333326,-0.018014705882352877,-0.038087520259319385,0.042145593869731934,-0.1724137931034483,-0.04757281553398052,-0.029126213592232997,-0.12908086388749385
1999-05-02,-0.029111338100102135,-0.12841703750794664,0.004051707505305702,0.003306878306878369,-0.2778581765557163,-0.18558951965065507,-0.26027397260273977,-0.26027397260273977,-0.24489795918367352,-0.24489795918367352,0.7115384615384615,0.09638554216867479,1.473684210526316,-1.5454545454545454,-0.19999999999999996,-0.17121684867394693,0.0,0.45910020449897737,-0.27215189873417733,0.007113440658929049,-0.0676776186464475,0.04227941176470584,-0.25595238095238093,0.45769622833843004,0.0,-0.13129565551710876
1999-08-01,-0.03173768192179549,-0.05616338439095547,0.015949269792467247,0.03691496374423209,-0.5290581162324649,-0.13136729222520105,-0.5123456790123457,-0.5123456790123457,-0.5405405405405406,-0.5945945945945946,-0.4747191011235955,-1.0,-0.3226950354609929,2.0,-0.75,0.010352941176470454,0.0,-0.12123335669236146,-0.5217391304347825,0.38810408921933104,-0.3009036144578313,0.040564373897707284,-0.5131428571428571,-0.21188811188811185,0.1100000000000001,-0.0898428855941581
1999-10-31,0.03984063745019917,0.195517774343122,0.04293550217514652,0.07215511760966309,-0.029787234042553234,0.3641975308641976,1.9746835443037973,1.9746835443037973,2.176470588235294,2.6000000000000005,0.39572192513368987,-inf,0.04712041884816753,-2.5555555555555554,4.666666666666667,-0.023288309268747143,0.0,-0.029505582137161146,-0.036363636363636376,1.0420460632029993,0.13657906074967685,0.037288135593220195,-0.068075117370892,-0.034605146406388676,0.009009009009008917,0.11500121565767074
2000-01-30,-0.03099965168930685,-0.06981254040077567,-0.03899165759883927,-0.0664097242810554,0.16228070175438591,0.08371040723981893,0.1957446808510639,0.1957446808510639,0.20370370370370372,0.20370370370370372,0.7816091954022988,0.13888888888888884,0.835,1.0714285714285716,1.7058823529411766,-0.09084406294706715,0.0,0.10435497124075588,0.18867924528301883,-0.05652459016393441,-0.06747536012130395,0.037581699346405095,0.19899244332493704,0.0753676470588236,0.02678571428571419,-0.0034888791975578037
2000-04-30,-0.06631919482386772,-0.17581653926337737,-0.05038686544631066,-0.052715147665925666,-0.3849056603773585,-0.2724425887265136,-0.5053380782918149,-0.5053380782918149,-0.5076923076923077,-0.5076923076923077,-0.5526881720430108,0.3170731707317074,-0.4168937329700273,-2.0,-0.6304347826086957,-0.20246525045895625,0.0,-0.008184523809523725,-0.38095238095238093,-0.3290241868223519,-0.27723577235772356,0.03464566929133861,-0.34033613445378164,-0.015384615384615441,0.008695652173912993,-0.12997811816192562
2000-07-30,0.00019249278152067006,-0.015177065767284947,0.005365659777424536,0.0164264163593697,-0.1595092024539877,-0.1470588235294118,-0.5755395683453237,-0.5755395683453237,-0.5,-0.5625,0.11057692307692313,0.35185185185185186,-0.2429906542056075,-0.8793103448275862,-0.20588235294117652,-0.03387043735613293,0.0,-0.01275318829707428,-0.15384615384615385,0.5605966438781851,-0.004499437570303799,0.03348554033485529,-0.15923566878980888,-0.01128472222222221,0.0,-0.03118712273641855
2000-10-29,0.007313317936874508,0.18664383561643838,0.009290373591618994,0.016820580474933955,-0.06569343065693434,0.49537426408746854,2.457627118644068,2.457627118644068,1.9374999999999996,2.3571428571428568,0.1212121212121211,-0.6575342465753424,0.4259259259259258,-0.7142857142857143,-0.07407407407407407,-0.1055139550714771,0.0,-0.020516717325227973,-0.09090909090909094,0.05721492101420411,-0.09999999999999998,0.03387334315169355,-0.0719696969696969,-0.04477611940298509,0.01724137931034475,0.16718587746625135
2001-01-28,-0.02674818494459308,-0.11327561327561331,0.03505679592636124,-0.1138501459617256,-2.4921875,0.10067491563554554,0.32843137254901955,0.32843137254901955,0.38297872340425543,0.38297872340425543,0.8725868725868726,0.3600000000000001,0.8961038961038961,-7.5,0.52,0.2104261796042617,0.0,0.007757951900698279,-2.5666666666666664,0.33136614766449024,0.2636534839924669,0.031339031339031376,0.0,-0.02113970588235292,0.033898305084745894,0.0006672597864769703
2001-04-29,-0.051433058500196305,-0.16192026037428808,-0.044276253547776756,-0.2584187408491947,0.1465968586387434,-0.26469085334695963,-0.5498154981549815,-0.5498154981549815,-0.5384615384615385,-0.5384615384615385,-0.6082474226804124,0.588235294117647,-0.6575342465753424,-2.3076923076923075,-0.4473684210526315,-0.03646651996227601,0.0,-0.007698229407236301,0.1276595744680853,0.0,-0.03626428216592148,0.03176795580110481,0.0,-0.031924882629107976,0.024590163934426146,0.13002889531006878
2001-07-29,0.22661423841059603,0.16796116504854375,0.22233221144327864,0.539980256663376,0.1278538812785388,0.035441278665740095,-0.5737704918032787,-0.5737704918032787,-0.6,-0.6,0.0,0.0,0.0,0.0,0.0,-0.07406199021207172,0.0,-0.044996121024049596,0.13207547169811318,0.0,-0.062371134020618446,0.02945113788487297,0.0,-0.05528612997090199,0.008000000000000007,-0.24154209284028316
2001-10-28,0.05348405601484729,0.3100581878636741,0.03530936183997402,-0.09615384615384615,-0.4008097165991903,0.16040268456375828,2.2884615384615383,2.2884615384615383,2.5,2.5,-0.2315789473684211,-0.537037037037037,-0.30000000000000004,-1.6470588235294117,0.6666666666666667,-0.03488372093023251,0.0,-0.09423233143785537,-0.4,0.0,-0.021990104452996317,0.020806241872561637,0.0,-0.04414784394250515,-0.04761904761904767,0.4494294605809128
2002-01-27,-0.03122998078155026,-0.0875634517766497,-0.05303504380475599,0.02411347517730489,-0.972972972972973,0.04684788895315206,0.1871345029239766,0.1871345029239766,0.16666666666666674,0.16666666666666674,1.3630136986301369,1.0,1.8285714285714287,-1.2727272727272727,-0.08571428571428574,0.08178167214311793,0.0,-0.14708520179372198,-0.9722222222222222,0.0,0.1180438448566612,0.019108280254777066,0.0,-0.09022556390977443,-0.06666666666666654,-0.10914295938450513
2002-04-28,-0.04298231112580597,-0.21210013908205838,-0.05683132331075502,-0.13781163434903043,-21.0,-0.24254143646408843,-0.5270935960591133,-0.5270935960591133,-0.5306122448979591,-0.5306122448979591,-0.020289855072463725,0.1200000000000001,-0.023569023569023573,0.6666666666666667,-0.15625,-0.08133648329395882,0.0,-0.0851735015772872,-21.0,0.0,0.02916038210155847,0.020000000000000018,-0.43673469387755104,-0.03659976387249109,-0.044642857142857206,-0.08616187989556134
2002-07-28,-0.011746415615823125,0.058252427184465994,0.02207041513399899,0.07550200803212848,-2.425,-0.10795040116703136,-0.42708333333333337,-0.42708333333333337,-0.3913043478260869,-0.3913043478260869,-0.44378698224852076,1.8035714285714284,-0.8827586206896552,0.19999999999999996,-0.2222222222222222,-0.09257898603967674,0.0,0.01379310344827589,-2.4000000000000004,0.16476468923889453,-0.042501221299462544,0.019607843137254832,0.0,0.04901960784313708,-0.03738317757009346,-0.016043956043956142
2002-10-27,0.09246635203635734,0.31526271893244373,0.07060839760068549,0.3823749066467512,-1.0263157894736843,0.39411283728536395,1.9272727272727272,1.9272727272727272,1.7857142857142856,1.7857142857142856,-0.6276595744680851,0.3121019108280254,-5.588235294117647,-4.333333333333334,0.9523809523809523,-0.09109311740890691,0.0,-0.01927437641723362,-1.0357142857142858,0.0,-0.10510204081632668,0.019230769230769162,-0.9637681159420289,-0.015186915887850372,0.0,-0.048469957560866694
2003-01-26,0.005919999999999925,-0.058972733037412794,-0.0318552905394589,-0.1804430037817396,78.66666666666667,0.12492668621700886,0.4347826086956521,0.4347826086956521,0.4358974358974359,0.4358974358974359,4.757142857142857,-0.7718446601941747,-3.326923076923077,-1.2,-0.09756097560975607,-0.005790645879732659,0.0,0.04393063583815038,56.99999999999999,17.072874493927124,0.018244013683010207,0.018867924528301883,75.0,0.03558718861209975,0.0,0.1481220657276996
2003-04-27,-0.02735804040082712,-0.14420485175202158,-0.04712301587301593,-0.07910349373764003,0.4728033472803348,-0.16579770594369136,-0.4415584415584416,-0.4415584415584416,-0.4464285714285715,-0.4464285714285715,-0.4218362282878412,0.46808510638297873,-0.5206611570247934,1.5,-0.2702702702702703,-0.00851254480286745,0.0,0.046511627906976605,0.48275862068965525,-0.9829032258064516,-0.06103023516237405,0.01736111111111094,0.5157894736842106,0.02405498281786933,0.029126213592232997,-0.0707421795133919
2003-08-03,0.014717906786590351,0.015748031496062964,0.00954364046503553,-0.003937007874015741,0.09943181818181812,-0.09062499999999996,-0.4263565891472868,-0.4263565891472868,-0.3870967741935484,-0.3870967741935484,-0.28326180257510725,0.5942028985507246,-0.7068965517241379,-1.5,0.18518518518518512,0.07953004970628119,0.0,0.012698412698412653,0.09302325581395343,-0.2720125786163521,0.017292784734645128,0.018202502844141044,0.08333333333333326,-0.003355704697986517,0.009433962264151052,0.01980198019801982
2003-11-02,0.08670427074939568,0.2829457364341086,0.053282915091096505,-0.007186489399928164,0.5891472868217054,0.3120274914089347,1.8513513513513513,1.8513513513513513,1.6842105263157894,1.6842105263157894,-1.3952095808383234,-0.7181818181818183,-3.019607843137255,0.3999999999999999,0.21875,0.07074089577228948,0.0,0.0637408568443052,0.595744680851064,-0.02051835853131745,0.03399765533411503,0.01787709497206702,0.4615384615384617,0.05162738496071828,0.01869158878504673,0.2923408845738942
2004-02-01,0.007860002966038948,-0.06888217522658613,-0.03263707571801566,-0.09446254071661242,0.4113821138211382,0.10005238344683076,0.11374407582938395,0.11374407582938395,0.11764705882352922,0.11764705882352922,-7.03030303030303,0.6451612903225807,-4.398058252427184,-0.7142857142857143,0.05128205128205132,0.022673964034402028,0.0,-0.013752455795677743,0.4066666666666665,-0.3590591694230062,-0.05555555555555558,0.01756311745334793,0.4002192982456141,-0.019210245464247655,0.0,0.02821368948247094
2004-05-02,-0.05194231901118307,-0.13043478260869568,-0.0608974358974359,-0.12589928057553956,0.009216589861751112,-0.20619047619047615,-0.39574468085106385,-0.39574468085106385,-0.38596491228070173,-0.4035087719298245,-0.3869346733668342,0.15686274509803932,-0.4342857142857143,-7.5,-0.31707317073170727,0.048165137614679,0.40343472565856486,0.006972111553784854,0.009478672985782088,-0.25458715596330284,0.04141656662665083,0.01725997842502691,0.06499608457321848,0.009793253536452662,0.0,-0.0051956486442603644
2004-08-01,0.03600807077448387,0.10522388059701493,0.04203341117298365,0.069501600365798,-0.0022831050228310223,-0.140371925614877,-0.5845070422535211,-0.5845070422535211,-0.5714285714285714,-0.588235294117647,-0.3114754098360656,1.2711864406779663,-0.8484848484848485,-1.3076923076923077,0.1428571428571428,-0.030634573304157642,-0.16986415016073841,-0.03956478733926794,0.0,-0.039999999999999925,-0.04841498559077806,0.016967126193001114,-0.0375000000000002,-0.0193965517241379,-0.01834862385321101,0.033458462542843126
2004-10-31,0.08284644194756563,0.26198514517218086,0.05343906223064998,0.11244121419410003,0.27803203661327225,0.45917655268667135,2.8983050847457625,2.8983050847457625,2.733333333333334,3.0,-0.6190476190476191,-0.6716417910447761,-0.6666666666666667,2.0,0.375,-0.01542513167795323,-0.1089319175515302,0.011328527291452062,0.27230046948356823,-0.015224358974359031,0.016353725015142206,0.01772679874869665,0.18029029793735685,0.003296703296703285,0.0,0.1343967150979155
2005-01-30,-0.021306032097399008,-0.1043338683788122,-0.061528391425298645,-0.14719446579554185,0.1987466427931961,0.06312769010043051,0.021739130434782705,0.021739130434782705,0.01785714285714257,0.01785714285714257,5.8125,0.18181818181818188,36.6,-0.41666666666666663,0.15909090909090917,0.09285441345051582,-0.11201458012056653,-0.010183299389002087,0.19926199261992616,-0.14157851912123665,0.05840286054827182,0.01741803278688514,0.22524271844660193,-0.016429353778751432,0.009345794392523477,0.050257552554642704
2005-05-01,-0.03689567430025442,-0.1523297491039427,-0.050566695727986,-0.14375844975214058,0.02165795369678869,-0.2190733243364822,-0.37872340425531914,-0.37872340425531914,-0.38596491228070173,-0.38596491228070173,-0.37614678899082565,0.05769230769230771,-0.36968085106382975,-3.7142857142857144,-0.37254901960784315,-0.0017482517482517723,-0.09930533628039151,-0.008230452674897082,0.024615384615384706,-0.1677725118483413,-0.0016891891891892552,0.017119838872104776,0.060750132065504614,-0.0033407572383074013,0.0,-0.010074231177094273
2005-07-31,-0.0054307940701600055,0.06553911205074003,0.01120293847566578,0.05368421052631578,-0.07163742690058483,-0.13709677419354838,-0.34246575342465757,-0.34246575342465757,-0.2571428571428571,-0.37142857142857133,-0.19852941176470584,1.9636363636363638,-0.810126582278481,-1.526315789473684,0.25,0.070753064798599,-0.026818580192813246,0.051867219917012486,-0.07207207207207211,0.04555808656036442,0.0642978003384096,0.0,-0.0667330677290836,0.04692737430167604,0.0,0.0112479914301018
2005-10-30,0.05726092089728452,0.26322751322751325,0.026334907373773975,0.21778221778221774,0.19133858267716541,0.40854472630173566,2.1458333333333335,2.1458333333333335,1.8076923076923075,2.318181818181818,-0.481651376146789,-0.7668711656441718,0.5333333333333334,-0.5,0.125,-0.022571148184494683,0.022334293948126804,0.10453648915187386,0.18446601941747587,0.053376906318082895,-0.06836248012718615,0.017821782178217838,0.12700106723585902,0.09818569903948782,0.0092592592592593,0.037341101694915224
2006-01-29,-0.002512562814070307,0.0020942408376962707,-0.022296938594938975,-0.05537325676784255,0.07138136153337737,0.08104265402843591,-0.1589403973509934,-0.1589403973509934,-0.1643835616438356,-0.1643835616438356,3.7433628318584073,0.21052631578947367,2.8840579710144927,43.4,4.933333333333334,-0.0026773761713519972,-0.025722339675827932,0.021428571428571352,0.08196721311475397,-0.15822130299896586,-0.09328782707622296,0.017509727626459304,0.07386363636363646,0.017492711370262315,0.0,0.06088843502680619
2006-04-30,0.014833473271760322,0.004179728317659448,-0.00959276018099553,0.1402518454190187,0.09808760024676122,-0.19508987286277946,-0.3464566929133859,-0.3464566929133859,-0.34426229508196715,-0.34426229508196715,-0.3880597014925373,0.17391304347826098,-0.9477611940298507,0.18468468468468457,0.9850187265917603,0.03389261744966432,-0.043218806509945806,0.009615384615384581,0.09090909090909105,-0.04422604422604426,0.011919698870765272,0.017208413001912115,0.08201058201058209,0.011461318051575908,0.0,-0.11935988449043433
2006-07-30,0.08521787093215671,0.09885535900104059,0.11513157894736836,0.12795125666412788,-0.006741573033707815,-0.3921568627450981,-0.7349397590361446,-0.7349397590361446,-0.6499999999999999,-0.7250000000000001,-0.24085365853658536,1.8888888888888888,-3.357142857142857,-0.5171102661596958,0.23962264150943402,0.13826679649464468,-0.13343413343413346,-0.09870129870129873,0.01388888888888884,0.04370179948586106,0.10911345319280863,0.016917293233082775,-0.08435207823960877,-0.015108593012275628,-0.0825688073394496,-0.02582319989069548
2006-10-29,-0.10749682337992372,-0.009469696969697017,-0.056702720419534614,-0.10972316002700877,-0.2828054298642534,0.9292114695340501,5.613636363636363,5.613636363636363,4.285714285714286,5.545454545454545,-1.3534136546184738,-6.256410256410256,-36.15151515151515,-4.362204724409448,-0.649923896499239,0.055603079555175405,0.023336968375136324,-0.009606147934678178,-0.2557077625570776,0.04064039408866993,0.11850195640022365,0.01848428835489835,-0.19670672007120615,-0.020134228187919545,0.010000000000000009,0.11262272089761582
2007-01-28,0.008684510250569488,0.027724665391969383,-0.02189020152883947,-0.05233219567690561,0.14747634069400628,0.04598235020901065,-0.020618556701030966,-0.020618556701030966,0.0,0.0,-5.7272727272727275,-1.0329268292682927,-0.8844827586206897,-1.5925058548009368,1.1,0.03106428957320362,0.06862745098039214,0.043646944713870095,0.14417177914110435,0.3857988165680475,0.036481759120439605,0.01814882032667886,0.13795013850415505,0.045009784735812186,0.0,0.08445733013992185
2007-04-29,-0.04671841919548336,-0.21209302325581392,-0.08756660746003553,-0.21408563425370153,0.11134020618556706,-0.17051509769094142,-0.23859649122807014,-0.23859649122807014,-0.22972972972972983,-0.23611111111111105,-0.2908653846153846,1.4444444444444446,2.253731343283582,-1.8260869565217392,-0.432712215320911,0.056588944197013324,0.09313921021140814,0.08271375464684017,0.11796246648793574,-0.07685738684884713,-0.0028929604628735728,0.017825311942959,0.16553067185978576,0.060861423220973654,0.01980198019801982,0.002557247471812296
2007-07-29,-0.04575066627183888,-0.06847697756788662,0.0025306599182401968,0.033604887983706755,-0.19913419913419916,-0.14668094218415417,-0.7188940092165899,-0.7188940092165899,-0.736842105263158,-0.7090909090909091,-0.8271186440677967,0.8787878787878789,-0.694954128440367,-0.014354066985645897,-0.7408759124087592,-0.02901066203818503,0.1060025542784162,0.07381974248927015,-0.1918465227817745,-0.1313598519888991,-0.0981624758220504,0.017513134851138368,-0.16081871345029242,-0.04148278905560454,0.11650485436893199,-0.09878260869565225
2007-10-28,0.0951124903025602,0.2788339670468949,0.07825242718446601,0.2866995073891625,0.16216216216216206,0.44165621079046424,3.4262295081967213,3.4262295081967213,3.7333333333333334,3.375,0.4509803921568627,-0.6693548387096775,-0.7593984962406015,-1.029126213592233,0.08450704225352124,-0.06409601634320727,-0.06400527878587914,-0.025579536370903266,0.16320474777448069,0.15867944621938235,-0.0857908847184986,0.018932874354561147,0.061224489795918435,-0.04235727440147341,0.01739130434782621,-0.006046571465328721
2008-01-27,-0.0257863417398696,-0.06937561942517345,-0.04898253196470381,-0.0964777947932619,0.05980066445182719,-0.0348128807658834,0.014814814814814836,0.014814814814814836,0.028169014084507005,0.014285714285714235,3.972972972972973,0.09756097560975618,8.0625,5.0,0.46753246753246747,-0.07257844474761244,-0.0361297144871342,-0.005742411812961423,0.0714285714285714,-0.2031250000000001,-0.06392961876832848,0.01858108108108114,0.08818011257035652,-0.009615384615384581,0.008547008547008517,0.03002847527828112
2008-04-27,-0.053664921465968574,-0.14270500532481367,-0.1268699110017042,-0.2953389830508475,0.18871473354231982,-0.15238954012623984,0.9416058394160585,0.9416058394160585,0.9589041095890412,0.971830985915493,-0.6413043478260869,-17.91111111111111,2.2655172413793103,-2.361111111111111,-0.4336283185840708,-0.02353633421594603,0.3218138599378313,0.39603960396039595,0.2142857142857142,-0.08881199538638984,-0.018796992481203034,0.018242122719734466,0.2560344827586205,0.3815533980582526,0.008474576271186418,0.21651168635335516
2008-08-03,-0.005071461502996755,0.05155279503105592,0.1181956191715463,0.4449789536981359,-0.3048523206751055,-0.14787234042553188,-0.8327067669172932,-0.8327067669172932,-0.8181818181818181,-0.8642857142857143,0.4545454545454546,-1.1892247043363995,-0.9672650475184794,-1.346938775510204,0.265625,0.045194335643266026,0.020888089638954277,0.02304964539007104,-0.28431372549019607,-0.139240506329114,-0.25415070242656457,0.01791530944625408,-0.3013040494166095,0.02389318341531954,0.0,-0.2722859208759425
2008-11-02,-0.04294099474822366,0.13171884229178965,-0.006012412723041094,0.014981273408239737,-0.1874051593323217,0.404494382022472,1.9213483146067416,1.9213483146067416,1.8076923076923075,2.7368421052631575,-1.078125,-0.9791666666666666,-1.6129032258064515,-2.0588235294117645,-0.2222222222222222,0.05650043240126834,0.06463414634146347,0.024263431542461023,-0.18356164383561646,0.476470588235294,0.046232876712328785,0.020000000000000018,-0.15078585461689586,-0.0027453671928618917,0.025210084033613578,0.11511710432931155
2009-02-01,-0.04599741768883148,-0.14509394572025047,-0.048975609756097604,-0.23534235342353427,-0.031746031746031744,-0.05688888888888888,-0.10384615384615381,-0.10384615384615381,-0.09589041095890405,-0.09859154929577463,-29.866666666666667,18.666666666666668,-19.736842105263158,-1.9444444444444444,0.26984126984126977,-0.08894952251023192,0.0656739213440245,0.0016920473773265332,-0.016778523489932806,0.11553784860557781,-0.09247135842880527,0.019607843137254832,0.014459224985540864,-0.02408809359944941,0.024590163934426146,0.11799898167006106
2009-05-03,-0.011673151750972721,-0.11599511599511603,-0.0332375871973738,-0.1243967828418231,0.08968177434908386,-0.20546654099905748,-0.2532188841201717,-0.2532188841201717,-0.24242424242424243,-0.234375,-0.10392609699769051,0.3728813559322033,-0.0674157303370787,-2.1176470588235294,-0.23750000000000004,-0.16082659478885897,-0.20733309447032133,-0.302927927927928,0.10238907849829348,-0.14642857142857135,-0.14066726780883687,0.019230769230769162,0.10262257696693267,-0.30394922425952053,0.0,0.009563930319936409
2009-08-02,0.036631290653885706,0.07113259668508287,0.1307300509337861,-0.0030618493570115923,-0.3557522123893805,-0.09371293001186243,-0.603448275862069,-0.603448275862069,-0.6,-0.6326530612244898,-0.07216494845360821,1.9012345679012346,-0.5632530120481928,-0.4736842105263158,-0.16393442622950816,0.01927194860813697,0.11842700015067043,-0.009693053311793154,-0.34674922600619196,-0.07531380753138084,0.4763903462749215,0.018867924528301883,-0.3784901758014477,-0.017223910840932,0.008000000000000007,0.0744332919815045
2009-11-01,0.06192206076618234,0.19406834300451314,0.02777777777777768,0.21867321867321876,0.3076923076923077,0.44175392670157065,3.4057971014492754,3.4057971014492754,3.3499999999999996,3.833333333333334,-1.1,-0.8170212765957447,-1.6965517241379309,-3.5,0.4901960784313726,0.11659663865546221,0.09255018186716968,0.049755301794453644,0.31753554502369674,0.7092760180995474,0.12224591329068923,0.0185185185185186,0.2312811980033278,0.0670103092783505,-0.015873015873015928,-0.02015324866169832
2010-01-31,-0.04338361063598195,-0.11879049676025921,-0.06391526661796931,-0.17691532258064513,0.07457983193277307,-0.0226963231956423,-0.14802631578947367,-0.14802631578947367,-0.14942528735632188,-0.14942528735632188,-15.777777777777779,0.2325581395348837,-5.366336633663367,0.48,0.48684210526315796,0.046723110693007275,0.03711467324290996,0.02331002331002341,0.08273381294964022,-0.20516214427531432,-0.030398986700443276,0.019636363636363674,0.12364864864864877,0.02898550724637694,0.0,0.07059453668987681
2010-05-02,-0.0269830949284785,-0.12316176470588236,-0.04603979711275852,0.2945499081445193,0.06842619745845546,-0.16302833255921967,-0.3513513513513513,-0.3513513513513513,-0.33783783783783783,-0.33783783783783783,-0.3176691729323309,0.37735849056603765,-0.2630385487528345,-1.8918918918918919,-0.2920353982300885,0.025164769322947755,0.002258946617524682,-0.013667425968109548,0.06976744186046524,-0.05328892589508749,-0.019595035924232618,0.019971469329529423,0.09801563439567063,-0.022535211267605604,0.008064516129032251,-0.3226936161697018
2010-08-01,0.04844637487470771,0.1788958770090845,0.09345603271983638,-0.023178807947019875,-0.1527904849039341,-0.15760266370699227,-0.32738095238095233,-0.32738095238095233,-0.3265306122448979,-0.36734693877551017,-0.4545454545454546,0.7945205479452055,-1.3353846153846154,-6.2727272727272725,2.175,0.04734073641145553,0.0027283511269278193,0.04618937644341803,-0.14285714285714302,-0.02110817941952492,0.047301798800799544,0.018881118881118875,-0.19222343921139107,0.0566762728146013,-0.008000000000000007,0.20682523267838682
2010-10-31,0.08636073932441035,0.2590397154712507,0.06863661866467186,0.20048426150121057,0.18898488120950319,0.43083003952569165,1.4690265486725664,1.4690265486725664,1.4848484848484844,1.6451612903225805,-1.1464646464646464,-0.8473282442748091,-0.3669724770642202,-0.7873563218390804,0.14566929133858264,0.01702008928571419,-0.0645924523837692,-0.04488594554819714,0.19565217391304346,0.1868823000898472,-0.038167938931297773,0.01853122855181888,0.0949152542372882,-0.026363636363636367,-0.024193548387096753,0.04884318766066853
2011-01-30,-0.03490759753593431,-0.09887005649717517,-0.004550227511375571,-0.025816861637757205,-0.1925522252497729,-0.02071823204419887,-0.14336917562724016,-0.14336917562724016,-0.12195121951219512,-0.13414634146341464,-18.655172413793103,1.25,-7.304347826086956,-0.08108108108108103,0.11683848797250862,-0.033744855967078324,0.008220564057164648,-0.04006163328197221,-0.1575757575757576,-0.19227857683573057,-0.013227513227513144,0.019541778975741275,-0.16346749226006196,-0.020541549953314697,-0.016528925619834767,-0.07504668534080305
2011-05-01,0.01823708206686936,-0.037617554858934144,-0.010372714486638568,-0.23933747412008277,0.19460067491563549,-0.1476257639868359,-0.2175732217573222,-0.2175732217573222,-0.19444444444444442,-0.19718309859154937,-0.267578125,0.288888888888889,-0.48275862068965514,2.6470588235294117,0.3815384615384616,-0.0394662123793299,0.03173607626693431,-0.0040128410914928025,0.19064748201438864,0.14058106841611995,-0.02680965147453085,0.01916721744877714,0.17320503330866033,0.0219256434699715,-0.025210084033613467,0.26523659305993674
2011-07-31,0.024179104477611846,0.06568946796959829,0.024338248356724046,0.08274360370168754,0.024482109227871973,-0.11362382790954217,-0.4652406417112299,-0.4652406417112299,-0.48275862068965514,-0.45614035087719296,-0.2426666666666667,1.3793103448275863,-0.5155555555555555,-0.717741935483871,0.07795100222717144,0.011823825007389877,-0.05434650455927048,-0.03787268331990323,0.027190332326283873,-0.15036976170912075,-0.02203856749311295,0.018806744487678495,0.0006309148264984632,-0.027052238805970186,-0.008620689655172376,-0.01575745487184599
2011-10-30,0.012532789274264156,0.08150789607743247,0.002601456815816805,0.02212166918049263,0.06709558823529416,0.3447417548226508,1.65,1.65,1.7333333333333334,1.6451612903225805,-0.7429577464788732,-0.7536231884057971,1.1009174311926606,-6.685714285714286,-0.41115702479338845,-0.06982179374817399,-0.031499100025713656,-0.021775544388609736,0.07058823529411762,-0.09477756286266925,-0.06971830985915484,0.01845957988542324,0.053593947036570055,-0.016299137104506256,-0.008695652173913104,0.058161921167291464
2012-01-29,-0.040731145653425394,-0.09656146961846446,-0.054142881854350455,0.05853418593212001,0.02928509905254084,-0.022674687644609004,-0.2264150943396226,-0.2264150943396226,-0.2195121951219512,-0.2195121951219512,4.5479452054794525,0.7941176470588236,0.3100436681222707,-1.185929648241206,0.12982456140350873,0.02606783919597988,-0.1079251294305057,-0.046232876712328785,0.038461538461538325,-0.040598290598290454,0.026495079485238326,0.018124999999999947,0.07301017354877315,-0.040935672514619825,-0.00877192982456143,-0.14650962367135878
2012-04-29,-0.025956489122280546,-0.07872784150156409,-0.0453547915142648,-0.11338289962825276,0.06443514644351467,-0.13778409090909094,-0.13658536585365855,-0.13658536585365855,-0.12499999999999989,-0.140625,-0.11111111111111116,0.16393442622950816,-0.2466666666666667,0.6486486486486487,0.18944099378881996,-0.0009182736455464191,-0.05714285714285716,-0.0053859964093357915,0.06613756613756627,-0.03897550111358572,0.028761061946902533,0.017802332719459635,0.0925822643614056,-0.014227642276422703,0.008849557522123908,0.03904409289801425
2012-07-29,0.005853357979051177,0.002263723825693287,0.07892720306513401,0.08490566037735858,-0.2940251572327044,-0.114222954420648,-0.28248587570621464,-0.28248587570621464,-0.267857142857143,-0.2727272727272727,-0.21666666666666667,1.211267605633803,-0.26991150442477874,-1.7868852459016393,-0.12532637075718012,0.009497549019607865,0.07954545454545459,0.04873646209386284,-0.29032258064516137,-0.05214368482039411,0.017921146953405076,0.017490952955368178,-0.2981112812659519,0.035051546391752675,0.01754385964912286,-0.07612568837058631
2012-10-28,0.33950995405819295,0.35573122529644263,0.35830965909090917,0.4937198067632851,0.22383073496659245,0.4482331060136391,0.9291338582677164,0.9291338582677164,0.902439024390244,0.95,-0.7127659574468085,9.280254777070065,-10.442424242424243,-1.5416666666666665,0.07761194029850738,0.03975720789074333,-0.012280701754386114,-0.0869191049913941,0.22377622377622375,0.4645476772616137,0.0014084507042253502,0.017190278601066922,-0.0865454545454547,-0.04681274900398413,-0.04310344827586188,-0.09244974287050034
2013-01-27,-0.017606036355321875,-0.0570595585172845,-0.02771241830065363,-0.06500646830530399,0.05550500454959062,-0.0012842465753424293,-0.22448979591836737,-0.22448979591836737,-0.21794871794871795,-0.23076923076923084,4.160493827160494,-0.9560099132589839,-1.193196405648267,0.8846153846153846,0.1357340720221607,0.04290718038528896,-0.012137359384250979,-0.0819981149858624,0.05428571428571427,-0.1477462437395659,0.06047819971870605,0.0337995337995336,0.07484076433121034,-0.047021943573667624,-0.03603603603603611,0.008499678042498404
2013-04-28,-0.01629233096706617,-0.03842756183745588,-0.040064533476741104,-0.09927360774818406,0.1353448275862068,-0.10244320617231029,-0.047368421052631615,-0.047368421052631615,-0.049180327868852514,-0.050000000000000044,-0.1267942583732058,0.2535211267605635,-0.2491694352159468,-0.12244897959183676,0.1048780487804879,0.16064931430170737,-0.004644890620317588,-0.05646817248459968,0.14092140921409224,0.1008814887365328,0.18037135278514582,0.0,0.15407407407407403,-0.027412280701754388,-0.028037383177570097,0.06755203677691224
2013-07-28,-0.015379155329468874,0.02021129995406512,-0.0037815126050420034,0.26036866359447,-0.07593014426727407,-0.38443170964660933,-1.87292817679558,-1.87292817679558,-1.8793103448275863,-1.8947368421052633,-0.5753424657534247,3.2696629213483144,-1.911504424778761,-2.2093023255813953,-0.11479028697571747,0.09910778876296122,-0.4246575342465754,-0.4156692056583242,-0.07838479809976251,-0.03647686832740216,0.08988764044943798,0.0163472378804963,-0.061617458279845994,-0.35851183765501693,-0.09615384615384626,-0.1905502392344498
2013-10-27,0.08794905683046972,0.164790634849167,0.08393083087304931,0.2504570383912248,0.1084634346754314,0.6795965865011637,-2.088607594936709,-2.088607594936709,-2.0784313725490198,-2.0588235294117645,-0.7548387096774194,0.002631578947368318,0.266990291262136,0.5769230769230769,-0.20448877805486287,-0.03532250987275121,-0.2009419152276295,-0.16759776536312854,0.10309278350515472,0.046168051708217916,0.5737113402061857,0.017193566278424832,0.019151846785225635,-0.14059753954305798,-0.02127659574468077,-0.06842027486330726
2014-01-26,-0.10336830480397574,-0.15964437572477774,-0.12840466926070038,-0.22295321637426901,0.04521868050407707,0.05357967667436481,0.8895348837209303,0.8895348837209303,0.8909090909090909,0.9074074074074074,7.552631578947368,-2.254593175853018,-4.118773946360154,-0.6829268292682926,-0.08150470219435735,-0.06754605412781445,0.28683693516699416,0.37136465324384793,0.0490654205607477,-0.1544571932921448,0.11922698984605318,0.01690294438386042,0.16577181208053693,0.35787321063394684,0.0,0.0813769035532994
2014-04-27,-0.019091021061707125,-0.10441582336706534,-0.051636904761904745,-0.11665098777046101,0.13617021276595742,-0.13634370889960545,-0.4338461538461539,-0.4338461538461539,-0.4326923076923077,-0.4368932038834952,0.23076923076923084,-1.1799163179916319,-0.5221130221130221,1.7307692307692308,-0.24232081911262804,0.03756097560975613,-0.04580152671755733,0.019575856443719397,0.1358574610244987,-0.01148225469728592,-0.23617208077260754,0.0171581769436997,0.1583189407023604,0.02259036144578319,0.0,0.013935748863136421
2014-08-03,0.018709191361125033,0.07858243451463798,0.021496940216538585,0.061057862974795984,0.00811485642946308,-0.05989847715736041,-0.2554347826086957,-0.2554347826086957,-0.27118644067796605,-0.2413793103448275,-0.6599999999999999,0.6860465116279071,-1.0437017994858613,-1.1408450704225352,0.04504504504504503,0.03502585801598501,0.45999999999999996,0.5744,0.007843137254901933,-0.08870116156282992,0.028735632183908066,0.016341591987348636,-0.010437375745526833,0.4565537555228276,0.07608695652173902,0.01649305555555558
2014-11-02,0.02267964994453342,0.12285714285714278,0.027803379416282636,0.0598862495818,0.0018575851393189957,0.2176025917926565,0.7080291970802919,0.7080291970802919,0.7441860465116279,0.6818181818181819,0.38235294117647056,-0.5586206896551724,-7.529411764705882,-0.30000000000000004,0.030172413793103425,-0.020440608675902805,0.029589041095890334,0.10060975609756095,0.0038910505836575737,-0.02780996523754342,-0.3798882681564246,0.016078838174273802,-0.020592667001506748,0.06471183013144599,0.04040404040404044,0.0593509820666096
2015-02-01,-0.04748704350970234,-0.11365564037319764,-0.045135256314452255,-0.10037878787878785,-0.056860321384425205,-0.009312638580931232,-0.11538461538461542,-0.11538461538461542,-0.12,-0.108108108108108,1.106382978723404,0.234375,2.036036036036036,-6.428571428571429,-0.15899581589958156,0.04521214931602113,-0.14990243037076456,-0.1283471837488458,-0.05232558139534893,0.04171632896305111,-0.029429429429429388,0.01582440020418585,-0.009743589743589798,-0.1291547958214625,0.0,-0.014778986967620589
2015-05-03,-0.018220928761229938,-0.0899521531100479,-0.0336515886680232,-0.18491228070175436,0.04652686762778502,-0.14950760966875565,-0.12077294685990336,-0.12077294685990336,-0.10606060606060619,-0.12121212121212133,-0.022727272727272707,0.2278481012658229,-0.21958456973293772,-1.763157894736842,0.14427860696517403,0.028837622005323915,-0.0018781302170284286,0.004237288135593209,0.05112474437627812,0.0846681922196797,0.18626237623762387,0.01557788944723626,0.06576903158984981,0.005452562704471031,0.0,0.11659620891858724
2015-08-02,0.042531254027580845,0.09989484752891697,0.08730158730158721,0.20792079207920788,-0.13587977457733247,-0.10894736842105268,-0.6263736263736264,-0.6263736263736264,-0.6440677966101696,-0.6206896551724137,-0.4547803617571059,2.7422680412371134,-1.703422053231939,-0.2068965517241379,0.10000000000000009,0.01832686502802927,-0.05582270541501155,-0.09071729957805907,-0.13424124513618663,-0.030590717299578185,0.018257694314032236,0.015338941118258287,-0.17103984450923226,-0.07266811279826457,-0.01941747572815533,-0.08952125061064964
2015-11-01,0.026579305229323724,0.11711281070745705,0.026962609861462816,0.03492516037063442,0.02463768115942022,0.3012404016538688,1.8529411764705883,1.8529411764705883,2.0,1.8181818181818183,0.033175355450236976,-0.8126721763085399,-1.7351351351351352,-0.5652173913043479,0.03952569169960474,0.03324158373914887,-0.025465013286093963,-0.058004640371229765,0.024719101123595433,0.19368879216539736,0.13627049180327866,0.015107212475633514,-0.0017584994138335475,-0.05146198830409354,-0.00990099009900991,0.07954393024815554
2016-01-31,-0.02709537572254339,-0.08771929824561409,-0.04917319408181031,-0.11639118457300279,0.07920792079207928,-0.0009078529278256919,0.365979381443299,0.365979381443299,0.3492063492063491,0.37096774193548376,1.334862385321101,0.044117647058823595,1.8676470588235294,3.3,0.16349809885931554,0.069672131147541,0.08907066575778244,0.08374384236453203,0.08333333333333348,0.04375569735642659,0.13165013525698832,0.015362457993278955,0.10921902524955973,0.09371146732429092,-0.010000000000000009,0.03243041749502984
2016-05-01,0.00024755539051857234,-0.04221388367729828,-0.02257818459191452,-0.07365549493374901,0.09829619921363042,-0.15038618809631987,-0.30188679245283023,-0.30188679245283023,-0.2941176470588235,-0.3058823529411765,-0.10412573673870329,0.3380281690140845,-0.22564102564102562,0.7906976744186047,0.25163398692810457,0.15383141762452102,-0.00897141664928025,-0.005681818181818232,0.0991902834008096,0.06462882096069866,0.0569721115537849,0.014657210401891385,0.09793541556379037,0.007891770011273946,-0.010101010101010055,0.033939102178360825
2016-07-31,-0.03019428288578141,-0.06562193927522042,-0.01607616669267986,0.07488430795119894,-0.09009546539379476,-0.09786096256684496,-1.4378378378378378,-1.4378378378378378,-1.4500000000000002,-1.457627118644068,-0.38596491228070173,0.26315789473684204,-0.19536423841059603,-2.12987012987013,-0.22715404699738906,0.05761248547235609,-0.22799999999999987,-0.2034285714285714,-0.0883977900552485,-0.037735849056603654,0.05314738032416133,0.014445479962721386,-0.0617164898746384,-0.20917225950782992,0.010204081632652962,-0.13071819345827018
2016-10-30,0.025775169069797155,0.12473794549266248,0.021732233502538056,0.08023483365949113,0.041967213114754154,0.3052756372258447,-4.604938271604938,-4.604938271604938,-4.518518518518518,-4.481481481481481,-0.21071428571428574,-0.5666666666666667,-0.2880658436213992,-0.9310344827586207,-0.020270270270270285,-0.09701726844583991,0.14153258794655033,0.18364418938307048,0.04646464646464632,-0.009377664109121997,0.14996420901932717,0.016077170418006492,0.015930113052415207,0.1739745403111741,0.0,0.04110873058382425
2017-01-29,-0.05834058962557531,-0.11649580615097854,-0.054339388293743185,-0.11739130434782608,-0.07488986784140972,-0.014078110808356081,-0.654109589041096,-0.654109589041096,-0.6526315789473685,-0.6489361702127658,1.0180995475113122,0.5384615384615385,0.9942196531791907,-4.166666666666666,0.06551724137931036,0.009214186369958188,-0.24128045867176307,-0.2351515151515151,-0.06756756756756754,-0.03528399311531827,-0.14379084967320266,0.015822784810126445,-0.01770359129994925,-0.24457831325301205,0.02020202020202011,0.0010289389067523746
2017-04-30,-0.015719947159841485,-0.05590717299578063,-0.021342965030372696,-0.03448275862068961,0.007482993197278853,-0.14647627821280518,0.7425742574257426,0.7425742574257426,0.7575757575757573,0.7575757575757573,-0.22869955156950672,-0.03749999999999998,-0.24057971014492752,-0.7894736842105263,0.012944983818770295,0.03600344530577093,0.013224181360201426,0.0015847860538826808,0.012422360248447228,0.11061552185548607,0.37477280988731354,0.015576323987539054,0.023686920700308978,-0.01594896331738449,0.00990099009900991,-0.022099447513812098
2017-07-30,0.036907797611059,0.06145251396648055,0.020130850528434774,0.01828231292517013,0.10533423362592842,-0.10199676200755536,0.8068181818181819,0.8068181818181819,0.8103448275862071,0.7931034482758623,-0.18604651162790697,1.064935064935065,-0.5,0.5,0.019169329073482455,-0.08746258729630862,0.7849596022374148,0.822784810126582,0.11451942740286314,-0.0987951807228915,-0.08170280274986785,0.015337423312883569,0.06589537223340036,0.8217179902755267,0.009803921568627416,0.042307186966233035
2017-10-29,0.0025886616619208436,0.05052631578947375,-0.003946719289590561,0.07849686847599169,0.026878436163714214,0.2986778846153846,-0.1352201257861635,-0.1352201257861635,-0.1333333333333333,-0.125,-0.3285714285714286,-0.6037735849056604,1.1297709923664123,-27.0,-0.4890282131661442,-0.09456997084548113,-0.033600278551532026,-0.00954861111111116,0.025688073394495303,-0.1871657754010696,-0.5050388712928303,0.015105740181268867,0.02406795658329397,-0.014234875444839923,0.0,-0.025967477625110202
2018-01-28,0.07616834495223346,-0.034068136272545124,0.05448241703813772,0.16608594657375142,0.15526472337894104,0.008792225821379063,0.036363636363636376,0.036363636363636376,0.0439560439560438,0.0439560439560438,1.5106382978723403,11.095238095238095,-2.1362007168458783,-1.2115384615384615,0.2024539877300613,-0.03260213322600114,0.12664384795532313,0.18229623137598594,0.15563506261180682,-0.05701754385964908,-0.022105875509016992,0.01488095238095255,0.07373271889400934,0.21028880866426003,-0.01941747572815533,-0.17160605668435358
2018-04-29,0.7473608445297504,0.20798755186721984,1.0596524189760452,0.1298140770252325,-0.2770339855818743,-0.025229357798165153,-2.378947368421053,-2.378947368421053,-2.378947368421053,-2.378947368421053,-0.22881355932203384,7.114173228346457,17.381703470031546,-0.9090909090909091,0.015306122448979664,-0.0857083420012481,-0.534537895746722,-0.6249073387694588,-0.2770897832817337,-0.2093023255813954,-0.24866151100535383,0.014662756598240456,-0.5862660944206008,-0.5548098434004474,-0.15841584158415845,0.06920793625995936
2018-07-29,-0.0025401620211451537,-0.01416917131816231,7.601672367929524e-05,0.05612694681163677,-0.028490028490028463,0.04423529411764715,-1.2391857506361323,-1.2391857506361323,-1.2442748091603053,-1.2366412213740459,-0.228021978021978,-0.9694323144104804,-1.0099536639780333,8.0,0.13567839195979903,-0.14084186575654167,-0.43868086568189635,-0.5434782608695652,-0.027837259100642386,0.18970588235294117,0.8804433887569278,0.014450867052023142,-0.025933609958506243,-0.49581239530988275,-0.09411764705882353,-0.06662770309760369
2018-10-28,0.003992015968063978,0.09799651567944245,0.0012161751292185663,0.018920422927100722,0.030791788856304958,0.21406038756196488,1.0638297872340425,1.0638297872340425,1.0,1.064516129032258,-0.1779359430604982,-0.47089947089947093,1.5517241379310347,-1.7777777777777777,-0.09292035398230092,0.05773305084745761,-0.2796817625458996,-0.4025974025974026,0.028634361233480066,0.08776266996291726,0.9553684210526314,0.014245014245014342,0.026624068157614422,-0.3521594684385382,-0.07792207792207795,0.07764558547276135
2019-01-27,-0.03859601014602043,-0.08964696548988493,-0.03234133009413909,-0.09912616056799561,-0.0974395448079659,0.007052709725315465,-1.3041237113402062,-1.3041237113402062,-1.3125,-1.3125,1.6623376623376624,0.030000000000000027,2.47972972972973,-0.9047619047619048,-0.009756097560975618,-0.07861792689033553,-2.023789294817332,-1.8260869565217392,-0.09850107066381153,-0.10454545454545461,0.34302325581395343,0.014044943820224587,-0.06120331950207469,0.0,-0.042253521126760396,0.010604299825682784
2019-04-28,-0.01825442099258412,-0.058387799564270204,-0.016868037031225525,0.06426189754471046,-0.03230890464933023,-0.19719867305565797,-2.423728813559322,-2.423728813559322,-2.4000000000000004,-2.4000000000000004,-0.5089430894308944,-0.8155339805825242,-0.4601941747572815,-2.5,-0.0049261083743842304,-0.016304347826086807,-2.9726141078838175,-2.9298245614035086,-0.030878859857482177,0.09137055837563457,0.0,0.013850415512465464,-0.01436464088397782,0.6358974358974359,0.014705882352941124,-0.11527957452925097
