Quarter end,Assets,Current Assets,Liabilities,Current Liabilities,Shareholders equity,Revenue,Earnings,Earnings available for common stockholders,EPS basic,EPS diluted,Cash from operating activities,Cash from investing activities,Cash from financing activities,Cash change during period,Cash at end of period,Price,ROE,ROA,Book value of equity per share,P/B ratio,P/E ratio,Cumulative dividends per share,Equity to assets ratio,Net margin,Asset turnover,Current ratio
1996-03-31,0.3096775579046136,0.05606807618241039,0.344522035534373,-0.4724434596882049,0.06302963981156506,0.5887664572348688,-17.04421768707483,-17.04421768707483,-14.933333333333334,0.0,-4.272111913357401,14.500981803901034,0.4273089677555917,-1.6457288041505649,-0.44057278540941336,0.11386138613861396,0.013157894736842035,0.15163934426229497,0.1858974358974359,0.7339449541284402,-0.06415620641562059,,-0.09223300970873782,0.21693907875185747,0.0,1.0018183654914639
1996-06-30,0.3096775579046136,0.05606807618241039,0.344522035534373,-0.4724434596882049,0.06302963981156506,0.5887664572348688,-17.04421768707483,-17.04421768707483,-14.933333333333334,0.0,-4.272111913357401,14.500981803901034,0.4273089677555917,-1.6457288041505649,-0.44057278540941336,0.11386138613861396,0.013157894736842035,0.15163934426229497,0.1858974358974359,0.7339449541284402,-0.06415620641562059,,-0.09223300970873782,0.21693907875185747,0.0,1.0018183654914639
1996-09-30,0.2696944546752571,0.783185671732987,0.1695996387887082,0.2154073177191722,1.1658381038465402,0.4088948947755411,1.2751748993004028,1.2751748993004028,-0.6363636363636364,0.0,1.8491242587229348,0.20991960274296528,1.2700297836054228,-3.019375743949213,1.5903445043355986,0.11386138613861396,0.013157894736842035,0.15163934426229497,-0.3567567567567568,0.7339449541284402,-0.06415620641562059,,3.5828877005347586,0.21693907875185747,0.0,0.46714775938635444
1996-12-31,0.023430678035303965,-0.08347342834809235,-0.00841498752558123,0.1669416599215492,0.17739766522530465,-0.13024528541405134,-0.6704248975027953,-0.6704248975027953,-0.881578947368421,0.0,0.6548235635800377,-0.5985593533841933,-0.8701030029833845,-0.9912728820774798,0.005358022457452538,0.11386138613861396,0.013157894736842035,0.15163934426229497,0.07563025210084051,0.7339449541284402,-0.06415620641562059,,0.1505250875145856,0.21693907875185747,0.0,-0.2145977367316756
1997-03-31,-0.014995898914304306,-0.146652491135425,-0.014297148550093786,0.03352052181568377,-0.01784105510345746,-0.3637837925498273,-2.1422109132032796,-2.1422109132032796,-3.2222222222222223,0.0,-0.6991839003129845,-0.7208158013701012,-0.9192372170997485,-8.215759849906192,-0.038456154384561514,0.10666666666666669,0.013157894736842035,0.15163934426229497,-0.0234375,0.031746031746031855,-0.06415620641562059,,-0.0030425963488843744,0.21693907875185747,0.0,-0.1743014802487518
1997-06-30,0.16388211666531993,-0.20821182623458057,0.19171359426344625,1.4889135541157947,0.05014962181019844,0.7267976855038107,-3.3267326732673266,-3.3267326732673266,-3.25,0.0,-0.36639439906651106,11.732141745033319,63.96938245978204,17.910036401456058,-0.756291335634957,-0.08032128514056236,0.013157894736842035,0.15163934426229497,0.04800000000000004,-0.06153846153846143,-0.06415620641562059,,-0.09766022380467954,0.21693907875185747,0.0,-0.6818712209610693
1997-09-30,0.15824575722989698,1.5388878322065258,0.17174029396022883,-0.11366582661813052,0.09566699123661149,0.3714129664619745,1.0369148936170212,1.0369148936170212,1.0222222222222221,0.21333333333333337,6.616482504604051,-0.9591713950303268,0.06897983961148912,-3.4077934220657795,7.472008875234682,0.07423580786026207,0.33166833166833176,0.15163934426229497,0.09160305343511443,0.027322404371584508,1.69150521609538,,-0.05411499436302136,0.3089133089133089,0.0,1.8644548182727574
1997-12-31,0.009495112089692226,-0.4327579572503175,0.0022698205225506474,0.044814715139885,0.045327617827846556,-0.17721328238523226,-0.46769728939259414,-0.46769728939259414,-0.3846153846153846,0.0,-0.15307582260371955,19.76362765065293,-1.109951282204555,-1.833725458843953,-0.7556635608159153,-0.14634146341463405,0.18529632408102015,0.15163934426229497,0.04195804195804209,-0.21808510638297873,-0.2558139534883721,,0.035756853396901045,0.17164179104477606,-0.0434782608695653,-0.4570746755136488
1998-03-31,0.21517050507040048,0.29971544861866506,0.2625845749342681,-0.44137278398082713,-0.010285218956808784,-0.2785939482738321,-1.299941130298273,-1.299941130298273,-1.2678571428571428,-1.164835164835165,-0.9156594975256948,-0.10996226502186779,-14.534352701325178,-1.331835585662719,0.9986395399171357,-0.07142857142857151,-0.014556962025316422,-0.09252669039145911,-0.006711409395973145,-0.10884353741496589,-0.3251488095238094,,-0.1858457997698505,-0.027866242038216527,-0.045454545454545525,1.3265437392795882
1998-06-30,0.013201859010534056,0.11683848797250862,0.007303855522213132,-0.03297815823501704,0.04897931684969348,1.567721461601233,-4.803074910042525,-4.803074910042525,-4.866666666666667,-4.666666666666667,4.508603667136812,-0.866021418939944,-0.9772140712399201,-0.9298408570190104,0.03505569306930689,0.23589743589743595,0.018625561978163008,-0.03137254901960784,0.04054054054054057,0.2442748091603053,0.20066152149944871,,0.035335689045936425,-0.15233415233415237,0.1428571428571428,0.1549165975486131
1998-09-30,-0.01479310995847083,0.007510339123242282,-0.03366822154581495,0.0006426668601577923,0.09515494540783553,0.31481599186423437,0.9847755031825218,0.9847755031825218,0.9827586206896552,0.9818181818181817,1.5531544448996315,3.5657811970774667,8.864257382106654,-0.9232127096204766,0.0026006636176127973,0.004149377593360981,0.05548549810844894,0.05263157894736836,0.09740259740259738,-0.036809815950920144,-0.04958677685950419,,0.11194539249146751,-0.11980676328502415,0.20833333333333326,0.006862432173635469
1998-12-31,0.0321455627398739,-0.14002774858794165,0.02831543621289412,0.2697881597348113,0.05183176028589753,-0.07058987828590457,-0.3918093174431203,-0.3918093174431203,-0.4,-0.42201834862385323,0.9716394560551969,0.4558239103019255,-0.21850147439907064,-16.662835249042146,-0.0406281057443848,0.15702479338842967,0.04301075268817223,0.034615384615384714,0.047337278106508895,0.0573248407643312,0.05603864734299524,,0.01903007980356053,-0.09769484083424818,0.13793103448275867,-0.322753209700428
1999-03-31,0.48214808328311,2.817124337121664,0.45095563045257214,-0.006869039558162537,0.6388875337147955,-0.15672823523972446,-0.7256662391335329,-0.7256662391335329,-0.7246376811594203,-0.7142857142857143,-0.6604443449777218,0.8096714783836707,22.37266672383729,-148.36423679060664,6.24067666680479,0.40000000000000013,-0.05841924398625442,0.018587360594795488,0.22033898305084754,0.3313253012048194,0.35315645013723684,,0.10542168674698793,-0.010948905109488982,0.030303030303030276,2.8436018957345968
1999-06-30,-0.004996577633095689,-0.4075158278302211,-0.027064656262232645,0.0463540254811603,0.0931778314072782,0.30678555029366805,3.5610389610389612,3.5610389610389612,2.4210526315789473,2.4444444444444446,-0.24575331795440247,0.3746098149637973,-1.0759717530569464,-1.6285761713076317,-0.5417643717710818,0.5,-0.07785888077858871,0.0036496350364962904,0.09259259259259256,0.23076923076923084,0.29817444219066935,,0.09863760217983653,0.03444034440344401,-0.02941176470588236,-0.43377327183328007
1999-09-30,0.0675513285616236,-0.2951948992104413,0.05118285655054988,0.27947087454859476,0.08543025361437939,0.38269429453998116,1.4440205011389522,1.4440205011389522,0.2153846153846155,0.19354838709677424,3.2759374006990782,-0.14948145893810283,-1.5857078463569336,-0.6128238307761376,-0.45775195371651045,0.6003401360544218,0.12994722955145122,0.19272727272727286,-0.05932203389830493,0.46691176470588225,0.5557291666666668,,0.016865079365079305,0.20451843043995255,-0.030303030303030276,-0.4491343155177976
1999-12-31,0.4664298790333099,0.5763408725441168,0.25924894336511817,0.6892421723044073,0.7285793899818833,-0.06125970991625196,-0.28312789803574345,-0.28312789803574345,-0.3417721518987342,-0.3513513513513513,-0.09079339718163326,1.0968566572393907,17.889646263364757,-2.1983739393774044,1.0116366777026053,0.4293304994686502,-0.114419147694104,-0.018292682926829396,0.716216216216216,0.5187969924812028,0.23803146970204203,,0.1790243902439026,0.10760118460019741,-0.09375000000000011,-0.0668618838457784
2000-03-31,0.13523629336161935,-0.1829227519338612,0.0648819323109262,-0.032639451384071094,0.02159476359896839,-0.048869279223586526,-0.41081063511668725,-0.41081063511668725,-0.4423076923076924,-0.4374999999999999,-0.7551416573863114,-0.07355897106046017,-0.3570617901178881,-1.5622211091885985,-0.28273668965082965,0.7412639405204464,-0.04548450889914302,-0.01552795031055898,0.013123359580052396,0.014851485148514865,0.5638182801514333,,-0.10012412081092259,0.04010695187165769,-0.06896551724137923,-0.1553347280334728
2000-06-30,0.22259598324232432,0.22044053232151328,0.3289883821754076,0.14213085515817148,0.06127272155321917,0.5449443929958113,1.8524300766811939,1.8524300766811939,0.4137931034482758,0.37037037037037024,-0.4283568388550446,0.3618372230182443,0.5669805620243196,-0.36410204494837006,-0.2506634316475851,0.1387702818104184,0.11533149171270707,0.07886435331230301,0.059585492227979264,0.12357723577235769,0.024900570638077157,,-0.13195402298850578,0.10796915167095111,-0.03703703703703709,0.06854489164086686
2000-09-30,0.30574876838665643,2.014354267513254,0.06967156153940146,0.17797145092676003,0.9046407450434817,0.8667108443342142,1.821200634355781,1.821200634355781,0.3170731707317074,0.2702702702702702,13.627226277372262,-0.30324185764022105,0.7771177518100165,-15.250310440347693,4.766925661822268,0.5841769778777652,0.22414860681114535,0.35380116959064334,0.7286063569682153,0.4949348769898698,0.27855576176817953,,0.45868644067796605,0.24980665119876244,0.1153846153846152,1.5589615808077881
2000-12-31,0.34604664356362136,-0.15081891997108055,0.5543811297793464,2.2630465542695912,0.12290162598728194,0.48008590480651536,-0.26137119274985776,-0.26137119274985776,-0.2962962962962963,-0.2978723404255318,1.0573123811709988,2.1449476896657926,-0.36737964568039394,-1.5521031281874254,-0.4563670010785893,0.008520710059171543,0.04552352048558417,0.03239740820734349,0.11032531824611014,-0.4162633107454017,-0.332541567695962,,-0.1659404502541757,-0.1231435643564357,0.1724137931034484,-0.7397644927536232
2001-03-31,0.18296210113382028,0.5600524826168076,0.2689627511881316,0.21745701304832732,0.03237385627694178,0.22395321735201534,-0.12036641731479591,-0.12036641731479591,-0.13157894736842102,-0.09090909090909094,-1.2183976073990166,-0.45864062342348755,0.6489162034426101,-1.5693689573814544,0.47797172743919636,0.021356489087068775,0.020803096274794486,-0.01673640167364021,-0.015286624203821542,-0.08126036484245447,-0.1824831949387109,,-0.12712233347845003,-0.13832039520112915,0.1470588235294117,0.2814131569787677
2001-06-30,0.3906879758197159,0.6739992443526812,0.49244439892698666,1.1077895044473216,0.23324226232002876,0.311439859690092,0.13598235858910912,0.13598235858910912,0.09090909090909083,0.06666666666666665,-3.118659691911283,1.051518915594361,0.5928887905505897,0.2938400247351456,0.42690491323201685,0.07490808823529416,-0.07867298578199056,-0.12765957446808507,0.20827943078913314,0.09205776173285196,-0.11970979443772678,,-0.11321695760598505,-0.1744471744471744,0.0512820512820511,-0.20575852234143688
2001-09-30,0.1741811397856241,-0.26019046674554813,0.22543781607997904,0.1562913081764108,0.0154997547218243,0.8080189822757278,1.9796033994334277,1.9796033994334277,1.916666666666667,1.75,1.0286692318176578,0.7721421036374538,0.05841616313386688,-3.1016914701342078,-0.6162977640311875,-0.30632749038050444,0.26234567901234573,0.09756097560975596,0.013918629550321304,-0.42644628099173554,-0.37225274725274715,,-0.13554555680539937,-0.07440476190476197,0.1707317073170731,-0.36020861833105333
2001-12-31,0.1329136717803825,0.5437757291011422,0.1640146763204,-0.06929448751987832,0.041025240263671936,-0.37205587590295963,-0.6107718540269764,-0.6107718540269764,-0.6285714285714286,-0.3522727272727273,-0.8204567007671973,-0.5775178159588532,0.1017759332418049,-2.3758263128866908,2.20214159462943,-0.4012326656394454,-0.04482477587612066,-0.14888888888888885,0.0337909186906018,-0.40922190201729114,-0.5352297592997812,,-0.08067664281067011,-0.08467309753483376,-0.06249999999999989,0.6586930375517843
2002-03-31,-0.031242704181438152,-0.4245804703044288,-0.03533582087155929,-0.10524807995941576,-0.01750433223752723,-0.05068069208929249,-1.5947831240389543,-1.5947831240389543,-1.6153846153846154,-1.4210526315789473,3.9789154025503004,-0.07094335851763556,-1.0664725859197368,-2.05883587851522,-0.7307149454870373,-0.39732372619660317,-0.3016211604095562,-0.34725848563968664,-0.19203268641470883,-0.41463414634146334,-0.4670433145009416,,0.01415428167020516,-0.30679156908665106,-0.06666666666666676,-0.3569126651627458
2002-06-30,0.07683766370439948,0.16704146809996057,0.04086825269153982,-0.1961586135591824,0.3076499955542349,0.11704164933698502,-1.9764229065399168,-1.9764229065399168,-1.8333333333333335,-1.7916666666666667,-0.6603506337712642,-0.03449873349451793,-8.904515225319587,-1.1058588160355989,0.2872518087893041,-0.1947053800170795,-0.14783139890042762,-0.14400000000000013,0.2983565107458912,-0.008333333333333304,0.08833922261484095,,0.21423586880669898,-0.10979729729729737,-0.023809523809523836,0.45189175645201707
2002-09-30,0.020674559517935842,-0.00528735649267309,0.01436679437473587,0.04859568402944481,0.013800913166453821,0.2848914876151376,1.2249848309338627,1.2249848309338627,1.15,0.894736842105263,1.7367659574468086,-0.4911566639532302,-0.6403877853211521,0.10959786431628449,0.24760811472728061,-0.4878048780487805,-0.4071684587813621,-0.3878504672897196,0.009737098344693162,-0.6050420168067228,-0.43993506493506496,,-0.006896551724137834,-0.3263757115749526,-0.09756097560975607,-0.05134178962809566
2002-12-31,0.02369686962054307,-0.1647553916632052,0.03556703465619404,0.46484521133938284,-0.017679611551448038,-0.48587941531296464,-1.253974353412211,-1.253974353412211,-1.255813953488372,-1.3055555555555556,-0.11854028671828842,0.0008898021480354679,-0.5280395821587283,-2.1375422945610913,-0.12158364332554183,-0.35403726708074534,-0.6070133010882708,-0.5954198473282443,-0.025072324011571778,-0.36170212765957444,0.02898550724637672,,-0.0405092592592593,-0.552112676056338,-0.08108108108108103,-0.4298708386392577
2003-03-31,0.040289332342302364,0.18773003940018684,0.042811082931572875,0.20427789167260757,0.017771424803357583,0.7043857816417407,0.26936404900190336,0.26936404900190336,0.27272727272727293,0.27272727272727293,-0.4165940497652152,-0.2443733721644218,-0.4706872792433485,0.35246248363379995,-0.3475994243174123,0.10897435897435903,0.11384615384615393,0.15094339622641506,0.016815034619188873,0.13333333333333353,3.873239436619719,,-0.02171290711700835,0.11949685534591192,0.0,-0.013720485003190896
2003-06-30,0.0767523057765842,0.11562994201370591,0.08679678419510428,-0.3306968150645151,0.019477508233920915,-0.00010108508665640503,-0.5507920639803138,-0.5507920639803138,-0.5714285714285715,-0.5714285714285715,-1.314833068266341,0.6834681129543514,7.039336075988734,-1.1981641173813105,0.10553170553646662,0.5289017341040463,-0.6823204419889504,-0.6885245901639345,0.014591439688715901,0.5,0.019075144508670316,,-0.053020961775585795,-0.6910112359550562,0.0,0.6669362665803946
2003-09-30,0.0007348944407925551,0.1316640172264243,-0.013968581436829774,-0.20043829933458635,0.10401335893094532,0.2292123349081634,-11.176410168621073,-11.176410168621073,-11.166666666666666,-9.5,-2.114572729193477,-0.33825201983851116,0.1374977756802549,12.821500150315662,1.320044789617996,0.20793950850661624,1.608695652173913,1.5789473684210527,0.023969319271332612,0.196078431372549,6.249007373794669,,0.10351562500000022,1.6545454545454548,0.0,0.41533236293061626
2003-12-31,0.048680577261226876,0.03690967719615523,0.1031906747002751,0.09417535233108998,0.0473237029851965,-0.3077815079078883,-0.49692575552396734,-0.49692575552396734,-0.5245901639344263,-0.5294117647058824,1.0546460329496106,0.2598584203512393,-0.43887385527242695,-0.9598802970460342,0.022826275276588426,-0.33333333333333337,1.2200000000000002,1.2244897959183674,0.041198501872659055,-0.34426229508196715,-0.8333333333333333,,-0.0011799410029499358,1.1643835616438358,0.0,-0.05231402125471363
2004-03-31,0.0021281183970132123,-0.036902524596218234,0.006354900933634111,0.019468053429211984,-0.008199291404300979,0.09819959259794886,-1.5951413619568307,-1.5951413619568307,-1.5862068965517242,-1.7083333333333335,-2.4529427059307034,-0.8948546223835565,-1.2772152928932965,-19.478449444293847,-0.4123810503263743,0.26291079812206575,-0.10360360360360366,-0.09174311926605494,-0.008992805755395628,0.19999999999999996,-0.5408450704225353,,-0.010632014176018889,-0.05063291139240522,-0.02941176470588236,-0.05527420054984811
2004-06-30,0.002913671854413824,-0.016091908711276526,0.0034349214275330997,0.00905133535566005,0.0038244851704927196,0.1331037068875205,-0.5968929093156534,-0.5968929093156534,-0.588235294117647,-0.588235294117647,-2.0692316573341802,0.34536436367712375,-2.1297324646607243,-1.6386936983193237,0.44822444595438604,-0.25464684014869887,-0.05360134003350081,-0.04040404040404055,-0.05898366606170602,-0.25,-0.2116564417177914,,0.0011940298507462366,-0.036666666666666625,0.0,-0.024965538367284434
2004-09-30,0.036045681031706245,0.43539703208612957,0.03574948500042918,0.4544057313694938,0.035592236373345854,0.10479669787966484,-5.917590075963481,-5.917590075963481,-5.571428571428571,-5.571428571428571,0.17629560043839043,1.2343574255363468,2.3889970142651773,1.4644887396785173,0.7627575290481037,-0.08478802992518697,-0.38761061946902664,-0.3894736842105263,-0.13982642237222753,-0.02777777777777779,-0.06614785992217898,,-0.0005963029218842841,-0.3667820069204152,-0.030303030303030276,-0.013038014451775215
2004-12-31,-0.04272922025489223,-0.24644682953070995,-0.04547703825055771,-0.1270142374030696,-0.03714315037399418,-0.09458939465039884,-3.0102462356067314,-3.0102462356067314,-3.0,-3.0,-2.0096292862486633,-0.9091464182005472,-1.7613397201003695,-2.0941345871563906,-0.4734396991037907,-0.1389645776566757,-2.5115606936416186,-2.517241379310345,-0.043721973094170474,0.0,0.37222222222222223,,0.005966587112171906,0.0,0.03125,-0.1367977081012255
2005-03-31,0.01335162496535136,0.013615298163496492,0.02726079684389049,0.19049172823212568,-0.05183848107744382,-0.044330018019138606,-0.40524011618070044,-0.40524011618070044,-0.40625,-0.40625,-0.47906807591771794,10.330186743279294,-1.7901193825792723,-1.0414313580183818,0.03725166830902138,0.018987341772152,0.4206500956022945,0.3977272727272727,-0.05275498241500576,0.08571428571428585,0.0,,-0.06465005931198098,0.0,0.030303030303030276,-0.14861251959067023
2005-06-30,0.008345338943642311,0.12325626978774573,0.02281583213567573,0.17927957226776625,-0.06595185356753275,0.0060013250911339355,0.7688391581866996,0.7688391581866996,0.736842105263158,0.736842105263158,0.0879206227310807,2.3407003912193,1.0504217406633938,-4.812157346491228,-0.21708269137054337,-0.21739130434782616,0.847913862718708,0.7886178861788617,-0.11509900990099009,-0.1842105263157895,0.0,,-0.0735573874445149,0.0,0.0,-0.047536545749864545
2005-09-30,-0.02594029758112182,0.24171418599973982,-0.01742897046055325,-0.02065437872742304,-0.0819611447181301,0.4742378222041126,-0.2739715470853521,-0.2739715470853521,-0.31818181818181823,-0.31818181818181823,0.3533172371196869,-3.414415000535385,-2.896390396436031,-2.694824455749906,0.32525211880391325,0.21825396825396814,0.6846321922796794,0.6045454545454545,-0.08391608391608396,0.38709677419354827,0.0,,-0.0574948665297742,0.0,0.08823529411764697,0.2679627103228739
2005-12-31,-0.24156020194300576,-0.31956418437309075,0.1229543518748275,0.5811699761509919,-2.4767110602557447,-0.2709531050496863,41.71250501871346,41.71250501871346,41.93333333333333,41.93333333333333,0.7804568678355086,-0.9467991224504919,-1.1039567773273478,-1.3049491928127452,-0.06819658987399424,-0.46905537459283386,0.0,9.93201133144476,-2.4778625954198477,-0.41860465116279066,0.0,,0.0,0.0,0.05405405405405417,-0.5696225230879584
2006-03-31,9.403840787514106e-05,0.11600808275990016,0.02169073972966662,0.149972726300303,0.10092273448939149,-0.43336553207550643,-0.9363131298397788,-0.9363131298397788,-0.9363354037267081,-0.9363354037267081,-1.0112021785157863,-4.70059513759919,5.194354611451805,-11.015408695652173,0.7330179204899974,-0.8466257668711656,0.0,0.11868359678673213,0.10123966942148765,0.0,0.0,,0.0,0.0,0.0,-0.029583333333333295
2006-06-30,-0.05388108248276402,-0.19155023751103384,-0.011720253816822623,-0.11289146911474279,0.1318636485368676,0.17430650580724172,0.38734194824605606,0.38734194824605606,0.3902439024390243,0.3902439024390243,-62.53075780089153,-1.866842696565136,-1.6654650738340524,-1.8984781710269045,-0.3800310387705532,0.43999999999999995,0.0,0.15056752374334037,0.13133208255159468,0.0,0.0,,0.0,0.0,0.0,-0.08866466294547015
2006-09-30,-0.010902203018171797,0.10788774289501757,-0.009785285123585785,-0.2737795786524255,-0.006895512759058864,0.3558244672664832,-1.0020323836240261,-1.0020323836240261,-1.0,-1.0,-2.7890857807979677,-0.9983388157894737,-0.6604456597815649,-1.3137193890468304,0.17162973195182563,0.11111111111111116,0.0,0.07650493255486213,0.04892205638474301,0.0,0.0,,0.0,0.0,-0.02564102564102566,0.5255594817432272
2006-12-31,-0.03315261502225386,-0.07536860303520765,-0.011500093818137436,0.14484796898262609,0.0493868637168795,-0.25878865574581666,-217.22563176895306,-217.22563176895306,-inf,-inf,-1.02905526520387,119.06336633663366,-1.1008139512587962,-0.5632219313106422,0.08933693976086343,1.15,0.0,-0.8303721713110155,0.07905138339920947,0.0,0.0,,0.0,0.0,-0.10526315789473684,-0.1924027177269919
2007-03-31,0.00020091160615520742,0.08984893929891746,0.018256832382843813,0.07429133995394799,0.06488277481860494,0.009491722480411857,0.27724582390703656,0.27724582390703656,0.29729729729729737,0.29729729729729737,20.555328440026017,6.718696397941681,8.129380438400457,5.036671368124119,0.3969760342031714,0.9069767441860463,0.0,-0.04961411245865499,0.10915750915750921,0.0,0.0,,0.0,0.0,0.08823529411764697,0.014531548757169999
2007-06-30,-0.0015058621060557442,0.1679698812626702,0.028139696245470747,0.050245851259987706,0.06459235919653405,0.22291021671826616,0.08932461873638342,0.08932461873638342,0.08333333333333348,0.08333333333333348,-1.2456896551724137,-1.2863247863247862,-1.125,-1.235981308411215,-0.06710963455149499,0.8719512195121952,0.0,-0.18561484918793503,0.0990752972258917,0.0,0.0,,0.0,0.0,0.05405405405405417,0.11213720316622688
2007-09-30,-0.01793601206506512,0.028514753285395544,-0.15229454109178164,-0.054718361375274305,-0.45924281662350475,0.13367088607594946,-8.588000000000001,-8.588000000000001,-8.60576923076923,-8.60576923076923,3.7017543859649127,-2.111940298507463,3.916666666666667,-3.9603960396039604,0.21296296296296302,-0.21824104234527686,0.0,-2.9059829059829063,-0.45372596153846156,0.0,0.0,,0.0,17.207650273224044,0.025641025641025772,0.0879511947127607
2007-12-31,0.013656556792628782,0.09233365477338484,0.023042901371074676,-0.4421916112056957,0.06088939566704665,-0.04376953997320232,-1.0374275171323142,-1.0374275171323142,-1.0366624525916561,-1.0366624525916561,-0.667910447761194,-1.0335570469798658,-2.084745762711864,-0.29096989966555187,0.12448620082207862,-0.5874999999999999,0.0,0.08968609865470856,0.05500550055005493,0.0,-0.9807692307692307,,0.0,0.014105642256902806,0.07499999999999996,0.9582554517133957
2008-03-31,0.02754030949031483,0.08695652173913038,-0.3356534520772989,0.260266370699223,-1.7783748925193466,-0.08874357776739838,0.5070422535211268,0.5070422535211268,0.517241379310345,0.517241379310345,-3.943820224719101,-82.0,-14.8828125,-8.70754716981132,-0.8532637075718016,16.434343434343436,0.0,0.08504801097393688,-1.778936392075078,0.0,15.157894736842103,,0.3848946986201889,0.04675939627108616,0.04651162790697683,-0.13752783964365256
2008-06-30,0.19114317308198614,0.6903553299492386,0.23296674692522945,0.6406869220607663,0.013808340237503547,0.44951307022039977,-1.9205607476635516,-1.9205607476635516,-1.9318181818181817,-1.9318181818181817,0.23664122137404586,-0.8419753086419753,-1.1963984243106358,-1.0544675642594858,0.3167259786476868,0.1911935110081111,0.0,0.173198482932996,0.013386880856760541,10.0,0.0912052117263844,,-0.14892501310959627,0.12213740458015265,0.04444444444444429,0.030249930830950733
2008-09-30,-0.16055877282171438,-0.3604804804804804,-0.24009077954293556,-0.4075415995705851,0.24979569599564155,0.12800565770862793,-0.30964467005076146,-0.30964467005076146,-0.31707317073170727,-0.31707317073170727,-3.904320987654321,0.015625,-2.504297994269341,4.404494382022472,1.2999999999999998,-0.15126459143968873,0.0,-1.0064655172413792,0.249669749009247,-0.16000000000000003,-0.31343283582089554,,0.4886013555144795,0.0,0.08510638297872353,0.07949154059618646
2008-12-31,0.09210595607983563,0.4087152516904582,0.1366856507848313,0.2720271800679501,-0.047515257192676574,-0.3830721003134796,-1.8014705882352942,-1.8014705882352942,-1.8214285714285714,-1.8214285714285714,-0.8522848034006376,-1.2769230769230768,-2.3047619047619046,0.6756756756756757,0.9471210340775558,-0.43209169054441254,-1.0108084738434933,-1.4166666666666667,-0.04756871035940813,-0.5454545454545454,0.0,,-0.1278973509933775,-0.9974804736709498,-0.03921568627450989,0.10747159797661499
2009-03-31,0.02656958240910412,0.0696000000000001,0.022241231822070162,0.056623931623931645,0.04302059496567501,-0.14786585365853655,-1.2844036697247707,-1.2844036697247707,-1.3043478260869565,-1.3043478260869565,-0.4244604316546763,0.5,-1.1226277372262774,-1.0384615384615385,-0.01870850935425472,-0.2885973763874874,22.72,23.400000000000002,0.04328523862375144,-0.2571428571428571,152.2608695652174,,0.016136687233032854,25.4,-0.061224489795918324,0.01228004492699375
2009-06-30,-0.061722016064634344,-0.13138868112690105,-0.07489539748953977,-0.20104482642399735,-0.013163668275559481,-0.1228384019081693,-3.5483870967741935,-3.5483870967741935,-3.2857142857142856,-3.2857142857142856,-2.45,3.0740740740740744,-1.9761904761904763,3.645161290322581,-0.08856088560885611,0.5304964539007091,-1.0792580101180438,-1.0819672131147542,-0.013829787234042601,0.47435897435897423,-0.9422411347517731,,0.051844932274637934,0.0,-0.10869565217391308,0.0871366225312522
2009-09-30,-0.1138423028785982,-0.29606773823191734,-0.14699231117141565,-0.2731491246572453,0.0004446420631392112,0.255608429639701,-4.012658227848101,-4.012658227848101,-4.0625,-4.0625,-5.939655172413793,-0.7545454545454545,-14.597560975609756,2.951388888888889,-0.38394062078272606,0.10565338276181646,-4.851063829787234,-5.1000000000000005,0.0010787486515642097,0.1217391304347828,0.0,,0.12877442273534623,-0.5606060606060606,-0.14634146341463417,-0.03150302782880865
2009-12-31,-0.05937517654369806,-0.16432212028542303,-0.07559460687774577,-0.20226349390597798,-0.011555555555555541,-0.1505143475906876,-1.1722689075630253,-1.1722689075630253,-1.183673469387755,-1.183673469387755,-0.6090750436300174,2.185185185185185,-0.9443946188340807,-1.133567662565905,0.08324205914567351,-0.06119027661357923,0.8287292817679555,0.9268292682926829,-0.011853448275861989,-0.06201550387596899,2.235756385068762,,0.05074744295830058,0.9568965517241381,0.0,0.04756217507376714
2010-03-31,0.04978978978978987,0.08758233715540387,0.06079973779088821,0.11822480902146237,0.019784172661870603,-0.019120458891013437,0.1707317073170731,0.1707317073170731,0.11111111111111116,0.11111111111111116,0.2053571428571428,-2.7906976744186047,3.774193548387097,0.6842105263157894,0.12942366026289176,0.03303571428571428,-0.5287009063444108,-0.5063291139240507,0.017448200654307522,0.04132231404958686,-0.43351548269581053,,-0.028453762635716973,-0.5198237885462555,0.028571428571428692,-0.027429414526188856
2010-06-30,-0.04748555409348365,-0.037909376401974004,-0.04912714351923375,-0.09791802212101497,-0.04343033509700178,-0.07082521117608842,1.3958333333333335,1.3958333333333335,1.4,1.4,-1.4222222222222223,-1.103896103896104,-0.9459459459459459,-2.140625,-0.1307072515666965,0.0898876404494382,-0.5128205128205128,-0.4871794871794871,-0.04287245444801724,0.0714285714285714,1.413451232583065,,0.004238921001926688,-0.5137614678899083,0.0277777777777779,0.06654254585574404
2010-09-30,0.10409033575590132,0.012357192818838847,0.11795288383428115,0.004688063469167059,0.06476146577552422,0.4895104895104896,-2.8869565217391306,-2.8869565217391306,-2.875,-2.875,-6.5,106.6875,-65.9375,-0.6095890410958904,-0.05870236869207002,0.04361617763679626,-0.618421052631579,-0.6,0.06270996640537518,0.0888888888888888,1.435106028644388,,-0.035686876438986825,-0.6415094339622642,0.05405405405405417,0.007629145923579328
2010-12-31,-0.06125557610706123,-0.21027176416397975,-0.08538003197209709,-0.3578607322325915,0.004978354978355082,-0.3211267605633803,-1.1059907834101383,-1.1059907834101383,-1.1111111111111112,-1.1111111111111112,-0.7671451355661882,-1.4376088218224028,-1.4687199230028873,-8.24561403508772,0.4518599562363239,-0.018996960486322156,1.3448275862068968,1.25,0.004214963119072657,-0.07482993197278909,1.9430538458031275,,0.07083167528849965,1.473684210526316,-0.02564102564102566,0.22983638113570737
2011-03-31,-0.023585999072786246,-0.10002916302128906,-0.015571621514260725,0.03409726103968702,-0.0473831574413095,0.03665283540802222,11.91304347826087,11.91304347826087,11.2,11.2,0.020547945205479534,-1.1830238726790452,-0.8809034907597536,-1.1138014527845037,-0.03541823662396382,0.14949651432997668,-8.117647058823529,-8.0,0.04092339979013637,0.1470588235294117,-0.616839659178931,,-0.024526198439241864,0.0,0.0,-0.12970209213752815
2011-06-30,0.002908184461985819,-0.0006480881399870686,0.009523040916794345,0.011891891891891992,-0.02147863441103326,0.08939292861907933,-0.7643097643097643,-0.7643097643097643,-0.7704918032786885,-0.7704918032786885,-0.3959731543624161,1.0507246376811592,-2.0344827586206895,1.8297872340425534,-0.10390624999999998,0.08153638814016184,-0.20661157024793397,-0.2063492063492064,-0.050403225806451624,0.03846153846153855,0.0,,-0.024380952380952392,0.0,0.026315789473684292,-0.012409327977938922
2011-09-30,0.019706474138951435,0.11219195849546049,0.016228315612758726,0.0005341880341880323,0.0300369685767099,0.35272504592774045,-3.7142857142857144,-3.7142857142857144,-3.7857142857142856,-3.7857142857142856,2.3,-0.15547703180212014,0.33333333333333326,-2.037593984962406,0.12031386224934604,-0.07227414330218074,0.16666666666666674,0.16999999999999993,-0.02972399150743088,-0.024691358024691357,0.0,,0.010152284263959421,0.0,0.025641025641025772,0.11163044797863297
2011-12-31,0.00812489118449311,0.03848396501457718,0.02320641913152932,0.1542979177789643,-0.03454463885150294,-0.3395201448619285,-1.068421052631579,-1.068421052631579,-1.1282051282051282,-1.1282051282051282,-0.19528619528619529,-0.2635983263598326,-2.2,-1.2391304347826086,-0.025680933852140098,-0.01074546675621224,-0.03125,-0.05128205128205132,-0.021881838074398363,0.018987341772152,0.0,,-0.04213374565133354,0.0,0.0,-0.10036586031780703
2012-03-31,0.004893212825974436,-0.021897810218978075,0.006765587760436675,0.021739130434782705,-0.0011617100371746902,-0.15284441398217963,-0.3076923076923077,-0.3076923076923077,-0.6000000000000001,-0.6000000000000001,-0.7029288702928871,0.7840909090909092,-1.6354166666666665,4.515151515151516,-0.14536741214057503,0.08757637474541746,-1.5184331797235022,-1.5135135135135136,-0.004474272930648726,0.11180124223602483,0.0,,-0.006053268765133124,2.1914893617021276,-0.050000000000000044,-0.04267071320182092
2012-06-30,-0.03259624197983502,-0.1578645235361653,0.006796487208858393,-0.01629696695337257,-0.15305885089555715,-0.28883495145631066,35.55555555555556,35.55555555555556,33.5,33.5,-2.450704225352113,-0.36624203821656054,-3.9672131147540983,1.6538461538461537,-0.4514018691588785,0.0898876404494382,-2.7155555555555555,-2.631578947368421,-0.12359550561797761,0.0949720670391061,-0.6078114260300005,,-0.12464474218432797,0.0,-0.10526315789473684,-0.14392594471214804
2012-09-30,-0.01740984189021144,-0.08418541240627131,-0.053473907766990236,-0.3782788771283939,0.11288107662730029,1.2707622298065986,-2.3282674772036476,-2.3282674772036476,-2.3768115942028984,-2.36231884057971,-7.213592233009709,-0.055276381909547756,-1.3204419889502763,-2.0559006211180124,0.868824531516184,0.004581901489117968,-1.5466321243523315,-1.5376344086021505,0.11538461538461542,0.1479591836734695,0.0,,0.13265306122448983,0.02666666666666684,-0.02941176470588236,0.47304103095837635
2012-12-31,-0.002651720605074459,0.05396352809825089,0.0011218847664076215,-0.024426350851221357,-0.014313919052319823,-0.3151302605210421,-0.7711670480549199,-0.7711670480549199,-0.7789473684210526,-0.776595744680851,-0.9296875,-2.2287234042553195,-2.5344827586206895,-0.6333333333333333,0.17046490428441197,0.00741163055872307,1.3601895734597154,1.3599999999999999,0.005747126436781658,-0.09777777777777785,0.012061855670103094,,-0.011875511875511946,1.3571428571428572,-0.030303030303030276,0.08034591985519635
2013-03-31,0.0012085322375974261,-0.026836158192090398,0.01592892019530945,0.14795144157814866,-0.04456685027541307,-0.09217264081931231,-2.25,-2.25,-2.3333333333333335,-2.3333333333333335,-4.488888888888889,-1.5281385281385282,-0.5168539325842696,-2.7219251336898393,-0.2507788161993769,0.091680814940577,-0.570281124497992,-0.576271186440678,-0.04228571428571415,0.08374384236453225,-0.5534277274116328,,-0.04558640696228755,-0.584022038567493,0.03125,-0.15227812165495413
2013-06-30,0.011406844106463865,0.06640058055152398,0.03797667822250239,0.1440846001321876,-0.07678197064989523,0.2667203867848509,-0.43999999999999995,-0.43999999999999995,-0.4285714285714286,-0.4285714285714286,-0.8853503184713376,0.30327868852459017,0.627906976744186,-0.23291925465838514,-0.2567567567567568,0.07516848107827889,3.1542056074766363,3.12,-0.042959427207637346,0.1227272727272728,1.6281934306569341,,-0.0872774641771602,2.66887417218543,0.1212121212121211,-0.06785616250343118
2013-09-30,0.0026852846401719255,0.03266417148690026,-0.012980112342492744,-0.14269208549971113,0.06131138234459277,0.3040712468193385,-5.371428571428571,-5.371428571428571,-5.375,-5.375,-33.77777777777778,0.17610062893081757,0.34285714285714275,-2.251012145748988,0.43216783216783217,-0.022179363548698094,-0.3700787401574803,-0.383495145631068,0.07107231920199508,0.024291497975708287,-0.7521263669501823,,0.05851569933396772,-0.38808664259927794,0.0,0.20448789681371116
2013-12-31,-0.014521216449443597,-0.0589785831960461,-0.0009228639544720529,0.031671159029649676,-0.06017651778550415,-0.2985365853658537,-1.3169934640522876,-1.3169934640522876,-1.3,-1.3,-0.7728813559322034,-0.3315508021390374,-0.021276595744680882,-1.2686084142394822,-0.0810546875,-0.019723865877712132,-0.9321428571428572,-0.937007874015748,-0.03259604190919663,-0.08695652173913038,0.48109243697479,,-0.04629213483146066,-0.9351032448377581,0.027027027027026973,-0.08786856388440667
2014-03-31,0.0306781810495802,-0.05392156862745101,0.0511123085212839,0.2233834095362508,-0.04553215708594194,0.366481223922114,-0.8247422680412371,-0.8247422680412371,-0.8095238095238095,-0.8095238095238095,-0.08208955223880599,5.152,-3.391304347826087,4.132530120481928,-0.4527098831030818,-0.006036217303822755,8.078947368421053,8.125,-0.04693140794223838,0.030303030303030276,8.342789598108748,,-0.0739868049010367,6.909090909090908,0.10526315789473673,-0.22665380079339548
2014-06-30,0.01775355950079094,0.3700962250185049,0.022043207616257776,0.14575547250400422,0.00029815146094214207,-0.01323155216284988,-9.176470588235293,-9.176470588235293,-9.25,-9.25,0.8373983739837398,-0.8296488946684005,-1.7636363636363637,-0.8286384976525821,-0.14174757281553396,0.13157894736842102,1.7478260869565214,1.6712328767123288,0.051767676767676685,0.18487394957983194,-0.8049089068825911,,-0.01730279898218834,1.5747126436781609,0.04761904761904767,0.195826979065576
2014-09-30,-0.011398963730569922,-0.023230686115613186,-0.024648896531957565,-0.17986952469711093,0.045603576751117814,0.12790097988653937,3.41726618705036,3.41726618705036,3.666666666666667,3.6060606060606055,-0.3141592920353983,-12.068702290076336,2.0833333333333335,-15.89041095890411,2.4592760180995477,0.013416815742397059,0.9630801687763713,0.9230769230769229,0.08043217286914772,-0.03546099290780125,-0.6232166018158236,,0.058001035732780926,0.8950892857142858,0.0,0.1909454524375398
2014-12-31,0.07023060796645697,0.1670353982300885,0.09807522774022925,0.8176136363636364,-0.037058152793614574,-0.11339734796524925,-0.6579804560260587,-0.6579804560260587,-0.6363636363636364,-0.638157894736842,1.2580645161290325,-1.437241379310345,0.019305019305019266,-1.7470101195952163,-0.5310660562459124,-0.030008826125330956,0.4954325631380978,0.44266666666666676,-0.0022222222222221255,-0.10294117647058831,-0.5270223752151463,,-0.100342633382281,0.387514723203769,0.045454545454545414,-0.3578972986128012
2015-03-31,0.00021765153988462238,-0.05876777251184839,0.015387703218037174,-0.11097217880587684,-0.06690349319123745,-0.1511088189788551,-1.0476190476190477,-1.0476190476190477,-1.0535714285714286,-1.0545454545454545,-1.0485714285714285,-0.7981072555205048,-1.4242424242424243,-1.0972906403940887,0.11018131101813111,-0.020928116469517755,0.022637441609773656,-0.011090573012939031,-0.056792873051224935,-0.016393442622950838,-0.3362445414847163,,-0.06692056583242645,0.04923599320882843,-0.0652173913043479,0.058671922377198316
2015-06-30,-0.03400065281253395,-0.1321752265861027,-0.02773934242603937,-0.10829817158931088,-0.06598984771573602,-0.12393681652490884,-2.9,-2.9,-2.666666666666667,-2.666666666666667,-3.1176470588235294,-0.078125,-2.303571428571429,-5.734177215189874,-0.46984924623115576,-0.04321561338289959,-0.09803232607167967,-0.13084112149532712,-0.03423848878394342,0.012500000000000178,-0.04714912280701755,,-0.033236151603498576,-0.06553398058252424,-0.06976744186046502,-0.026779321208649676
2015-09-30,0.007940530495015974,0.043806208297069826,-0.004676063973976685,-0.04455835962145105,0.07099184782608692,0.3509015256588073,13.368421052631579,13.368421052631579,14.4,14.2,13.694444444444445,0.728813559322034,-0.6986301369863014,-1.6336898395721926,0.561611374407583,-0.1787275376396309,-0.39267627580833653,-0.4150537634408602,0.0806845965770171,-0.14814814814814825,-0.0690448791714614,,0.06272617611580222,-0.38961038961038974,-0.025000000000000022,0.09248087110064751
2015-12-31,0.052240473795954756,0.1381322957198443,0.06665758834343305,0.2579446966570367,-0.013954963526799924,-0.26283367556468173,-1.1721611721611722,-1.1721611721611722,-1.1688311688311688,-1.1710526315789473,-0.4045368620037807,0.9166666666666667,-4.670454545454545,0.04219409282700415,0.3748103186646434,-0.16144293317563574,-0.5118665811417575,-0.525735294117647,-0.013574660633484115,-0.22705314009661826,0.31767614338689754,,-0.0629965947786606,-0.4851063829787233,-0.07692307692307698,-0.09522526769479434
2016-03-31,-0.009239101577019015,-0.0781440781440782,0.0012766500702157124,0.01213910761154846,-0.06239948536506912,0.12465181058495811,3.212765957446808,3.212765957446808,3.3076923076923084,3.3076923076923084,-0.9174603174603174,0.5626598465473145,-1.238390092879257,-3.6801619433198383,-0.7306843267108167,-0.011988716502115637,-0.7963206307490145,-0.7984496124031008,-0.06880733944954143,0.006250000000000089,1.0215759849906192,,-0.05390672319806178,-0.7988980716253443,-0.02777777777777779,-0.08917007815407507
2016-06-30,-0.036443539310788364,-0.12900662251655626,-0.04201198520974114,-0.16596434359805512,-0.008919382504288142,-0.2792569659442724,-0.8535353535353536,-0.8535353535353536,-0.8571428571428572,-0.8571428571428572,2.6153846153846154,-0.8936170212765957,-0.24675324675324672,-0.9561933534743202,-0.11885245901639341,0.04496788008565322,-1.0193548387096774,-1.0384615384615385,-0.009852216748768461,0.11801242236024834,4.661252900232018,,0.02880921895006394,0.0,-0.02857142857142847,0.04429190160987173
2016-09-30,0.0005005840146838914,0.1298661800486618,-0.020629533506355213,-0.10066070734551102,0.10903426791277249,1.0231958762886597,-11.172413793103448,-11.172413793103448,-11.375,-11.375,4.819148936170213,1.5384615384615383,-0.3793103448275862,-12.931034482758621,1.6093023255813952,-0.07513661202185806,-24.0,-12.0,0.10945273631840813,-0.06666666666666676,0.0,,0.10827629122588678,-0.5616438356164384,0.0588235294117645,0.25627983410282495
2016-12-31,0.07388258839226158,0.19300134589502016,0.08568322348304691,0.5998271391529819,0.019975031210986316,-0.3282377919320595,-0.9186440677966101,-0.9186440677966101,-0.9156626506024096,-0.9156626506024096,-0.3363802559414991,5.533333333333333,-16.88888888888889,-1.4132947976878611,-0.2549019607843137,-0.12850812407680934,3.3478260869565215,3.545454545454545,0.020179372197309364,-0.2142857142857142,0.6120491803278687,,-0.049971925884334745,3.28125,0.0,-0.2542668493833312
2017-03-31,-0.03835999378785526,-0.20555054151624552,-0.04280886218550506,-0.15721231766612642,-0.017135862913096656,0.44184576485461435,-3.3333333333333335,-3.3333333333333335,-3.2857142857142856,-3.2857142857142856,-0.7410468319559229,-0.9879406307977736,-1.4475524475524475,0.22377622377622375,-0.41866028708133973,-0.02033898305084747,1.48,1.54,-0.0219780219780219,-0.037878787878787956,-0.7739360349824579,,0.021867612293144267,1.3138686131386859,0.11111111111111116,-0.057383895756765724
2017-06-30,-0.032353574504737304,-0.09485941493893779,-0.02536942591866087,-0.07916666666666672,-0.06724782067247825,-0.08636562911003942,2.857142857142857,2.857142857142857,2.8125,2.8125,0.6170212765957446,1.923076923076923,-0.75390625,-1.2914285714285714,0.2098765432098766,0.02249134948096887,-0.8010752688172043,-0.8031496062992126,-0.06629213483146068,0.047244094488189115,-0.597165991902834,,-0.03585887796414122,-0.8201892744479495,0.125,-0.01701373504652204
2017-09-30,-0.06581363004172458,-0.2507059930969564,-0.09640413256406821,-0.3755656108597285,0.08277703604806419,0.24088291746641066,-2.041666666666667,-2.041666666666667,-2.0327868852459017,-2.0327868852459017,2.6907894736842106,2.789473684210526,3.5238095238095237,1.5882352941176472,0.44897959183673475,0.17597292724196278,-1.4864864864864864,-1.52,0.08303249097472909,0.2556390977443608,4.969849246231155,,0.15896820635872833,0.0,0.04444444444444429,0.19994591183629318
2017-12-31,-0.02018818484992857,-0.03433835845896149,-0.006162298611626649,0.044593088071348985,-0.07891491985203447,-0.3035576179427688,-2.2977777777777777,-2.2977777777777777,-2.253968253968254,-2.253968253968254,-0.7789661319073083,-1.0972222222222223,-0.01754385964912286,-2.0757575757575757,-0.33333333333333337,0.07050359712230225,14.13888888888889,13.923076923076923,-0.07888888888888901,-0.0119760479041916,0.0,,-0.06004140786749479,0.0,0.06382978723404253,-0.07557659078957257
