Quarter end,Assets,Current Assets,Liabilities,Current Liabilities,Shareholders equity,Revenue,Earnings,Earnings available for common stockholders,EPS basic,EPS diluted,Cash from operating activities,Cash from investing activities,Cash from financing activities,Cash change during period,Cash at end of period,Price,ROE,ROA,Book value of equity per share,P/B ratio,P/E ratio,Cumulative dividends per share,Equity to assets ratio,Net margin,Asset turnover,Current ratio
1996-03-31,0.056609365737996464,0.039097783846234746,0.039086821169145525,-0.0012323702587977436,0.059963364304473465,-0.004421962413319491,0.02448579823702257,0.02448579823702257,0.023255813953488413,0.0,0.9218452154022112,-0.6127751714182605,-0.23851851851851846,7.504743833017077,0.03079530181733192,-0.01098901098901095,0.042455536431440066,0.04270696452036793,0.06481481481481466,-0.09609609609609615,0.19225634178905193,,0.0032169665197188113,-0.0071428571428571175,0.02970297029702973,0.040385057912096345
1996-06-30,0.056609365737996464,0.039097783846234746,0.039086821169145525,-0.0012323702587977436,0.059963364304473465,-0.004421962413319491,0.02448579823702257,0.02448579823702257,0.023255813953488413,0.0,0.9218452154022112,-0.6127751714182605,-0.23851851851851846,7.504743833017077,0.03079530181733192,-0.01098901098901095,0.042455536431440066,0.04270696452036793,0.06481481481481466,-0.09609609609609615,0.19225634178905193,,0.0032169665197188113,-0.0071428571428571175,0.02970297029702973,0.040385057912096345
1996-09-30,0.08711430575035073,0.11939959062997496,0.2622059476253884,0.16465588154647648,0.0542600149912551,-0.004421962413319491,0.02448579823702257,0.02448579823702257,0.023255813953488413,0.0,0.9218452154022112,-0.6127751714182605,-0.23851851851851846,7.504743833017077,0.2540816326530613,-0.03888888888888897,0.042455536431440066,0.04270696452036793,0.04347826086956519,-0.09609609609609615,0.19225634178905193,,-0.030166270783848037,-0.0071428571428571175,0.02970297029702973,-0.03885427802558339
1996-12-31,0.01804576754987175,0.012709377398528066,0.08914285714285719,0.18045909358446144,0.002073705415333471,0.024294222551229927,0.040630975143403525,0.040630975143403525,0.045454545454545414,0.0,-0.11862725649672679,0.3196644920782852,-5.031128404669261,-0.786925479696564,0.043169695325919966,-0.10982658959537572,0.042455536431440066,0.04270696452036793,0.025000000000000133,-0.14617940199335544,0.19225634178905193,,-0.015797207935341673,-0.0071428571428571175,0.02970297029702973,-0.1421010240478655
1997-03-31,-0.06817893803066788,-0.11216869886984238,0.028089434175478267,0.12016354208216984,-0.09168489721910167,0.04112874084294216,0.012861736334405238,0.012861736334405238,0.06521739130434767,0.0,-1.0036011703803736,-0.6193502824858756,2.3093629343629343,-8.761256544502618,-0.3211855960480132,-0.012987012987012991,0.042455536431440066,0.04270696452036793,-0.016260162601625994,-0.03891050583657574,0.19225634178905193,,-0.02513375637675752,-0.0071428571428571175,0.02970297029702973,-0.2074168454935622
1997-06-30,-0.021929824561403466,-0.06927113409827013,-0.027086441077176726,-0.035075224784118175,-0.02050469763707774,0.07354936421291769,0.031746031746031855,0.031746031746031855,0.061224489795918435,0.0,-128.8125,2.823747680890538,-0.530406883476739,-0.5634106853750674,-0.20657516757101824,-0.00328947368421062,0.042455536431440066,0.04270696452036793,-0.016528925619834767,0.012145748987854255,0.19225634178905193,,0.0014039566049777186,-0.0071428571428571175,0.02970297029702973,-0.0354231886510421
1997-09-30,0.009072896026697252,0.00258969517129759,0.027275661717236943,0.022788080081188378,0.004076026760001739,0.01936868093110755,0.046593406593406606,0.046593406593406606,0.05769230769230771,0.0,0.31540342298288504,-0.16593886462882101,-0.3177018633540373,-0.6211372064276885,-0.09864027677206533,0.250825082508251,0.06219042377545403,0.04270696452036793,0.008403361344537785,0.272,0.19225634178905193,,-0.00497068569971959,-0.0057553956834534015,0.05769230769230771,-0.019765503932633544
1997-12-31,0.013831473060493371,-0.01081633751278055,0.08554595443833457,0.11491971856395455,-0.00630984423950931,0.02522849811146677,0.0058798824023520435,0.0058798824023520435,0.05454545454545445,0.0,0.6594795539033458,0.10878417684700414,0.22030040964952202,-0.899673735725938,-0.01097920199946445,0.1503957783641161,0.0564766839378239,0.04270696452036793,0.008333333333333304,0.141509433962264,0.0879059350503919,,-0.019853977199948747,-0.01447178002894356,0.05909090909090908,-0.11278150633855333
1998-03-31,0.027727280449888703,0.011179414644761243,0.06520008683696354,0.007200647249191006,0.0162300177619894,0.053040103492884905,0.004592901878914368,0.004592901878914368,0.06896551724137945,0.0,-0.5376344086021505,0.5944386149003147,-0.3752331219694144,20.54471544715447,-0.23916967509025266,-0.05733944954128445,0.023540951446787695,0.01449275362318847,0.024793388429751984,-0.0633608815426997,-0.10190427174472472,,-0.011108207004704607,-0.0205580029368575,0.03433476394849788,0.0039671866594943594
1998-06-30,0.011009902299515595,-0.013880295897780726,0.0050271739130434145,-0.08217527512249978,0.012933953813550003,0.05629740412349116,0.03948462177888601,0.03948462177888601,-0.032258064516129115,0.0714285714285714,-0.32703488372093026,-0.5057584731819678,0.13970149253731345,-0.23698113207547167,-0.23985765124555158,-0.014598540145985495,0.016770483948251202,0.008695652173912993,0.016129032258064502,-0.038235294117647034,-0.07163323782234954,,0.0018501387604070718,-0.013493253373313308,0.024896265560165887,0.0744089478266694
1998-09-30,-0.012443383422993226,-0.007310619493166803,-0.17067730160876027,-0.14974619289340096,0.038047581045230094,0.02331108414239491,0.021991203518592517,0.021991203518592517,0.050000000000000044,0.03333333333333344,-0.08639308855291572,0.14846870838881498,-0.5851231011000524,-0.3827893175074184,-0.19475655430711614,-0.007407407407407418,0.002827521206409056,0.008004926108374555,0.039682539682539764,-0.024464831804281384,-0.041358024691358075,,0.05118058303653883,-0.021276595744680882,0.028340080971659853,0.16752898641067193
1998-12-31,0.0685807007086563,0.10821356928910997,0.15046051022903262,0.18023674729799288,0.04770710827601965,0.03844443346345794,0.026604068857589924,0.026604068857589924,0.031746031746031855,0.032258064516129004,1.9613869188337274,-0.09507246376811596,-0.5858585858585859,-2.4975961538461537,0.36220930232558146,-0.00995024875621886,-0.005639097744360777,-0.0006108735491754391,0.05343511450381677,-0.047021943573667735,-0.038634900193174504,,-0.019575856443719508,-0.01863354037267073,0.019685039370078705,-0.061026722549987866
1999-03-31,0.06506244383154103,0.10820997297230273,0.5197307828551188,0.13317634746206175,-0.062213672332070646,0.03261955745895784,0.03734756097560976,0.03734756097560976,-0.4769230769230769,-0.484375,0.00931346460883442,0.1780909673286355,-1.2103658536585367,0.08239700374531833,0.2878076540048371,-0.007537688442211032,0.023156899810963916,-0.001833740831295838,-0.06521739130434778,-0.05921052631578949,-0.04018754186202278,,-0.11954434916165368,-0.004746835443038111,0.0038610038610038533,-0.022033946493048684
1999-06-30,0.03689424909437422,0.0392902691696686,-0.2662812922474477,-0.09458939428923263,0.17442794907583647,0.05308633441625776,0.0569434239529758,0.0569434239529758,0.02941176470588225,0.06060606060606055,-0.5457421566042711,-0.0777596519847743,-9.072463768115941,-1.2619871478002966,-0.0585505965532479,0.10126582278481,-0.011085450346420278,-0.003674219228413933,0.17829457364341073,0.17832167832167833,0.08443824145150036,,0.13272277947376088,-0.0015898251192368873,-0.0038461538461539435,0.14785743357171932
1999-09-30,0.01898334572699345,0.029257895756636287,-0.06277400088951013,0.003910234614076913,0.042154355890085426,0.0035007110819385012,0.03232533889468203,0.03232533889468203,0.05714285714285716,0.028571428571428692,1.477655252466628,-0.23349056603773588,0.12926391382405744,-5.415094339622642,0.2745834311194555,0.18850574712643686,-0.009341429238673538,-0.007375537799631293,0.03947368421052633,0.008902077151335286,0.14285714285714302,,0.02271560574948661,0.006369426751592577,-0.015444015444015413,0.025250734474723924
1999-12-31,-0.03888414617354663,-0.05729166666666663,0.026913429597993366,0.08543607112616436,-0.05565442764578832,0.008808459609724206,0.014478114478114534,0.014478114478114534,0.027027027027026973,0.0277777777777779,0.34223471539002115,0.03538461538461535,8.910969793322735,-1.7905982905982905,-0.1703185417050267,-0.12185686653771755,0.014144271570014189,0.015479876160990669,-0.01898734177215189,-0.15588235294117647,-0.15427927927927942,,-0.017442590036391148,0.011075949367088445,0.007843137254901933,-0.131493787208814
2000-03-31,0.019841838342741003,-0.6309880405600301,0.049247425402693334,0.0051486075356892425,0.011691733450433617,0.05742505781408713,0.031198141387321687,0.031198141387321687,0.026315789473684292,0.05405405405405417,-0.8260034904013962,0.4101040118870729,-0.6041065126724414,0.8210810810810811,-0.3738348868175766,0.23348017621145356,-0.003719200371920195,0.024390243902439046,0.032258064516129004,0.2578397212543553,0.1897470039946738,,-0.008045977011494232,0.003129890453834161,0.01945525291828809,-0.6328858296831447
2000-06-30,0.020691980277297795,1.8978413805543863,0.08267270668176674,0.10368645712068303,0.0028755900385220023,0.03333605853738297,0.03862246540070813,0.03862246540070813,0.07692307692307687,0.0512820512820511,5.837512537612839,-0.02423603793466811,0.24311183144246362,-1.5630750964677946,0.33616870458975723,0.04107142857142865,0.029864675688287434,0.024404761904761818,0.006250000000000089,0.008310249307479367,-0.0011191941801902416,,-0.017381228273464555,0.0031201248049921304,0.022900763358778553,1.6256295033702641
2000-09-30,0.011615744563721497,0.009503257666929388,-0.016968851696885223,-0.024963082764925093,0.020486186251172267,0.02177739976659998,0.013944840409048753,0.013944840409048753,0.023809523809523725,0.024390243902439046,-0.19069972128502277,0.43520518358531324,-0.30378096479791394,-0.6188719030047443,0.09588859416445628,0.039451114922812947,0.03035795197100133,0.02149912841371293,0.024844720496894235,0.03296703296703285,-0.001680672268907668,,0.00877882599580726,-0.0062208398133747345,0.026119402985074647,0.03535070376818439
2000-12-31,0.009115150195907695,-0.007748910630601014,0.017793804681957903,0.021707774412231373,0.00652081713437469,0.01128576406364945,0.017114914425427896,0.017114914425427896,0.023255813953488413,0.023809523809523725,0.10132318288925135,-0.08126410835214448,0.3852996254681649,-0.06639004149377592,0.08168945903424896,0.16171617161716179,0.014511873350923521,0.009670079635949902,0.0181818181818183,0.13563829787234027,0.11784511784511786,,-0.002597739966229362,-0.0046948356807511304,0.014545454545454639,-0.028814090688859206
2001-03-31,0.04571682799902921,0.04335577421025372,0.09467386885055462,0.07559822121832438,0.030918060993381014,0.05468884592561407,0.020132211538461453,0.020132211538461453,0.022727272727272707,0.023255813953488413,-0.11866359447004604,0.31122031122031113,-0.4477864143291652,-0.23111111111111116,0.05806668158424699,0.08522727272727271,0.00693541395752062,0.0,0.04166666666666674,0.06557377049180335,0.0461847389558232,,-0.014194556582888374,-0.00786163522012584,0.007168458781362075,-0.02999178307313055
2001-06-30,-0.013227615548249805,-0.020727445997458682,-0.060221785960630325,-0.07776611103819397,0.001856330256480021,0.05268793785618353,0.05832106038291607,0.05832106038291607,-0.28888888888888886,-0.2954545454545454,0.04687208216619987,-0.3529044347282948,1.13219094247246,-0.9036608863198459,0.005287088928835892,0.03403141361256545,0.01248385708136035,0.014647887323943731,0.005714285714285783,-0.00879120879120876,0.0033589251439538614,,0.015323645970937827,-0.007923930269413626,0.02491103202846978,0.06186845767531923
2001-09-30,-0.008414011157710455,-0.018368339956207902,-0.0857610659439928,-0.09741692165373939,0.01487412242677677,0.007068843640626987,0.013080990815474536,0.013080990815474536,0.03125,0.032258064516129004,-0.2422404566535854,0.15878378378378377,-0.20637198622273245,-19.36,-0.09656042915746288,0.008860759493670711,0.013605442176870763,0.01887840088839532,0.022727272727272707,0.004434589800443645,-0.02247728359636536,,0.023419203747072626,-0.0031948881789137795,0.02083333333333326,0.08758084275905298
2001-12-31,0.04062191185190067,0.04068734768061466,0.09572037300067926,0.12220119836013876,0.02567753174098031,0.005358579719573431,0.0315934065934067,0.0315934065934067,0.030303030303030276,0.03125,1.2052730696798495,0.4310703873386088,-0.19638336347197105,-5.041394335511982,0.4319478402607988,0.23212045169385198,0.011744966442952975,0.014713896457765774,0.03333333333333344,0.20529801324503305,0.19129158512720146,,-0.014365624205441074,0.0016025641025640969,0.013605442176870763,-0.07264296754250388
2002-03-31,0.01667552989440102,0.015638644121616307,0.08842923970016336,0.09856681185892935,-0.004115293541275378,0.03494312376541098,0.02077230359520632,0.02077230359520632,0.02941176470588225,0.030303030303030276,-0.21498719043552517,-0.1364959254947613,0.8384338433843384,-0.9185983827493261,0.024554841857061582,0.0478615071283095,0.021144278606965106,0.02148227712137496,0.010752688172043001,0.012820512820512775,0.01149897330595473,,-0.020379208048497355,0.0047999999999999154,0.016778523489932917,-0.07548022598870052
2002-06-30,0.09192353197583913,0.05019931217758322,0.3037489643744822,0.37513589563215444,0.0248429890297297,0.09090759510333024,0.05113488129402555,0.05113488129402555,0.05714285714285716,0.0588235294117645,-0.42833831928202337,0.9625884732052579,-0.38457772337821294,-14.685430463576159,-0.32798984207602566,0.05830903790087483,0.01380430369468133,-0.006309148264984299,0.02659574468085113,0.047016274864376095,0.02030044660982533,,-0.06148782093482552,-0.004777070063694211,0.0,-0.23631141530188216
2002-09-30,-0.018978968018613984,-0.024095264675783823,-0.08789419334339499,-0.10291587220387854,0.008784281096995139,0.04603248819776473,0.015388433854554462,0.015388433854554462,0.027027027027026973,0.0277777777777779,0.3070884871550903,-0.1631461445990039,0.40891010342084333,-0.29349141059762884,-0.3448275862068966,-0.044995408631772316,0.015618742490989046,-0.0015873015873015817,0.015544041450777257,-0.069084628670121,-0.0803820135296458,,0.028338945005611738,-0.014399999999999968,0.013201320132013139,0.0878610866607985
2002-12-31,0.057724503557643025,0.08316491897044798,0.13786196385804494,0.16412649040953853,0.02853426808571391,0.054532608538924165,0.02493277927157167,0.02493277927157167,0.026315789473684292,0.027027027027026973,0.4298453139217471,-0.3855940898830289,-0.3241106719367589,-1.8455479452054795,0.44502523431867336,0.0528846153846152,0.013012618296529999,-0.007949125596184436,0.030612244897959107,0.03710575139146566,0.015144958892254534,,-0.027557980900409285,-0.02759740259740262,0.019543973941368087,-0.06954762780433976
2003-03-31,0.02580872088549846,0.02356896430331612,-0.000994986797290598,-0.08095831848949053,0.03660981402091101,0.011649688931428148,0.018602432625804965,0.018602432625804965,0.025641025641025772,0.07894736842105265,-0.4028255059182895,0.21376085504342024,0.3208020050125313,-1.8521668691778048,-0.26244231009105645,0.013698630136986356,0.0023355391202801723,-0.010149572649572725,0.044554455445544594,-0.01610017889087656,-0.020886615515771645,,0.010521885521885599,-0.02170283806343909,0.009584664536741228,0.1137594371319024
2003-06-30,0.024730779533886915,-0.045553816787329504,-0.011990040222179643,-0.015166198275026632,0.03899137161559052,0.026018084258045304,0.020135799578552938,0.020135799578552938,0.02499999999999991,-0.024390243902438935,0.911764705882353,0.965327462850853,-0.2767235926628716,-0.7818441064638784,-0.07762557077625576,-0.009009009009009028,-0.008543689320388292,-0.0021586616297893935,0.03791469194312791,-0.052727272727272734,-0.054854157596865405,,0.013883104262112811,-0.013651877133105783,0.012658227848101333,-0.03087624658409327
2003-09-30,0.02324511413424246,0.01974703614284179,0.006823821339950298,0.008659286592865856,0.02930943142280329,0.01404257561386868,0.023181087904521558,0.023181087904521558,0.024390243902439046,0.02499999999999991,-0.33823857302118177,-0.6192943153178381,0.010056843025797901,-2.9760348583877994,0.16629996332966623,0.10545454545454547,-0.011359185272228789,-0.010816657652785278,0.031963470319634535,0.06525911708253362,0.07692307692307687,,0.005887991236478207,-0.0034602076124566894,-0.006249999999999978,0.010986194016186168
2003-12-31,0.01581916285153695,0.021714548217251384,0.012553912507701881,0.015901663333495852,0.016998664589361168,-0.017498506066668362,-0.08434275459847462,-0.08434275459847462,-0.0714285714285714,-0.07317073170731703,-0.00522237196765496,0.3390952556086797,0.04329004329004338,-1.1609702315325248,-0.02295236598019179,-0.02960526315789469,-0.03526148969889076,-0.02788408966648437,0.02212389380530988,-0.05945945945945952,-0.05346449957228405,,0.0012251565477812143,-0.01388888888888884,-0.01572327044025168,0.005723186148440584
2004-03-31,0.06948412538730842,0.10429384197693126,0.09108541872670561,0.08570605464061076,0.061715223635617544,0.01490129708717336,-0.23664870161685447,-0.23664870161685447,-0.2564102564102565,-0.1842105263157895,-0.17392040643522444,0.05685251304586658,-1.5792531120331952,-17.616438356164384,0.390345937248592,0.05677966101694909,-0.10061601642710472,-0.09786276715410591,0.05627705627705626,0.034482758620689724,0.056484410302756416,,-0.0073419442556085235,-0.07570422535211274,-0.022364217252396124,0.017143886187646284
2004-06-30,0.0014673928379942414,-0.007501017883428829,-0.057722472027606386,-0.07836546966212632,0.023343897348689913,-0.006540034914927384,0.09467265725288843,0.09467265725288843,0.10344827586206917,0.032258064516129004,0.8107831078310783,-0.11226611226611227,-2.232808022922636,0.5234954657873041,0.42772827219071874,-0.2060946271050521,-0.08904109589041087,-0.08354114713216954,0.0286885245901638,-0.24814814814814823,-0.15312232677502136,,0.021914806190932667,-0.06095238095238098,-0.02614379084967322,0.07687404836939193
2004-09-30,-0.00863178261808828,-0.014405402420360036,-0.06521658713424339,-0.05345489443378115,0.010625173099680252,-0.05376626101552662,-0.10964526531808849,-0.10964526531808849,-0.09375000000000011,-0.09375000000000011,-0.36793841277029327,-0.24853629976580793,0.3730389308541546,-0.8233225108225108,0.052930209937586126,-0.06868686868686869,-0.11879699248120301,-0.11088435374149652,0.019920318725099806,-0.09605911330049255,-0.016161616161616155,,0.01943439217263121,-0.07910750507099384,-0.033557046979865834,0.04126660528738668
2004-12-31,-0.022378443930723413,-0.040053789261358164,0.041353383458646586,0.050035486160397546,-0.04244002092727772,-0.032817783690891944,-0.5847876193612117,-0.5847876193612117,-0.5862068965517242,-0.5862068965517242,-0.08042271180368976,0.1534865601869888,0.9898434193821413,-4.8728943338437976,-0.1946882217090069,0.054229934924078016,-0.21615472127417523,-0.21423106350420817,-0.02734374999999989,0.03542234332425065,0.15143737166324422,,-0.02051012358664217,-0.1916299559471365,-0.02777777777777779,-0.08579909685161213
2005-03-31,0.020419436745295005,0.04394303248615827,0.18001140034201035,0.12740790807705316,-0.03421316231088445,0.04315928239811995,0.9413164155432197,0.9413164155432197,1.0,1.0,0.32547721075185043,-0.08949679162445123,0.19629944704381108,-0.40055357848952156,-0.14491922378357713,-0.20679012345679015,-0.05152394775036284,-0.05939629990262896,0.00401606425702794,-0.18421052631578938,-0.00847079803834161,,-0.05355704697986585,-0.04904632152588562,-0.010714285714285676,-0.0740241796200346
2005-06-30,-0.008101203308861993,-0.020719180817584948,0.015039288934690198,0.042052072627612125,-0.0177799329211622,-0.0292994505494506,0.14787581699346397,0.14787581699346397,0.16666666666666674,0.16666666666666674,0.2853783982365907,0.23219584569732943,-0.21777777777777774,-1.6761213720316621,0.1145891559530463,0.045395590142671916,-0.03902065799540955,-0.054865424430641796,-0.019999999999999907,0.03870967741935494,0.12095323741007191,,-0.00978584597929355,-0.04011461318051568,-0.014440433212996373,-0.060245458275823394
2005-09-30,-0.04513596323247793,-0.055707807249355645,-0.04191122814810111,-0.04446453521821325,-0.04652980622865843,-0.06118839062079895,-0.21316725978647688,-0.21316725978647688,-0.1785714285714286,-0.2142857142857143,-0.49571281582256776,-0.5174593618302228,0.2931818181818182,-3.8117073170731706,-0.28906720160481447,0.06947890818858538,-0.052547770700636875,-0.07338444687842294,-0.02448979591836742,0.09316770186335388,0.11552346570397098,,-0.001432254368375796,-0.0686567164179106,-0.0073260073260073,-0.01178945697046685
2005-12-31,-0.039498225136875065,-0.04501874341389256,-0.0024173786343466563,0.010536728023395892,-0.05560349787136121,-0.04928929954931194,-0.24694708276797828,-0.24694708276797828,-0.30434782608695654,-0.22727272727272718,0.9510315121287689,-0.17903930131004364,-0.01687170474516697,-1.5884802220680083,0.23927765237020315,-0.22969837587006958,0.08739495798319319,0.06619385342789608,-0.025104602510460317,-0.21022727272727282,-0.16720604099244873,,-0.016781411359724663,0.0737179487179489,-0.0073800738007380184,-0.054950793331994374
2006-03-31,0.045006107300573195,0.09384779580687752,0.06429875518672201,0.1010767331999829,0.03615485364442139,0.0530813501815357,0.842042042042042,0.842042042042042,1.125,0.9411764705882353,-0.18893795026725535,0.14969604863221875,-0.991955666785842,2.196933962264151,0.6172586520947176,-0.02409638554216853,0.09196290571870191,0.08093126385809324,0.03433476394849788,0.0,-0.07772020725388606,,-0.008460977388767388,0.09253731343283578,-0.011152416356877248,-0.0065881752879669575
2006-06-30,0.05976143379488108,0.12292248920934701,0.016312145218638996,0.030457637600494802,0.08023693338820626,0.05030035681486278,0.5128790348875123,0.5128790348875123,0.44117647058823506,0.48484848484848486,0.21704871060171915,-0.18836748182419039,1.4,0.32036149022500915,0.5039419963395748,0.18981481481481466,0.1847133757961783,0.1825641025641025,0.07883817427385886,0.15107913669064765,0.0828651685393258,,0.0192732087685743,0.1912568306010929,-0.007518796992481258,0.08976553140510002
2006-09-30,0.006504524886877805,0.021648846867544425,-0.014362436704004944,-0.0035258814703675867,0.01575617388938033,-0.03487572030618391,0.03943965517241388,0.03943965517241388,0.04081632653061229,0.04081632653061229,-0.2494408475573867,0.4560260586319218,35.71296296296296,-0.9129766727196535,0.029159840861221697,0.3268482490272375,0.20370370370370372,0.204683434518647,0.023076923076922995,0.2281249999999999,0.09641158668396033,,0.009237875288683695,0.22018348623853212,-0.011363636363636465,0.02524538672948573
2006-12-31,0.009796759389341547,0.018379173153433737,-0.013170595011987474,-0.010238650907174573,0.019677708866354893,-0.011124478308009889,-0.2069251503213767,-0.2069251503213767,-0.47058823529411764,-0.47058823529411764,0.38346925972396484,0.3982102908277405,0.08600252206809578,2.234349919743178,0.09164089503365469,0.7644183773216031,0.11066997518610422,0.11951043916486692,0.015037593984962516,0.727735368956743,0.4235015772870663,,0.009725400457665678,0.13909774436090228,-0.01532567049808431,0.02891280205261748
2007-03-31,0.055205164354084735,-0.09002505414242645,0.09077427904335211,0.11314368296949873,0.04039568061795529,0.0650345449083809,0.3824836601307189,0.3824836601307189,0.40740740740740744,0.33333333333333326,-0.28579526130824173,4.9956,-0.931723176962378,-5.458064516129032,-0.37424488605590966,0.07756232686980602,0.09428060768543345,0.09967845659163999,0.051851851851851816,0.06038291605301915,-0.06842105263157894,,-0.014022662889518256,0.11716171617161697,-0.015564202334630406,-0.18252195920797964
2007-06-30,0.061001336052316946,-0.10806228319878042,0.02397963611119147,0.0009224777067886603,0.07716201371264053,0.04832886757862087,0.05162632375189102,0.05162632375189102,0.05263157894736836,0.08333333333333348,0.18047619047619046,0.05343918873840825,-1.6496598639455784,-0.09139485695202043,-0.5434087882822902,-0.30745501285347043,0.010208248264597763,0.015789473684210353,0.08098591549295775,-0.3416666666666667,-0.38209931608682723,,0.015227697169946763,0.03101920236336797,-0.015810276679841695,-0.10885995264979065
2007-09-30,0.03481956456904256,-0.00547610742936866,0.03508474576271192,0.04280447842708912,0.03470952313968212,-0.011125011770719784,0.0127674878618953,0.0127674878618953,0.02499999999999991,0.025641025641025772,0.5377168212989107,-0.6692843571880938,-20.50261780104712,-1.304949767213918,0.36293379994167396,-0.04974016332590947,-0.0016168148746968924,0.0011514104778354017,0.03583061889250816,-0.12025316455696211,-0.09432146294513954,,0.0,0.02005730659025784,-0.0200803212851407,-0.0463393450160936
2007-12-31,0.04379117931967569,0.05949917581454067,0.0589760384258502,0.0700490998363339,0.03748767970635214,0.04310978098217921,0.06303267045454541,0.06303267045454541,0.04878048780487809,0.07499999999999996,-0.23023784540048964,-0.33186518575258517,-0.10308724832214766,-0.20731217356368015,0.211083770193645,-0.053906250000000044,0.05668016194331993,0.05520414031052323,0.05031446540880502,-0.08633093525179858,-0.09351753453772593,,-0.0060846186500636,0.06882022471910121,-0.012295081967213073,-0.00985749491053245
2008-03-31,0.07818623879246211,0.09887618133368647,0.13900987037084755,0.13025390027531358,0.05241433532071027,0.008985511026487147,0.03624519792884584,0.03624519792884584,0.04651162790697683,0.09302325581395343,0.08951493808928768,0.3877901977644025,-1.5513319365459444,2.3405980739989865,0.582243816254417,0.1535920726672173,-0.008812260536398608,-0.013079019073569453,0.04790419161676662,0.09711286089238835,0.036342321219226426,,-0.023917995444191376,0.018396846254927768,-0.02904564315352709,-0.027756736283952033
2008-06-30,0.03657833896496543,0.07479704185682223,0.025454216349525938,0.03648370683122226,0.041679636431550815,0.010766725261089904,-0.10267569310122504,-0.10267569310122504,-0.11111111111111105,-0.14893617021276584,-0.12157230737149416,-0.45435770342833537,-2.049945711183496,-0.4160218479745107,0.21489587404388355,0.2161775232641372,-0.03981445689988394,-0.045831032578685815,0.04285714285714293,0.1602870813397128,0.1374434389140271,,0.004959159859976747,-0.012903225806451646,-0.03418803418803418,0.03700818075574608
2008-09-30,0.02641421385287912,0.03972869574966009,-0.0055160849035787995,-0.012246709839147663,0.04082872653020564,-0.004424495850436694,-0.1083168672534579,-0.1083168672534579,-0.10000000000000009,-0.10000000000000009,-0.2545994065281899,0.3043149129447389,-0.4860392967942089,-0.5219537542218757,0.08455882352941169,-0.10712183637433781,-0.068438003220612,-0.07118055555555558,0.0657534246575342,-0.14226804123711334,-0.11238189955246136,,0.013933236574745989,-0.04183006535947709,-0.030973451327433565,0.05259203606311047
2008-12-31,-0.09281521201342546,-0.18810146373022074,-0.040845757898473556,-0.048668940175007225,-0.11523149654525622,-0.011470040459829134,-0.09266720386784855,-0.09266720386784855,-0.05555555555555547,-0.05555555555555547,0.4186305732484077,-0.00580383052814859,16.049295774647888,-7.230434782608696,-0.4857627118644068,-0.2412656558998022,-0.0674157303370787,-0.07414330218068532,-0.0822622107969152,-0.28846153846153855,-0.22296918767507012,,-0.024620669911251114,-0.06684856753069579,-0.0091324200913242,-0.14657897420210053
2009-03-31,0.04071961321895001,0.08406653607357484,0.038884134070458654,0.03390207302839987,0.041577882816133505,0.0012473688313712206,-0.05817051509769089,-0.05817051509769089,0.0,0.0,-0.13649118868559884,0.26474022183304147,-0.9519088924293385,-1.2219993021632938,0.20970665787738962,-0.13119026933101652,-0.0922150139017609,-0.09286675639300135,0.04201680672268915,-0.05405405405405406,-0.08147080028839215,,0.0007337833871441379,-0.09064327485380119,0.0,0.04850946890495256
2009-06-30,0.031959719281349,0.08753177544332491,-0.045110438190238744,-0.05891522872654953,0.06790450377478008,0.05520517013158921,0.5096652522395098,0.5096652522395098,0.47058823529411753,0.44117647058823506,0.010789028987391092,-0.5716593584121856,-0.5570552147239264,1.1842829076620824,0.3786526803351271,0.09299999999999997,0.03675344563552829,0.04302670623145399,0.07258064516129026,0.050000000000000044,0.1915227629513343,,0.03490247836926241,0.03215434083601276,0.009216589861751112,0.15566064611703045
2009-09-30,-0.05328639464185225,-0.12606663099495907,0.014456932332229666,0.023390643742503103,-0.08153759383873349,0.01357733175914988,-0.0006246096189881367,-0.0006246096189881367,0.0,0.020408163265306145,0.38991769547325106,1.0414870689655173,41.3185595567867,-2.485518978233495,-0.40800395256917,0.23055809698078678,0.0994583948793697,0.09388335704125161,-0.03508771929824561,0.1462585034013606,0.15810276679841895,,-0.02989939067592462,0.05607476635514019,0.0365296803652968,-0.1460336242173249
2009-12-31,0.00441441898562589,-0.004382502215419359,0.04721187882131206,0.05732146345547395,-0.015298938073710189,0.05111871481265773,0.04296875,0.04296875,0.10000000000000009,0.08000000000000007,-0.29589193190229457,-0.19873317498020582,-0.43104012567912553,-0.5013320416565754,-0.34368218995159405,0.14869888475836435,0.09896999552171959,0.09492847854356312,0.0,0.18991097922848654,0.05233219567690561,,-0.019573473561203536,0.0678466076696167,0.022026431718061623,-0.05836845447722416
2010-03-31,0.013004633171196378,0.08662793520301659,-0.02019315188762072,0.05445139493757756,0.029266929015332455,0.011335695898602172,-0.008689138576778999,-0.008689138576778999,0.0,0.03703703703703698,0.5890932982917214,0.18148880105401854,-0.4895306028531984,-1.988101019912579,0.5174211597151577,0.06213592233009724,0.10187449062754683,0.10154394299287417,0.04155844155844157,0.06234413965087282,-0.05135135135135127,,0.016090584028605637,0.06629834254143652,0.034482758620689724,0.03053341508277141
2010-06-30,0.032286561039553074,0.014237631430018105,0.01816756272401432,0.020275344180225252,0.03887054989135885,0.044423645432651204,0.17273688982922786,0.17273688982922786,0.18181818181818166,0.1428571428571428,-0.05176548416439264,0.4190131028714803,0.043272481406355645,-0.5704104202506759,0.14648453867426459,0.06703229737964667,0.06139053254437865,0.0539083557951483,0.04488778054862852,0.025821596244131495,-0.045014245014245,,0.006304985337243441,0.02072538860103612,0.03333333333333344,-0.005949547834364632
2010-09-30,0.036411318150448624,0.06162814601626976,0.02373985170843329,0.02647203140333665,0.04220253597321233,0.02064413188638614,-0.029252577319587636,-0.029252577319587636,-0.015384615384615441,-0.03125,0.13525769599720938,-0.2255402750491159,-0.13372218621732557,1.8981693363844392,0.3702945691104451,0.09708737864077666,0.01672473867595836,0.01892583120204594,0.04773269689737458,0.048054919908466776,0.023269689737470012,,0.005682646073145836,0.010152284263959421,0.008064516129032251,0.03423509695954041
2010-12-31,0.018491636479863516,0.002710964190375975,0.09871050934880721,0.10796147135447787,-0.017521177855392422,0.02023727942436193,-0.10739413248373819,-0.10739413248373819,-0.10937500000000011,-0.09677419354838701,0.05277308342295273,0.47691527143581935,1.2867830423940148,-1.2540465850769837,-0.1588520829999467,0.17490890161374284,-0.020219328307059636,-0.02259036144578297,-0.002277904328018221,0.12227074235807844,0.11545189504373177,,-0.035352071863228196,-0.021356783919598055,0.0,-0.09496527777777786
2011-03-31,0.07369584120612216,0.13424374094765157,0.2633452653404533,0.18297523513676772,-0.021516252577825745,0.05466929745387383,-0.6064842355740631,-0.6064842355740631,-0.5964912280701754,-0.5714285714285715,-0.4985771616198468,-0.16094125729989694,-0.40163576881134133,1.7195027195027195,-0.2219544676263555,0.09747452370403198,-0.1472542847149353,-0.17257318952234213,-0.020547945205479423,0.10116731517509736,0.08834291688447471,,-0.08876539501351743,-0.1681643132220796,-0.0039999999999998925,-0.041179103523243166
2011-06-30,0.05008372659461102,0.05661157527332872,0.03525531849007524,0.04152230205332064,0.05969550075773533,0.01807127006398579,2.0982615268329554,2.0982615268329554,2.08695652173913,1.9166666666666665,1.2088183934807915,0.4253838280450357,-0.4700200473847276,-2.516571428571429,0.43263509658488863,-0.023011707710940632,0.0028712059064808226,-0.02607076350093096,0.06526806526806528,-0.0035335689045937757,0.1287223823246877,,0.009230262073512296,-0.010802469135802406,-0.016064257028112428,0.014471490496832384
2011-09-30,-0.03319222963177737,-0.07721967726341472,-0.13212090393790288,-0.15467040182088765,0.029454383588888744,0.021943757514148565,-0.03866796779702364,-0.03866796779702364,-0.042253521126760396,-0.02857142857142847,-0.9542789380064562,-0.3257216716932356,0.8713892709766162,-2.779012810851545,-0.5372361608920748,-0.07479338842975203,0.0012269938650306678,-0.01147227533460815,0.0393873085339167,-0.13120567375886516,-0.10127659574468084,,0.06467417932386099,-0.01404056162246492,0.0,0.09157244280830912
2011-12-31,-0.0050322085337619615,-0.03174385391590684,-0.028623619224870334,-0.03440276713406931,0.007562306227402837,-0.03032940546331009,-0.31480776551199086,-0.31480776551199086,-0.30882352941176483,-0.30882352941176483,16.51008645533141,0.08668796592119277,-0.05935317897831682,-1.2044900984856508,0.23739857388738628,0.0643144260830728,-0.06903594771241828,-0.07027724049000639,0.01684210526315799,0.024489795918367196,0.035037878787878673,,0.012732014112593948,-0.06645569620253178,-0.004081632653061273,0.002770249924721524
2012-03-31,0.03613905851573662,0.04661977636935122,0.09104456429179675,-0.03985413985413988,0.007879911248276583,0.03005494126118302,-0.060555555555555585,-0.060555555555555585,-0.04255319148936165,-0.08510638297872342,-0.37072086899275836,0.27381419051352407,-0.09826137917562028,-2.7959606421543244,-0.34456035767511173,-0.01720520352496835,0.07327775340061438,0.08807212205270476,0.01449275362318847,-0.03386454183266929,0.02516010978956995,,-0.02726446531354132,0.0898305084745763,0.0,0.09008467959882283
2012-06-30,0.010076680513375402,0.03484436348419018,-0.049934959349593466,-0.06860730083553013,0.04351252921672022,0.001704523690964077,0.30021683422038237,0.30021683422038237,0.28888888888888875,0.34883720930232553,0.7609520073231333,-0.47622711186336364,-0.5470103986135182,-3.2984429065743943,1.2082764893133242,-0.04440649017933407,-0.0805396565821751,-0.06182281708094339,0.04489795918367334,-0.057731958762886504,-0.1240517626059795,,0.03316723762067886,-0.06531881804043538,0.004098360655737876,0.1110682607018898
2012-09-30,0.035941801928415895,0.08556340540926288,0.026322545311403545,0.03689045597371132,0.040821287494031244,0.008144848287861217,0.005154639175257714,0.005154639175257714,0.01724137931034475,0.0,-0.22820436655279963,-0.13924794359576964,-0.035389765662362516,-0.31677330322418773,0.3738330587589236,0.05272564789991052,-0.07336594041796352,-0.0686141304347826,0.044921875,0.006564551422319376,0.11105450840550168,,0.00467219291635268,-0.0515806988352745,-0.01632653061224487,0.04695790152228896
2012-12-31,-0.027060838235457685,-0.03997940222631258,0.08422965964613871,0.11684286011705103,-0.08272790210781822,0.017343397371465397,-0.1064856711915535,-0.1064856711915535,-0.10169491525423724,-0.08620689655172398,0.8984893678437409,-0.01979522184300342,6.984134853743183,-0.8613661402864488,0.03772359348456078,-0.0870118845500848,0.02111324376199608,0.009482129832239172,-0.05046728971962611,-0.12608695652173918,-0.04264099037138924,,-0.05730573057305732,0.007017543859649145,0.0,-0.14042815193710345
2013-03-31,0.04226028219239142,0.06022391381258352,0.09169768371835496,0.09268848384424189,0.013030945084523848,0.04354674844109718,0.27954085077650226,0.27954085077650226,0.320754716981132,0.3018867924528301,-0.4308955450813441,0.9780640668523677,-0.5966840536512668,-2.2543046357615895,-0.04559680292743995,0.07577870757787064,0.10056390977443619,0.08670520231213885,0.019685039370078705,0.13432835820895517,0.045498084291187624,,-0.02800763844684906,0.08536585365853666,0.004149377593360981,-0.029698605983800808
2013-06-30,0.04935245802765631,0.057782561894510254,0.08581290504367423,0.11545825040280544,0.02612161361555443,0.054966550255004076,0.13575197889182067,0.13575197889182067,-0.4285714285714285,-0.42028985507246364,0.49550271618131614,-0.03590917092061252,-0.06020015396458811,-6.503695881731785,0.26294016749066684,0.13612791702679328,0.07771135781383443,0.049202127659574435,0.04247104247104261,0.11403508771929838,0.011910215300045879,,-0.02210216110019636,0.04173354735152479,0.004132231404958775,-0.05173197047132305
2013-09-30,0.007189771296301162,0.02138030691578141,0.042752786391768716,0.055993610440811636,-0.01678738890055287,0.010549219814923072,0.007666395632477618,0.007666395632477618,0.02499999999999991,0.02499999999999991,-0.30167331626272853,-0.3591382143509221,0.8117627785058978,-1.5452801227935533,-0.11352560517695931,0.07379231647014084,0.08874801901743257,0.05259822560202787,-0.005555555555555647,0.02952755905511828,-0.016749660479855155,,-0.0237736480830405,0.03852080123266566,0.012345679012345512,-0.032756452482184506
2013-12-31,0.05256304504588627,0.10675607010132615,0.04389916133688376,0.05677411049065828,0.058758107711334384,0.01456949203662905,0.011527377521613813,0.011527377521613813,0.024390243902439046,0.0,0.45740598618572514,0.05128205128205132,-0.7425626186816168,-4.713581984517945,0.4755767844268204,0.5012398157987956,0.07132459970887917,0.052980132450331174,0.059590316573556956,0.508604206500956,0.37430939226519344,,0.00583090379008766,0.060830860534124565,-0.004065040650406471,0.047300643883110505
2014-03-31,0.0571242686959994,0.08890569298908924,0.048454001478055675,0.09397128020831746,0.0632368883249157,-0.007035624040033661,-0.0503703703703704,-0.0503703703703704,-0.04761904761904756,-0.04878048780487798,-0.4623486045286993,0.5357723577235773,-0.507551808921672,-0.799128292590487,0.06474073169242045,0.14983482774893808,-0.010529891304347783,-0.018867924528301883,0.06326889279437609,0.08491761723700897,0.04321608040201008,,0.005797101449275255,0.004195804195804342,-0.02448979591836742,-0.004670134783636759
2014-06-30,-0.015884856933714442,-0.037723214285714235,-0.08419831967166524,-0.10309020044543427,0.031607151325461214,0.03424646142075405,-0.0040801632065282645,-0.0040801632065282645,0.0,0.0,0.05278049842202637,-0.049232398094229746,2.579172610556348,-1.3452830188679246,-0.020994665289967296,-0.02708803611738153,-0.04188122210779266,-0.03263403263403264,0.034710743801652955,-0.0841121495327104,-0.054271034039820254,,0.04831327343617553,-0.02089136490250698,-0.012552301255230214,0.07293460830314191
2014-09-30,0.015819096620142803,0.02329956957653545,0.020644792869290995,0.025809355309308835,0.012840845534435097,-0.005226592904699068,-0.050126521267622626,-0.050126521267622626,-0.050000000000000044,-0.05128205128205132,-0.3835021707670043,-0.019116555308092087,0.3254284575528099,7.158469945355192,-0.17495752036093049,-0.2060746677916051,-0.06126836259405233,-0.048192771084337394,0.022364217252396346,-0.23341836734693877,-0.201358234295416,,-0.002910737386804474,-0.03271692745376953,-0.016949152542372947,-0.0024910047052312256
2014-12-31,-0.014327489471254062,-0.031827989488619646,-0.015386299503746259,-0.01913853881416705,-0.013668994001376777,-0.011009263300839067,-0.13332487631612333,-0.13332487631612333,-0.13157894736842102,-0.108108108108108,1.9295774647887325,0.04692526017029319,0.36400541271989173,-1.4800736771600804,0.10180384915844054,-0.07252922422954311,-0.0790076335877864,-0.06772151898734191,-0.0015625000000001332,-0.09317803660565716,-0.04846938775510201,,0.0006487187804087302,-0.06029411764705894,-0.004310344827586077,-0.012930077691453823
2015-03-31,0.035076014592530624,0.03390624187030644,0.12204914083828489,0.14276900296150052,-0.01892016258915563,-0.0012831829475611345,-0.1838407494145199,-0.1838407494145199,-0.18181818181818177,-0.1515151515151515,-0.35863095238095233,0.45707572745346114,-0.04574514991181655,-2.922915940006976,-0.17767249991943024,0.00028645087367529243,-0.09034397016162443,-0.09232858112695164,-0.00312989045383405,0.0018348623853210455,0.054066130473637175,,-0.05218800648298216,-0.0923317683881063,-0.0043290043290044045,-0.09523809523809523
2015-06-30,-0.00974610749974858,-0.01959271312107891,-0.015479296715878887,-0.0189774322427384,-0.005675289041063736,0.03882319243831578,0.23744619799139177,0.23744619799139177,0.2592592592592593,0.2142857142857142,0.34963412457611986,-0.3430910444058546,-0.047938084786877666,-1.2876836568111736,0.062157077911898506,0.008304696449026316,-0.0428246013667426,-0.05534779356768893,0.0015698587127157548,0.012820512820512775,0.08944467994913086,,0.004103967168262779,-0.05344827586206902,0.0,-0.0006213881811967248
2015-09-30,0.023414057667273003,0.051260993053416914,0.052222532848756,0.06425249717949422,0.0031604518974504003,-0.019529065141524637,0.19811594202898553,0.19811594202898553,0.23529411764705865,0.2058823529411764,-0.3741073790002645,-0.37141238670694865,0.013346275175928124,-2.396595208070618,-0.08172828573537005,-0.09258733314399326,0.023322227510709226,0.005542359461599311,0.015673981191222763,-0.0940325497287523,-0.05836575875486383,,-0.01975476839237067,0.012750455373406133,-0.008695652173913104,-0.012248958527637854
2015-12-31,-0.014046388264905674,-0.01719507828521205,-0.03800414474732983,-0.04623022029165369,0.0036207180307055165,-0.004571749959826454,-0.19063747429539135,-0.19063747429539135,-0.19047619047619035,-0.1707317073170731,0.2911472638918233,0.16431360768999692,-0.19432471264367812,-1.7300225733634311,0.06497368103829304,0.20219092331768374,-0.0009302325581395099,-0.013385826771653564,0.0092592592592593,0.1836327345309381,0.16694214876033064,,0.01789437109103531,-0.008992805755395517,-0.004385964912280604,0.03046707793025294
2016-03-31,0.007727147954982083,0.019350671932831576,-0.02428219489830863,0.08998861418347426,0.030352722530669007,0.03553930471139943,-0.0035869077865789967,-0.0035869077865789967,0.0,0.0,0.18630338733431517,0.2525799793601651,-0.49933125278644674,2.880643166357452,0.2367567159674011,0.11377245508982048,0.03165735567970196,0.038308060654429266,0.030581039755351647,0.10286677908937603,0.10587818696883855,,0.022358764294248212,0.027223230490017958,0.013215859030836885,-0.0648136835675015
2016-06-30,0.032573807480853034,0.03942067128050164,-0.0162022622026472,-0.015382702232170642,0.0652226634734896,0.0012861084696089709,0.12359382030898458,0.12359382030898458,0.11764705882352944,0.11764705882352944,-0.43837506034898954,0.08856848609680745,-1.1772039180765805,-0.44940239043824703,0.10540284938527722,0.07573632538569419,-0.0049638989169674685,0.008455034588777943,0.06379821958456966,0.04434250764525993,0.030419468459814247,,0.03171953255425719,0.017667844522968323,-0.008695652173913104,0.05565353713501864
2016-09-30,0.056251209088830745,0.08390056345292707,0.0828633904937277,0.0938770870696406,0.039799649956600236,-0.0018683003915646035,-0.07195301027900147,-0.07195301027900147,-0.052631578947368474,-0.07894736842105265,0.5232715215522534,0.09895931882686848,-4.296482412060302,0.339507959479016,0.1277253408400949,-0.097348978704911,-0.07755102040816331,-0.06478658536585369,0.046025104602510414,-0.15226939970717424,-0.12181479179614663,,-0.01569579288025902,-0.05208333333333326,-0.013157894736842035,-0.009095971783924406
2016-12-31,-0.010460460043789865,-0.02267532823348739,0.006738229354873004,0.010010275831014548,-0.021532966581821134,0.0014350447281603618,0.013952819332566202,0.013952819332566202,0.0,0.028571428571428692,0.2158980973879394,0.08987603305785119,4.4903455284552845,-1.4436041486603284,-0.050242278889922165,-0.1615310544053924,-0.014257620452310604,-0.008149959250203787,-0.002666666666666595,-0.1986183074265977,-0.12597310686482666,,-0.011178694722998372,0.005494505494505475,-0.013333333333333197,-0.03234669664043954
2017-03-31,-0.009851719423703886,-0.0493168673276676,0.021251214053460643,0.029413109581837737,-0.03045433248718543,0.040513072124483074,0.1330685203574975,0.1330685203574975,0.16666666666666674,0.16666666666666674,0.08891393714361495,1.1459715639810426,0.20657103192966209,3.9673648319532395,-0.2627740987915175,0.1449899511915016,0.0349127182044886,0.02958093672966311,-0.012032085561497374,0.1487068965517242,0.1291497975708502,,-0.020781379883624385,0.03460837887067414,-0.0045045045045045695,-0.0765358802271554
2017-06-30,0.02156485387644813,0.04303661914997625,0.052317107208203595,0.05984386625356741,0.00010818920127508846,0.029991392537704442,0.09866032302491545,0.09866032302491545,0.11904761904761907,0.09523809523809534,0.30177190525482556,-0.6099087161366313,-0.2573444810922758,-1.6273779172386742,0.22362028590402283,0.1308926780341022,0.046746987951807206,0.029529130087789346,0.0,0.14446529080675408,0.07099318752240946,,-0.02088285229202036,0.02640845070422526,0.0,-0.01579315164220818
2017-09-30,0.06267180683609275,0.10332333926033943,0.05928407237863209,0.06565381391450131,0.0651589127440304,-0.008582100398221049,-0.043532763532763585,-0.043532763532763585,-0.04255319148936165,-0.0434782608695653,-0.568829224940362,0.15663332704283817,-1.0036149555876885,-0.5117224132541419,0.08923419692079171,0.11929046563192891,0.044198895027624197,0.03023255813953485,0.06089309878213811,0.11967213114754105,0.0629394040843656,,0.002254204959250883,0.030874785591766818,0.0,0.03528827037773352
2017-12-31,0.06443886995213854,0.12332351096755922,0.036927471182291116,0.08031974514777884,0.08452497020907801,0.03153975269550169,0.14011676396997497,0.14011676396997497,0.1333333333333333,0.13636363636363646,1.0916684747233671,-0.19921683798335776,30.057142857142857,3.9487836107554415,0.40542312432800975,0.11925515055467528,0.04673721340388015,0.04138449962377733,0.08163265306122458,0.05563689604685207,0.059212598425196994,,0.018858131487889285,0.0532445923460898,-0.009049773755656076,0.039846375420067304
2018-03-31,0.007386165186860083,-0.019647037637313125,-0.0803738317757009,-0.1081774744027304,0.06864777125733545,0.020172808276606835,-0.06385202215487507,-0.06385202215487507,-0.07843137254901966,-0.06000000000000005,-0.36341476064519473,1.3131621841890793,0.1563937442502299,-0.8591203104786546,0.04063963577332852,-0.0879646017699115,-0.026537489469250164,-0.01011560693641611,0.06603773584905648,-0.15672676837725386,-0.15819209039548032,,0.060791305824418496,0.009478672985782088,-0.022831050228310446,0.09926131117266856
2018-06-30,0.06279470372695295,0.12147541284740715,0.06337767923133786,0.06951800712324863,0.062444501565640076,0.04753679312962733,0.3148024112525116,0.3148024112525116,0.3191489361702129,0.3191489361702129,0.8579925044810168,-0.7384832202941953,-2.803500397772474,7.0665748393021115,0.31502035107851745,0.005239666213855854,0.013414106447425356,0.03430656934306553,0.0652654867256639,-0.05756578947368418,-0.021547156481808494,,-0.0003201536737633681,0.06103286384976525,-0.02336448598130858,0.048599028019439494
2018-09-30,0.06431097833178812,0.11458538076830682,0.09629155425488123,0.10263260846747646,0.04508289115552744,-0.014774132634742476,0.08583800305654621,0.08583800305654621,0.09677419354838723,0.08064516129032273,0.1311115983336988,0.1801953519703603,1.4252315835906484,-0.044168706243952416,0.22897463866921197,0.10135135135135132,0.04654141759180197,0.06069160197600554,0.052959501557632294,0.03315881326352521,0.014440433212996373,,-0.01809447558046451,0.08997050147492613,-0.028708133971291905,0.010814212965611913
2018-12-31,0.01228310178164671,0.02879844030899914,0.013372374326376057,0.016087298908763703,0.011596093947301878,-0.014131843213475825,-0.1947767612792244,-0.1947767612792244,-0.19117647058823528,-0.19402985074626866,-0.25167668152742784,0.09446347031963476,0.6584212440887596,-0.6218662537962246,0.07045144397723369,0.07835232252410185,-0.027335781313749585,-0.019294743845642004,0.017751479289940697,0.02533783783783794,-0.031316725978647764,,-0.000652315720808816,0.008119079837618504,-0.024630541871921152,0.01250990603419
2019-03-31,0.013619340547259773,0.026049651941225216,0.014290771092470234,-0.004232813245213629,0.013195123473484838,0.03424104270204409,0.14954360069916484,0.14954360069916484,0.14545454545454528,0.16666666666666652,-0.4438170232606331,0.29491525423728815,0.1559552533450319,-1.7511811023622048,-0.049438761232548756,0.04990247074122234,0.03229865771812079,0.027815468113975506,0.02034883720930214,0.0313014827018121,0.031594415870683346,,-0.00032637075718011666,0.05234899328859055,-0.025252525252525304,0.030413149214513435
