Quarter end,Assets,Current Assets,Liabilities,Current Liabilities,Shareholders equity,Revenue,Earnings,Earnings available for common stockholders,EPS basic,EPS diluted,Cash from operating activities,Cash from investing activities,Cash from financing activities,Cash change during period,Cash at end of period,Price,ROE,ROA,Book value of equity per share,P/B ratio,P/E ratio,Cumulative dividends per share,Equity to assets ratio,Net margin,Asset turnover,Current ratio
1994-07-01,0.00997153024911035,-0.0017077359129613612,-0.013010967048486921,-0.028039757597867143,0.037333937795559935,0.06819933752853435,0.05045367060764372,0.05045367060764372,0.04761904761904767,0.0,-1.2865291794646776,-0.13553813490119226,-1.703884426072319,-0.7059440958357102,-0.658003574163901,0.0726905603230692,-0.02019315188762072,0.03429602888086647,0.03406326034063256,0.061776061776061875,0.0987403494514425,inf,0.027163198247535547,0.0030864197530864335,-0.00588235294117645,0.027072387624051286
1994-09-30,0.00997153024911035,-0.0017077359129613612,-0.013010967048486921,-0.028039757597867143,0.037333937795559935,0.06819933752853435,0.05045367060764372,0.05045367060764372,0.04761904761904767,0.0,-1.2865291794646776,-0.13553813490119226,-1.703884426072319,-0.7059440958357102,-0.658003574163901,0.0726905603230692,-0.02019315188762072,0.03429602888086647,0.03406326034063256,0.061776061776061875,0.0987403494514425,inf,0.027163198247535547,0.0030864197530864335,-0.00588235294117645,0.027072387624051286
1994-12-30,0.06256420375418825,0.09026008656854301,0.08383471884137839,0.14206674218001214,0.038469098005845526,0.04998820524397396,0.16686297605025513,0.16686297605025513,0.15909090909090917,0.0,-3.06874255572571,0.3911507434206798,1.317612157171399,-1.5852021416931792,1.1259331143624962,0.10164705882352942,-0.02019315188762072,0.03429602888086647,0.036470588235294255,0.061776061776061875,0.0987403494514425,inf,-0.022819364470036185,0.0030864197530864335,-0.00588235294117645,-0.04532859680284196
1995-03-31,0.19056632073652402,0.1808769786285731,0.11111613343691884,0.14131956161328652,0.2844986812528598,0.22957938207587625,0.46724988784208166,0.46724988784208166,0.43137254901960786,0.0,15.496545484454678,1.9202960548652137,0.845637408568443,7.408870914274349,4.453492046771305,0.06279367791542079,-0.02019315188762072,0.03429602888086647,0.18388195232690108,0.025454545454545396,0.0987403494514425,inf,0.07900480139676991,0.0030864197530864335,-0.00588235294117645,0.03468036019944942
1995-06-30,0.01015700659050589,-0.008411426669317268,-0.0012611003100204687,-0.012327872561420872,0.02183424659671429,-0.050283407173099426,-0.2937624216480661,-0.2937624216480661,-0.3287671232876712,0.0,-1.2929823249320669,-0.5565858739931918,-0.8157067840511811,-2.0097767895861423,-0.8246152855579164,0.03858520900321549,-0.02019315188762072,0.03429602888086647,0.019175455417066223,-0.12056737588652477,0.0987403494514425,inf,0.011529126213592145,0.0030864197530864335,-0.00588235294117645,0.003955980723584718
1995-09-29,0.01959604863570008,-0.00394252933584982,0.008783690898259922,-0.13113772610962593,0.03040386656024241,0.03923424387892638,0.09510408774398393,0.09510408774398393,0.08163265306122458,0.0,-2.337054559068786,0.21653906659674882,0.3982181943857763,-0.9920512840533766,-0.03737288446712439,0.13544891640866874,-0.02019315188762072,0.03429602888086647,0.027281279397930236,0.11290322580645151,0.0987403494514425,inf,0.010597880423915074,0.0030864197530864335,-0.00588235294117645,0.14636767445192733
1995-12-29,0.05508333895000672,0.07964949727574,0.07322350130595523,0.1488736694199524,0.03733125448128982,0.10520605863957311,0.18643956116364113,0.18643956116364113,0.18867924528301883,0.0,0.3813766418898279,-0.04421666077570974,-0.2648375490923073,-25.0,0.9317722436215248,0.17382413087934556,-0.006272401433691788,0.03429602888086647,0.03205128205128194,0.14130434782608692,0.1272189349112427,inf,-0.016818361693707873,0.0,0.00591715976331364,-0.060246234610336846
1996-03-29,0.023595065210173294,-0.007809167056864852,0.011180155380959178,-0.008482963013185962,0.036164752301761194,0.04511192201841463,0.3220593135621459,0.3220593135621459,0.31746031746031744,0.0,1.1820016216415437,0.2911209726882418,-2.474110878661088,1.2189751146037984,1.0703018577379426,0.058943089430894435,0.030658250676284915,0.03429602888086647,0.032830523513753374,0.028571428571428692,0.005577427821522152,inf,0.012276111893741115,0.027692307692307683,0.0117647058823529,0.000665026268537483
1996-06-28,0.04153494697182736,0.02281399059998912,0.0484925152856841,0.02379534034766584,0.03466049472541033,0.0039318954010696405,-0.3016593152699013,-0.3016593152699013,-0.3012048192771084,0.0,-0.9724470793904154,-0.11957189962555193,-1.8492866012823437,-2.586140111410337,-0.8200005721532989,-0.0005483959418699502,0.004374453193350725,0.003490401396160747,0.0317869415807559,-0.03395061728395077,-0.04078303425774876,inf,-0.0065606361829025905,-0.0059880239520957446,0.005813953488372103,-0.0009304180235262249
1996-09-27,0.24656255386324788,0.32969627268214285,0.37672179770762115,0.40455314962147004,0.11623894296606085,0.16323712182594718,-0.5787415784408085,-0.5787415784408085,-0.6896551724137931,0.0,11.758007662835249,0.7549830196464278,3.532794222964908,-1.1624821202218838,1.2173129900402628,0.01262002743484203,-0.15940766550522645,-0.1878260869565218,-0.17318900915903412,-0.019169329073482455,-0.023129251700680253,inf,-0.10466279767860709,-0.17771084337349397,-0.011560693641618491,-0.053282777888644994
1996-12-27,0.03958680368665024,0.044677430340915425,0.016923786576423572,-0.0038189370259479327,0.06757370606963087,0.04898192591062189,3.097529630158504,3.097529630158504,3.0555555555555554,0.0,0.8966196574009562,-0.3733525637837569,-0.797680098483901,2.579945605496708,1.1950829072490086,0.0601463018152264,0.0932642487046631,0.07066381156316925,0.059415911379657516,0.28338762214983726,0.22736768802228413,inf,0.02704514975413508,0.09157509157509147,-0.01754385964912286,0.048622821810005545
1997-03-28,0.02204228186195456,-0.008194986929109693,0.009267869467251888,-0.0020278668749920126,0.03706915347264372,0.1775733344212802,0.529343091130859,0.529343091130859,0.2191780821917808,0.0,0.6009335849917028,0.3913347763347763,-2.3364461653597113,-0.6230832283732182,0.20520718818368833,-0.07998977766419635,0.18862559241706167,0.16999999999999993,0.033269961977186346,-0.13197969543147203,-0.1197163120567376,inf,0.014581066376496254,0.1510067114093958,0.017857142857142794,-0.006164567140176769
1997-06-27,0.032289747317542306,0.011250121710936423,0.020647225079500897,-0.05152362265928201,0.04561800713960573,-0.11070717521174278,-0.40083628616026157,-0.40083628616026157,-0.247191011235955,0.0,-0.9591082626154729,-0.03822878152240994,-4.413312881941908,-2.8530737813610565,-0.31551758394595664,-0.04166666666666663,0.03349282296650702,0.023931623931623847,0.04047838086476552,-0.07309941520467833,-0.06574282951981958,inf,0.013084513084512972,0.04081632653061251,-0.01754385964912286,0.06620819848975179
1997-09-26,0.02572959215557047,0.021178522563010338,0.010380051682394642,0.010270574851542147,0.04288197089800083,0.06050310663308145,0.11342891914505215,0.11342891914505215,0.10447761194029836,0.0,13.759674922600619,-0.05569184814549222,-0.8950176539819537,-0.774902679184795,-0.10376039055284336,0.10231884057971019,0.1558641975308641,0.1752921535893155,0.03625110521662256,0.05993690851735023,0.06209037599172129,inf,0.016726656785941207,0.1652661064425769,0.005952380952380931,0.010813203490578127
1997-12-26,0.05565841472394717,0.1200060056453065,0.06452580149263576,0.11744269653860884,0.04605834837431111,0.054007286435980184,0.18067391935511412,0.18067391935511412,0.20270270270270263,0.0,-0.17858360208710244,-0.38047139969623955,-0.3699551569506726,-4.316632756866735,0.3839766805052558,0.019195372074677808,0.002670226969292422,0.009943181818181657,0.04266211604095571,-0.014880952380952328,-0.1692107827216629,inf,-0.009162848812994562,0.004807692307692291,0.00591715976331364,0.002252111354394737
1998-04-03,0.011035005518876817,0.06312006614753862,-0.025103053058563307,0.04362945972182852,0.05084972708441082,0.12323837864733433,0.15859515130475033,0.15859515130475033,-0.4044943820224719,0.0,1.3549221144024517,0.04051500880159997,-1.164024587512132,5.927382869411855,1.9219640881627096,0.24767801857585137,-0.07190412782956057,-0.057665260196905654,0.0400981996726677,0.1963746223564955,0.19272869429241601,inf,0.039302227826818026,-0.0574162679425837,0.0,0.018663004806191763
1998-07-03,0.01843928343293899,0.024897661497117918,-0.001994602839375803,0.12222097832099665,0.039324930356897436,-0.06165510718114764,-0.1967763683579704,-0.1967763683579704,-0.2264150943396227,-0.5402298850574712,-0.856001355472721,0.15123251755994294,-9.398422090729783,-1.4134657958822228,-0.27196309995340173,0.17990074441687343,0.0,0.017910447761193993,0.03619197482297398,0.13383838383838387,0.11996066863323507,inf,0.020626895854398475,0.005076142131979822,0.0117647058823529,-0.08670343137254899
1998-10-02,0.044409747623085805,0.06098329772800093,0.025934634375734733,0.05112037626568622,0.06254257863676238,0.053504476808626134,0.13541618092795527,0.13541618092795527,0.12195121951219523,0.125,2.349061043912082,-0.09149592607695445,0.024972600594958427,-1.4996586573857171,0.21040288424516085,0.1074307746232035,0.0035868005738881603,0.02052785923753664,0.059225512528473745,0.06904231625835178,0.06584723441615448,inf,0.01723796314642345,0.015151515151515138,0.005813953488372103,0.009392821200939316
1999-01-01,0.065423982551994,0.06717002556220852,0.09144645872008184,0.38330574521418237,0.04076356228920264,0.0433587278943115,0.19126042137254107,0.19126042137254107,0.19565217391304346,0.19999999999999996,-0.19082317394512172,1.227022128877635,4.570992133200947,-2.9849706646663274,-0.30609353052962074,-0.07279632853299567,0.013581129378127388,0.02586206896551735,0.0379928315412188,-0.12499999999999989,-0.11367380560131801,inf,-0.02298402804830524,0.02487562189054726,0.0,-0.2285144566301096
1999-04-02,0.09194144865091158,0.1600600678914954,0.1408398763204819,0.050022323061361895,0.0433458310581214,0.10503203505597836,0.34175687788733367,0.34175687788733367,0.34545454545454524,0.33333333333333326,3.464257802323764,-0.26209172944339443,0.6507314130598703,-6.865952249200329,2.5875677960551777,0.10360129714968402,0.07052186177715081,0.06022408963585435,0.0379834254143645,0.06428571428571428,0.043370508054522805,inf,-0.044657097288676284,0.08009708737864063,-0.017341040462427793,0.10476436633066255
1999-07-02,-0.0024218659670519616,-0.06860285838998725,-0.042031094520209145,-0.06558672670283439,0.04062038774025423,-0.03144887902522464,-0.3296504706355936,-0.3296504706355936,-0.33783783783783783,-0.33333333333333337,-0.9501823592915706,0.3665091446917499,-2.0793315947710247,-1.8495004900765255,-0.6127104032074717,-0.05459325703680784,-0.005270092226613898,-0.006605019815059454,0.03858948769128401,-0.0894854586129753,-0.13984560570071258,inf,0.04319699499165264,0.0022471910112360494,-0.00588235294117645,-0.0031973797083365563
1999-10-01,0.027184625772257442,0.02819840821276931,0.011376390776881573,-0.10485891555294136,0.04299860211096851,0.030396727699211867,0.14507844840803386,0.14507844840803386,0.14285714285714302,0.14583333333333348,5.730974971691851,-0.3242598060844675,-1.2831068499053542,-1.0800102921062253,0.1265800546752478,0.11140193031244872,0.004635761589403931,0.0026595744680850686,0.03971812940422814,0.0687960687960687,0.0707628581290991,inf,0.015403080616123388,0.011210762331838486,-0.01183431952662728,0.14856829917070868
1999-12-31,0.0873310202471691,0.06796758820383397,0.0653762964223592,0.10122754183182936,0.10862784046954777,0.11004703447627118,-0.08138535866909169,-0.08138535866909169,-0.1250000000000001,-0.12727272727272743,0.7123623011015912,1.0164188766854183,0.16509023700804515,-1.9022714193832302,-0.08933930221855402,0.12275537238740064,-0.06855636123928799,-0.05968169761273201,0.06346272335181768,0.08045977011494276,0.07382333978078659,inf,0.019503546099290503,-0.06208425720620847,0.0059880239520957446,-0.030175056195082095
2000-03-31,0.052802278621808085,0.01341828994833505,0.0513776961486323,0.034829062503912045,0.05413025892209067,0.19536361406076352,0.8541704624130015,0.8541704624130015,0.7755102040816326,0.7708333333333333,0.5348844299753717,0.02652846586034152,-2.4242056641627396,-1.7868612590980715,0.08759553940608944,0.09425799685369696,0.03397027600849256,0.05359661495063461,0.04982618771726521,0.029787234042553123,0.12368658060642446,inf,0.0013526570048310038,0.016548463356973908,0.03571428571428581,-0.02071920213513123
2000-06-30,0.07250034217868051,0.045101189841432854,0.12011730826987965,0.13041251714999147,0.02822823059592494,-0.12684326884528718,-0.3711186227497838,-0.3711186227497838,-0.3448275862068966,-0.3411764705882352,-1.211220510239891,0.16744631229862894,-7.394758394758394,-7.637104849091689,-0.5345675741062891,0.014616029711273404,-0.013004791238877544,-0.01606425702811254,0.02759381898454749,-0.0351239669421487,-0.0411434678065723,inf,-0.04129679660362784,0.0,-0.017241379310344862,-0.07545004661837496
2000-09-29,0.032984126984126894,0.05471965687800484,0.04302703384751272,-0.1591831274802693,0.0228122304226972,0.014452157674664123,0.13541666666666674,0.13541666666666674,0.14035087719298267,0.1428571428571428,-2.5768025078369905,-0.3533487297921478,-0.6319159836065573,-1.0998563218390804,0.11468646864686471,-0.1627110638800331,-0.004854368932038833,-0.013605442176870763,0.02094522019334044,-0.18415417558886504,-0.19030370576762334,inf,-0.00986312399355882,0.009302325581395543,-0.023391812865497075,0.2544410829260726
2000-12-29,0.22715817941547067,0.12684878496704166,0.41726901557538176,0.8067561117887256,0.030799987505075954,0.06634919364520386,-0.39816513761467887,-0.39816513761467887,-0.4,-0.40625,0.9562624254473162,2.2185714285714284,3.46624913013222,1.6043165467625897,0.2679496669133974,-0.043717388238612265,-0.06898954703832749,-0.12413793103448267,0.029458179905312853,-0.06299212598425208,-0.07777013076393657,inf,-0.15999186826590772,-0.06682027649769584,-0.059880239520958,-0.37635273019603
2001-03-30,0.023628554613641217,-0.06754751025872352,0.05834151337971072,0.053390079248605726,-0.025667444468014167,0.08721432056141398,-1.5701219512195121,-1.5701219512195121,-1.564102564102564,-1.5789473684210527,0.7066395663956639,-0.3018197958277852,-0.7731380492365223,-0.6298342541436464,0.07822533566841794,-0.2906650936440053,-0.4565868263473054,-0.4929133858267717,-0.029126213592232997,-0.31092436974789917,-0.2615671641791045,inf,-0.04816069699903203,-0.45185185185185184,-0.07643312101910837,-0.11472483886960827
2001-06-29,0.04352400058717043,0.0661048689138577,0.05974272118719259,-0.19094987322020673,0.01850584722567805,-0.06333920127023573,-2.2754010695187166,-2.2754010695187166,-2.272727272727273,-2.272727272727273,-1.220325526002382,-0.48935155753337567,1.290521978021978,-8.395522388059701,-0.5365457498646453,-0.22058212058212057,-0.21625344352617082,-0.2639751552795031,0.01684210526315799,-0.19918699186991873,0.3931278423446185,inf,-0.023900330536486103,-0.22522522522522526,-0.048275862068965614,0.31765232974910385
2001-09-28,0.01921318547347206,0.03246677205925397,0.00825738693658562,0.0437388069982092,0.03679726387149973,0.019052181603773644,0.42976939203354303,0.42976939203354303,0.4285714285714286,0.4285714285714286,-3.681981981981982,-0.2365390600684718,-1.079160419790105,-1.2694248234106964,0.3119158878504673,-0.05974926647105905,-0.23198594024604569,-0.27004219409282704,0.031573498964803326,-0.07614213197969544,0.18389553862894448,inf,0.017191977077363862,-0.2383720930232558,-0.04347826086956508,-0.010795647738864322
2001-12-28,-0.010615906607625458,-0.027022428899537765,-0.03277791406412167,-0.1116280604500759,0.023975023562676778,0.04903627092901308,0.27712609970674484,0.27712609970674484,0.2749999999999999,0.2749999999999999,0.1975142761168962,-0.20383204239706487,4.587121212121212,-0.5543071161048689,0.10596616206589493,0.15546099290780124,0.13501144164759715,0.12716763005780352,0.021073758153537403,0.1208791208791209,0.4856004901960784,inf,0.03508322663252228,0.12213740458015265,0.007575757575757569,0.0952135430093668
2002-03-29,0.0009648694520005829,-0.03706941773037242,-0.027060246605275506,0.005831445232700627,0.04228268998446749,0.0500879037540074,0.6199770378874856,0.6199770378874856,0.6274509803921569,0.6078431372549018,1.1380084151472651,1.2724014336917562,0.9898305084745762,1.092436974789916,0.20048309178743962,0.15394058433587055,1.0161290322580645,1.0512820512820515,0.03832923832923818,0.13235294117647056,-0.0008249123530624791,inf,0.04106877783275609,1.0476190476190474,0.0,-0.042604943114947
2002-06-28,0.020533070088845085,0.02287997094606875,-8.021015059456182e-05,-0.0016986706056130174,0.04890164477315384,-0.09237738822139063,-0.4401133947554926,-0.4401133947554926,-0.4457831325301205,-0.4390243902439024,-0.9715297822093939,-0.5597115817936007,-1.495059625212947,-2.036144578313253,-0.17303822937625757,-0.058510638297872286,0.04999999999999982,0.08250000000000002,0.04827259820160901,-0.09523809523809534,-0.5457172342621259,inf,0.02780418250950567,0.08637873754152836,-0.007518796992481258,0.024586133420750667
2002-09-27,-0.0011607661056297625,0.000621338540742089,-0.023042213977739867,-0.06647185026263225,0.027546832245842978,-0.01171875,0.17594936708860764,0.17594936708860764,0.17391304347826098,0.17391304347826098,9.870967741935484,-0.15609007164790178,-1.4384033035099795,-1.3449612403100775,0.0721816707218168,-0.17152542372881363,0.029523809523809508,0.06235565819861444,0.02708803611738153,-0.20574162679425834,-0.23943661971830998,inf,0.028901734104046284,0.07033639143730896,0.0,0.07190849464085747
2002-12-27,0.012133848309806128,0.04349625949909819,-0.008149273339354668,-0.03253160042794312,0.03743438740238125,0.022397891963109373,0.13778256189451032,0.13778256189451032,0.14814814814814814,0.12962962962962954,-0.09029249682068674,-0.20739842328684055,-0.03610675039246469,2.235955056179775,0.2178517397881996,-0.17757774140752858,0.007400555041628065,0.03913043478260869,0.03428571428571425,-0.19879518072289148,-0.22700119474313019,inf,0.024943820224719193,0.05428571428571427,-0.022727272727272707,0.07857622565480193
2003-03-28,0.17443378810392174,0.15843015018418805,0.2059024400339411,0.22346002621231986,0.13690549645827677,0.09382159221076747,0.5383159886471145,0.5383159886471145,0.5,0.5245901639344264,2.1500465983224606,2.8485080336648814,-0.3420195439739414,3.8125,0.8608695652173912,0.06401326699834153,-0.011937557392102782,-0.0020920502092051096,0.04717382065448361,0.022556390977443552,0.020092735703245657,inf,-0.03201052400789306,0.051490514905149,-0.04651162790697683,-0.053203265532032584
2003-07-04,0.042115554192385884,0.03268021819427114,0.034598750600672856,-0.007498660953401126,0.051623827717957704,0.16333409693359946,-0.43234932349323496,-0.43234932349323496,-0.4731182795698925,-0.4731182795698925,-0.9699704142011835,-0.28628230616302186,-5.4504950495049505,-2.1277056277056277,-0.5216955941255006,0.07730673316708248,-0.03159851301115246,-0.023060796645702264,0.05073051948051943,0.02941176470588225,0.03106060606060601,inf,0.009060022650056565,-0.03608247422680411,0.016260162601626105,0.04048227986846897
2003-10-03,-0.0004966613321560898,0.00876424189307623,-0.02201247428836839,-0.033762817053426875,0.026278848932744348,0.010239675931135395,0.17118093174431204,0.17118093174431204,0.18367346938775508,0.16326530612244894,16.571428571428573,-0.43426183844011146,-1.5367074527252504,-1.3570057581573896,0.38939288206559675,0.18142361111111094,-0.025911708253358867,-0.0193133047210301,0.025106218617226617,0.12857142857142878,0.1675238795003675,inf,0.026936026936027035,-0.03475935828877008,0.016000000000000014,0.04403399115106388
2004-01-02,0.022038795641931674,0.028295019606922267,-0.007870142646335454,-0.030404579886201044,0.057507794428240944,0.008353753619959825,0.18778908418131368,0.18778908418131368,0.18965517241379315,0.19298245614035103,-0.1682085786375105,0.2688330871491875,-0.03730569948186524,-1.9086021505376345,-0.2546459065796083,0.00881704628949298,-0.015763546798029604,-0.006564551422319376,0.05614167294649586,-0.01898734177215189,-0.003146633102580232,inf,0.03475409836065557,-0.016620498614958512,0.007874015748031482,0.060540831427418285
2004-04-02,0.06278192442399622,0.11143587869930571,0.07710324312310868,0.17122695852534564,0.046848251987674505,0.10471666850767702,0.48442367601246117,0.48442367601246117,0.46376811594202905,0.48529411764705865,2.383215369059656,0.7795886689949554,-0.1991388589881593,-10.09861932938856,3.1084905660377355,0.05122602573440149,0.011011011011011096,0.024229074889867697,0.04316803424901883,-0.006451612903225823,0.023989898989899006,inf,-0.014997887621461703,-0.00845070422535199,0.03125,-0.05105924140555629
2004-07-02,0.001008132836326725,-0.017689842209072992,-0.010475691633731743,-0.00783843600147549,0.014154114504787652,-0.06599340065993398,-0.42077649527806926,-0.42077649527806926,-0.4158415841584159,-0.4257425742574258,-0.8805538951982467,-0.16245093763628438,-1.2244623655913978,-1.5415131151094732,-0.40970969329178286,-0.024249422632794393,-0.000990099009900991,0.01505376344086029,0.011627906976744207,-0.06493506493506496,-0.053020961775585684,inf,0.013081707055543568,0.022727272727272485,-0.007575757575757569,-0.009892386872535242
2004-10-01,0.04343300129486538,0.10225680282780103,0.04990135219671821,0.23803327446788725,0.036208255697291136,0.05301894872069379,0.18206521739130443,0.18206521739130443,0.1694915254237288,0.1724137931034484,2.963302752293578,-0.18667013798489973,0.16167664670658688,-1.746196957566053,0.5179216449013615,0.06248520710059169,0.0029732408325073845,0.00847457627118664,0.03313049357674114,0.05555555555555558,0.029296875,inf,-0.006985605419136287,0.01666666666666683,-0.007633587786259555,-0.10970093836494976
2004-12-31,0.06247820197743548,0.17313092979127132,0.05339627830231919,0.08731231231231229,0.07275619413178425,-0.10616342610242724,0.2068965517241379,0.2068965517241379,0.2028985507246377,0.2058823529411764,-0.23190235690235694,-0.19206145966709343,3.3505154639175254,0.11212446351931327,0.3794618341570566,0.16618400534640232,0.008893280632411127,0.008403361344537785,0.0625,0.125,0.12270714737507893,inf,0.009592837348113337,0.060109289617486406,-0.04615384615384621,0.07893539581437681
2005-04-01,-0.035535978747118224,-0.07967779503105588,-0.10960274985859109,-0.10748233561186682,0.046772503827866796,-0.18366128298453144,1.6146031746031748,1.6146031746031748,1.6024096385542173,1.6097560975609757,1.688767123287671,-2.400554675118859,-13.098341232227488,0.4645441389290883,0.34063163481953285,-0.0397325692454632,0.3192948090107737,0.35416666666666674,0.08654142285186328,-0.0935672514619883,-0.08338028169014089,inf,0.08551520270270263,0.48453608247422664,-0.08870967741935487,0.0311336003935625
2005-07-01,-0.034581562304593194,-0.06710253435973146,-0.022348188689080062,-0.026277108744423572,-0.04614531849046144,0.24786652269323217,-0.6804273919378339,-0.6804273919378339,-0.6712962962962963,-0.6728971962616823,-0.9903199510902791,-2.005940594059406,-0.7703457056115953,-2.920289855072464,-0.5770563199049787,-0.09309727471653073,0.0007423904974017681,0.018461538461538307,-0.04960317460317465,-0.16774193548387095,-0.33620159803318983,inf,-0.01205991052324451,0.03819444444444442,-0.017699115044247593,-0.04191657579062169
2005-09-30,0.0003935393949332511,0.023700075357950157,-0.013745418193935377,-0.03625529661016946,0.014092009685229945,-0.002763433356594569,-0.24392097264437695,-0.24392097264437695,-0.23943661971830976,-0.24285714285714277,23.31578947368421,-0.24943757030371205,-1.050319829424307,-0.9610634648370497,-0.053124268663702345,-0.0008773853915333696,-0.05637982195845692,-0.03474320241691842,0.012824336415150572,0.054263565891472965,-0.02777777777777779,inf,0.01378224059854305,-0.01170568561872909,-0.027027027027027084,0.06224656754641833
2005-12-30,0.034585061220475666,0.08783908130590001,0.033110904637216,0.08323486576351291,0.03597408592394502,0.0012315960365001377,1.0452261306532664,1.0452261306532664,1.0370370370370372,1.0377358490566038,1.4497835497835498,0.042712626451854696,5.864406779661017,-17.237885462555067,0.9110232328225407,0.14335894621295275,0.04481132075471694,0.06729264475743357,0.027679623085983485,0.125,0.18380952380952387,inf,0.0013594872790831936,0.05245346869712342,0.0185185185185186,0.004219126707741827
2006-03-31,0.0253093363329584,0.06678959922857008,0.009140708036955214,0.05050735667174022,0.040502128051872255,0.08568632932625109,-0.020147420147420103,-0.020147420147420103,-0.036363636363636376,-0.0092592592592593,0.31631030217352896,-0.1979877829680201,-1.1111111111111112,0.4039609332609875,0.6692964304190379,0.02822580645161299,-0.25884123401053416,-0.25513196480938416,0.0332378223495704,0.0,-0.032180209171359664,inf,0.014740108611326797,-0.3022508038585209,0.06363636363636349,0.015538512837612428
2006-06-30,0.007548306846012931,-0.005518641272459157,0.08458372492465238,0.10091521576392748,-0.06265597542787105,-0.08427964465044424,-1.2773319959879639,-1.2773319959879639,-1.2735849056603774,-1.2710280373831775,-1.2851389448248087,-0.6088709677419355,-2.666666666666667,-1.546280193236715,-0.21902843418300144,0.014565826330532161,-0.29949238578680204,-0.30708661417322825,0.024958402662229595,-0.013071895424836666,0.33582709891936835,inf,-0.06976299694189603,-0.2949308755760369,-0.017094017094017144,-0.09672970843183604
2006-09-29,-0.018725557855992614,-0.04087002280301699,0.007171243314309628,-0.008773853915332364,-0.04603314638603562,0.013778752601091071,-2.6889692585895117,-2.6889692585895117,-2.8620689655172415,-2.827586206896552,-2.32015065913371,1.258877434135166,-26.666666666666668,0.07817474354439335,-0.3023809523809524,-0.07933002024664082,-0.004347826086956608,-0.02556818181818199,-0.05411255411255411,-0.10596026490066224,0.30242688238954574,inf,-0.027737826176289282,-0.013071895424836555,-0.008695652173913104,-0.03235187204652856
2006-12-29,0.025311015253813407,0.026451419831083234,0.015115554632568973,0.02161982739544155,0.03666149222181847,0.008792854765338864,0.22912205567451815,0.22912205567451815,0.2407407407407407,0.2264150943396226,0.6733238231098431,0.7941176470588236,-0.7496103896103896,-1.0748031496062993,0.03242320819112621,0.015593762495001773,-0.19359534206695783,-0.20699708454810495,0.03661327231121292,0.07407407407407396,0.015766841853798397,inf,0.01098901098901095,-0.20529801324503316,-0.00877192982456143,0.004733283245679898
2007-03-30,0.04721546868688398,0.08545651857010972,0.19828153084038402,0.2251391686702624,-0.11746901583458125,0.11540047842943157,1.1289198606271778,1.1289198606271778,1.0746268656716413,1.1230769230769226,1.2195225916453536,-0.3374788015828152,4.073651452282157,13.214912280701755,0.4464187327823692,0.04940944881889764,0.18411552346570415,0.11029411764705888,-0.1214128035320089,0.01379310344827589,0.2793979303857008,inf,-0.15719063545150502,0.11250000000000004,0.0,-0.1140357436626036
2007-06-29,0.07490429542510291,0.1579646347832575,0.11788736860076576,-0.20507063170736017,0.011281588447653368,-0.05391214317408666,-0.5576923076923077,-0.5576923076923077,-0.5539568345323741,-0.5579710144927537,-1.3895717303629729,0.0396757679180888,-3.900838274381517,1.404504782474545,0.7421197981144654,0.04614518851997751,0.45579268292682906,0.36423841059602635,0.07537688442211055,0.19047619047619047,-0.09669117647058822,inf,-0.05927579365079361,0.3857677902621721,-0.017699115044247593,0.4567015530047265
2007-09-28,0.02365024984088726,-0.13700854370433369,0.03161374074114476,0.04203549664160855,0.01062025881302997,0.04671825738033819,-0.29879740980573544,-0.29879740980573544,-0.29032258064516125,-0.29508196721311475,-1.7737244269164407,5.71604431678293,-1.0181843811671836,-2.7176953676376234,-0.7317153164972122,-0.007351622736238239,-0.014659685863874339,-0.07038834951456308,0.010514018691588856,-0.07428571428571418,-0.28937728937728935,inf,-0.012654890587925238,-0.05675675675675673,-0.009009009009009028,-0.17179442609652928
2007-12-28,0.01605958184235412,0.0439307739401813,0.037391479057176324,0.07709382737129689,-0.01956905687036381,0.03554714726675301,1.3614775725593669,1.3614775725593669,1.431818181818182,1.4418604651162794,0.8805352022937241,-0.8297183356754445,7.251937984496124,-1.0734349320185268,0.20028524857375718,-0.013547687861271696,0.1551540913921361,0.07571801566579639,0.010982658959537428,-0.024691358024691357,0.018900343642611617,inf,-0.03497997329773028,0.08309455587392556,-0.00909090909090915,-0.030782146355114115
2008-03-28,0.026904924649285622,-0.009712348557451622,0.05124206191451841,0.10777980342422322,-0.01610462602680507,0.07798076923076924,0.01508379888268152,0.01508379888268152,0.1869158878504673,0.23809523809523814,0.4304590885990174,1.0078937926085398,-0.14419915453264442,0.11698880976602233,0.18638601256153464,-0.20893609229078913,-0.10027598896044165,-0.1334951456310679,0.03316180674671254,-0.22151898734177222,-0.3001686340640809,inf,-0.04205866076369669,-0.12698412698412698,-0.00917431192660556,-0.10610653962754446
2008-07-04,0.0016989121890609304,0.012566443263230864,-0.011150974498206123,0.008496860633597558,0.025962137024424292,-0.010547676389260574,-0.3362685745734728,-0.3362685745734728,-0.3700787401574803,-0.39230769230769225,-1.0663192799621033,-0.41297355253752677,-2.6399560922063667,-1.7586520947176685,-0.11918729431964514,0.024537037037037024,0.02249488752556239,0.0056022408963585235,0.02462645268400676,-0.008130081300813052,0.048995983935743004,inf,0.024263431542461023,-0.01212121212121231,0.0185185185185186,0.00403746770025859
2008-10-03,-0.0394706865127582,-0.02803058400616243,-0.07442635810943321,-0.09911667671786872,0.024145192376329394,-0.04471388970273382,2.7454394693200666,2.7454394693200666,2.7249999999999996,2.7341772151898733,-8.160714285714285,-0.3050228310502283,-1.0388219544846051,-2.5126050420168067,0.20467836257309946,-0.007004066877541737,0.6689999999999998,0.6740947075208914,0.022954361328652473,-0.024590163934426257,-0.057427258805513026,inf,0.06627185561195703,0.6533742331288346,0.0181818181818183,0.07889657391024607
2009-01-02,0.018138214113941897,0.08926134112156392,0.035914821485326875,-0.21197086040559165,-0.011099688093537119,-0.06754429424115882,-0.6444542838166925,-0.6444542838166925,-0.6442953020134228,-0.6406779661016949,0.4548628428927681,0.23302671922908447,-58.36206896551724,6.392857142857143,1.2560679611650487,-0.26939704209328785,-0.025164769322947755,-0.021630615640599093,-0.011087645195353768,-0.2857142857142857,-0.5718927701056052,inf,-0.028563871991536538,-0.00927643784786647,-0.017857142857142905,0.38233320909429747
2009-04-03,0.010709755908161478,0.038440291569544094,0.033831049294334115,0.0034479312412551977,-0.029126726811389947,0.040304625037951514,1.3804483188044832,1.3804483188044832,1.3867924528301883,1.3679245283018866,0.813507027768255,-0.29058614564831264,-1.316351067027352,-0.32989801395598495,0.37307991154145004,0.12114606041731557,0.21696373693915172,0.2227891156462587,-0.02909770421783242,0.12941176470588234,0.11954459203036061,inf,-0.039477266539613476,0.24719101123595522,-0.018181818181818188,0.0348360655737705
2009-07-03,0.012312164264631553,0.009964708324683436,-0.03767014878125985,-0.04686021612469493,0.08695257627180175,-0.05197363620886741,-0.657337169761967,-0.657337169761967,-0.6600790513833992,-0.6613545816733067,-1.280718336483932,-0.20881321982974466,-0.9334916864608076,-1.6039730855495034,-0.16423627736908541,0.12638888888888888,-0.007575757575757569,0.008344923504867818,0.08551003574374483,0.15625000000000022,-0.05932203389830515,inf,0.07369614512471667,0.04354354354354362,-0.03703703703703709,0.05961438249088058
2009-10-02,0.020618556701030855,0.04766187050359716,0.0029810855263157077,-0.009665621734587293,0.05526799131741522,0.03668547973319658,0.6488549618320612,0.6488549618320612,0.6511627906976745,0.6470588235294117,-2.9259259259259256,-0.189873417721519,-2.642857142857143,-2.291777188328912,0.25364583333333335,0.17607891491985206,-0.2290076335877863,-0.22068965517241368,0.050151975683890626,0.09009009009009006,0.16576576576576585,inf,0.0337909186906018,-0.20000000000000007,-0.019230769230769273,0.05788334808694806
2010-01-01,0.0036561938402428495,0.017412630288166753,-0.02470021523009125,-0.0604062252703772,0.04762658227848093,-0.021776787923781238,-0.02314814814814814,-0.02314814814814814,-0.028169014084507116,-0.02857142857142847,-0.7692307692307692,0.78125,3.5652173913043477,-0.9589322381930185,0.008309098462816689,0.135877542461732,0.015841584158415856,0.044247787610619316,0.03955619874577909,0.08264462809917372,0.4389489953632151,inf,0.04392236976506636,0.05755395683453246,-0.019607843137254943,0.08284133699037688
2010-04-02,0.015991602864904975,0.01506568639267214,0.04529213955443456,0.1572150477259966,-0.026431052711070824,0.07159119655957502,0.22748815165876768,0.22748815165876768,0.23188405797101463,0.2279411764705881,8.363636363636363,0.21052631578947367,-6.723809523809524,16.85,0.1470951792336217,0.0014768321949418795,-0.16309291747888244,-0.14237288135593218,-0.03039443155452437,-0.038167938931297773,-0.04833512352309355,inf,-0.04182974559686892,-0.1377551020408163,0.0,-0.12282660026617431
2010-07-02,-0.02479489516864175,-0.0324151033008786,-0.04544083643309538,-0.08515283842794763,0.007446478436239579,-0.06940509915014159,-0.44787644787644787,-0.44787644787644787,-0.4529411764705882,-0.45508982035928136,-1.0485436893203883,-0.08333333333333337,-1.0033277870216306,-1.977591036414566,-0.1253591954022989,-0.07926267281105981,-0.005434782608695676,0.009881422924901129,0.006460875807609456,-0.04761904761904767,0.06772009029345383,inf,0.03318866479448568,0.011834319526627057,0.0,0.05765465935786995
2010-10-01,0.05234623294073648,0.056203215118419525,0.037704054765666184,0.05515778308141073,0.0734524176162612,0.008371385083713934,0.28671328671328666,0.28671328671328666,0.27956989247311825,0.29670329670329654,-7.7,-0.18972332015810278,-25.5,-1.6361031518624642,0.09117043121149893,-0.13133133133133135,-0.061670569867291136,-0.048923679060665415,0.07275320970042776,-0.1416666666666666,-0.14059196617336156,1.0,0.020014825796886626,-0.0350877192982455,-0.020000000000000018,0.0009717723276261303
2010-12-31,-0.06697459584295617,-0.13268270012780292,-0.13386785750532837,0.05353103794923353,0.028116482570649914,0.008301886792452917,0.3152173913043479,0.3152173913043479,0.3193277310924372,0.30508474576271194,0.14925373134328357,0.35121951219512204,23.816326530612244,-5.63063063063063,-0.3869025216409484,0.08826918644849036,0.017470881863560717,0.04526748971193406,0.024157801418439817,0.01941747572815533,0.1340713407134071,0.6666666666666667,0.10198643410852726,0.03434343434343434,0.010204081632652962,-0.17673709028708806
2011-04-01,0.02310231023102305,0.012324179504353605,0.003046636981485884,-0.0033396946564885344,0.047021068787498344,0.02719560878243521,-0.29338842975206614,-0.29338842975206614,-0.2993630573248407,-0.2857142857142857,0.645021645021645,-0.43321299638989175,-0.6603618421052632,-1.2023346303501945,0.12768569674647012,0.08068614993646772,-0.13982011447260834,-0.10039370078740162,0.048041549448171406,0.04761904761904767,0.04446854663774413,0.3999999999999999,0.023301824576830166,-0.099609375,0.0,0.01572327044025168
2011-07-01,0.019168734491315176,0.029509064443562272,0.011448598130841203,0.013164193393968349,0.027851812366737727,-0.020403206218119974,0.07017543859649122,0.07017543859649122,0.07272727272727253,0.06363636363636349,-1.0605263157894738,1.127388535031847,-1.4697336561743342,-1.8221153846153846,-0.09308655416439848,-0.1405055849500294,0.010456273764258617,0.04814004376367609,0.027255833161263787,-0.17272727272727273,-0.03738317757009357,0.2857142857142858,0.00859291084854985,0.04772234273318876,0.0,0.01608801415302974
2011-09-30,-0.18917767362590543,-0.14190231362467864,-0.008431508431508417,-0.03756201275690996,-0.39336185660573053,-0.01661294321844775,-16.721311475409834,-16.721311475409834,-16.728813559322035,-16.863247863247864,-1.1304347826086956,0.7035928143712575,-1.3865979381443299,3.023391812865497,-0.4129651860744298,-0.270405836753306,-4.171213546566322,-4.091858037578288,-0.3933668341708543,-0.29670329670329676,-0.308522114347357,0.22222222222222232,-0.2519701810436634,0.0,0.06060606060606055,-0.1083845693454486
2011-12-30,-0.16687936341115528,-0.30032953864589573,-0.08538147932440299,-0.16740304369170345,-0.31823039110921136,-0.05093292990418563,-0.5168578380257212,-0.5168578380257212,-0.5172413793103448,-0.5172413793103448,119.0,-0.6748681898066784,6.866666666666666,-0.8837209302325582,-0.08179959100204504,-0.12624999999999997,1.0112726194007715,0.8555030384875082,-0.3184227965540093,0.453125,0.0,0.18181818181818166,-0.18166287015945337,0.0,0.06666666666666665,-0.1596387380240435
2012-03-30,0.00819967561722823,0.045386426889317155,0.06406011207335705,0.33726415094339623,-0.12884012539184952,0.09298618490967048,-0.8863309352517985,-0.8863309352517985,-0.8861607142857143,-0.8861607142857143,-0.3111111111111111,0.18918918918918926,-0.8135593220338984,-3.4375,0.21714922048997765,0.020386266094420513,0.3629793510324484,0.1866812227074237,-0.12931453573164808,0.4946236559139783,0.0,0.15384615384615374,-0.13569937369519824,0.0,0.08928571428571419,-0.21828480139423423
2012-06-29,-0.0235052283492716,-0.017202539422486174,-0.0187911430281269,-0.027998236331569615,-0.03634400863620002,-0.03816237238697129,-1.2531645569620253,-1.2531645569620253,-1.2549019607843137,-1.2549019607843137,-0.5544354838709677,-0.1863636363636364,-0.11818181818181817,-1.476923076923077,-0.08508691674290947,-0.06449351559761651,0.0,0.1557804354492487,-0.03740926856504756,0.07194244604316546,0.0,0.1333333333333333,-0.01328502415458932,0.0,0.11475409836065587,0.011147236414305706
2012-09-28,0.06617243272926965,0.13940404250885607,0.06904122956818726,-0.08936266727149011,0.06908140403286045,-0.026029820571139783,2.25,2.25,2.2307692307692304,2.192307692307692,1.009049773755656,0.04469273743016755,-6.835051546391752,-10.13978494623656,0.8500000000000001,0.06669164481079037,-0.48176604263607836,-0.6739188113557973,0.06902552204176349,0.10738255033557031,0.0,0.11764705882352944,0.002855977152182776,0.0,0.02941176470588225,0.2511713367018833
2012-12-28,-0.03339342432826853,0.027432333577176227,-0.09367868553172065,-0.1813200498132005,0.15158924205378965,-0.01894135962636223,2.923076923076923,2.923076923076923,2.916666666666667,2.9397590361445785,-0.06981981981981977,-5.491978609625669,-2.5936395759717312,-0.5905882352941176,0.18810810810810819,0.24306287319985964,-1.375234913343078,-1.3775427176566315,0.165491047205643,0.16363636363636358,0.0,0.10526315789473695,0.1912123677786819,-0.3126293995859214,0.0,0.2550113811586754
2013-03-29,-0.000799289520426294,0.009789960840156597,0.018632758403625882,0.018862184362640644,-0.04913557779799815,-0.10050251256281406,-0.4490196078431372,-0.4490196078431372,-0.4407294832826748,-0.4434250764525993,-0.9007263922518159,-1.0214285714285714,-0.8270509977827051,-1.4137931034482758,-0.06551410373066424,0.2661768861260243,0.7868670005564831,0.8383620689655173,-0.028398510242085617,0.08854166666666674,1.0936037441497661,0.09523809523809512,-0.04849726775956276,0.9307228915662651,-0.04999999999999993,-0.008951556283641526
2013-06-28,-0.03421918051728734,-0.05517362947294202,-0.04165121740205169,-0.08062108091967757,-0.013397129186602852,-0.041458394589826475,-0.44483985765124556,-0.44483985765124556,-0.4347826086956522,-0.43956043956043955,4.195121951219512,4.611111111111111,0.32692307692307687,-0.13194444444444442,-0.06085686465433304,0.034144164249051645,0.08315166614761749,0.12192262602579129,0.0033540967896501517,0.06220095693779926,-0.4411326378539493,0.0869565217391306,0.02153625269203152,0.1747269890795633,-0.045112781954887216,0.027687584863333115
2013-09-27,-0.00855880728879077,-0.0061567164179104905,-0.03727108589115291,-0.07859694706073406,0.057225994180407413,-0.022392638036809798,0.3012820512820513,0.3012820512820513,0.3173076923076923,0.3137254901960784,0.267605633802817,-1.2475247524752475,-0.31400966183574874,-2.3280000000000003,0.08605495075168479,0.06581786793267153,0.03364002300172508,0.08881922675026122,0.06064947468958937,0.06306306306306286,-0.05066666666666664,0.08000000000000007,0.0664089950808151,0.12084993359893748,-0.03149606299212604,0.07864200367647056
2013-12-27,0.04204956836535789,0.015205556598460568,0.004822505023442725,0.19210433556573836,0.13088685015290524,0.012864763100094212,-0.3054187192118226,-0.3054187192118226,-0.2992700729927008,-0.29850746268656725,0.9592592592592593,-13.04,-0.6901408450704225,0.13855421686746983,0.09021479713603808,0.039684146588378155,-0.34158553546592485,-0.32053742802303264,0.14272850067537135,-0.021186440677966045,-0.032303370786516905,0.07407407407407396,0.08533772652388816,-0.29265402843601895,-0.0325203252032521,-0.1483730095329392
2014-03-28,0.014519864600035737,0.04068047337278102,-0.007465671243834127,0.023654642223536415,0.05786911844240139,0.0294299876084263,2.1702127659574466,2.1702127659574466,2.1875,2.170212765957447,0.03591682419659725,-0.37209302325581395,3.6818181818181817,-0.15873015873015872,0.06961471103327499,0.13943524829600773,0.14533164343050275,0.20903954802259883,0.06382978723404253,0.0,0.6589259796806968,0.06896551724137945,0.04280510018214945,0.22110552763819102,-0.01680672268907568,0.016571821649677965
2014-07-04,0.0027219246641496664,0.003731343283582156,-0.008462055070517116,-0.014731369150779883,0.02530674846625769,-0.025880228708997866,-0.6733780760626398,-0.6733780760626398,-0.673202614379085,-0.6711409395973155,-0.5018248175182483,-0.39682539682539686,-0.12135922330097082,-1.0188679245283019,-0.0012279983626688473,0.04409502649119812,-0.07156030984876438,-0.02336448598130847,0.024074074074073915,-0.0216450216450218,-0.1487314085739282,0.0741935483870968,0.022416302765647655,-0.009602194787380003,-0.008547008547008517,0.018762303149606252
2014-10-03,-0.07416812609457091,-0.10143388210302706,-0.07152533188837717,-0.11462914101436528,-0.08077786088257288,-0.04850169910410873,0.03424657534246567,0.03424657534246567,0.050000000000000044,0.061224489795918435,-0.20512820512820518,0.6140350877192982,1.6243093922651934,171.33333333333334,-0.21188524590163937,-0.00392862989032583,-0.08104886769964237,-0.05023923444976075,-0.05099457504520799,-0.0265486725663715,0.0020554984583760483,0.06906906906906896,-0.007118451025056927,-0.047091412742382266,-0.008620689655172376,0.01491455829961974
2015-01-02,0.007566442826066444,0.021670606776989843,0.06477969069156697,0.056291390728476776,-0.09682668836452402,-0.04318181818181821,-3.0794701986754967,-3.0794701986754967,-3.123809523809524,-3.144230769230769,2.0092165898617513,-0.45108695652173914,-0.9515789473684211,-1.9090909090909092,0.24440977639105554,-0.003944124897288459,-0.5023778642455685,-0.5075566750629723,-0.10022865853658536,0.050000000000000044,0.04615384615384599,0.06460674157303381,-0.10352738743905943,-0.502906976744186,-0.008695652173913104,-0.03278200856734892
2015-04-03,-0.04242936262085795,-0.05418434246047055,-0.006303096738832559,0.12884012539184964,-0.12282282282282286,-0.012894468951476057,-1.0286624203821657,-1.0286624203821657,-1.031390134529148,-1.0269058295964126,-0.555895865237366,0.35643564356435653,14.608695652173912,-1.627659574468085,-0.12327622231508562,0.0980036297640654,-1.0199826238053866,-1.0179028132992327,-0.10122829309614578,0.22077922077922074,1.3558823529411765,0.06068601583113442,-0.08413307741522713,0.0,0.0,-0.1621455373070061
2015-07-03,-0.008332516419958802,-0.022222222222222254,-0.020683949255377865,-0.018883643432379915,0.023622047244094446,-0.05087658989343413,16.77777777777778,16.77777777777778,15.57142857142857,18.0,0.11724137931034484,-0.3868613138686131,-0.5041782729805013,-1.3423728813559321,0.04814108674928508,0.013072877535687422,-1.8260869565217392,-1.8571428571428572,0.018378887841658864,0.1276595744680853,0.0,0.057213930348258835,0.03248340901152624,-0.9853801169590644,-0.00877192982456143,-0.0033771382424199192
2015-10-02,-0.010181890075128486,-0.07318598832360301,-0.019008729935229507,-0.0441551089725446,0.009030100334448177,-0.01774719304599781,0.043749999999999956,0.043749999999999956,0.0431034482758621,0.043859649122807154,-0.6388888888888888,3.7261904761904763,-0.8033707865168539,-4.772277227722772,-0.17326057298772168,-0.055621477306437295,2.789473684210526,2.5,0.006015733456733008,-0.07232704402515722,263.9604660840616,0.054117647058823604,0.01928281461434378,2.8,-0.017699115044247593,-0.030349907918968633
2016-01-01,-0.2021372216119045,-0.1313835770528684,-0.17238409645471509,-0.23423156647912347,-0.26549552535631427,-0.3547197640117994,-0.7425149700598803,-0.7425149700598803,-0.743801652892562,-0.7478991596638656,1.1709401709401708,-0.37279596977329976,-1.6857142857142857,-1.031496062992126,0.0066006600660066805,-0.20951782629181726,17.88888888888889,17.85714285714286,-0.26172953081876715,-0.21355932203389838,-0.9505952567928381,7.053571428571427,-0.07932293395287104,18.68421052631579,-0.04504504504504503,0.1342399149130138
2016-04-01,-0.031668544248341424,-0.11629111629111633,-0.010752688172043001,0.008507347254447017,-0.0861913357400722,0.032571428571428473,-3.7674418604651163,-3.7674418604651163,-3.7741935483870965,-3.8666666666666667,-0.578740157480315,0.8072289156626506,-13.333333333333334,-55.333333333333336,-0.35628415300546445,-0.4162527319690046,-0.27941176470588236,-0.29292929292929293,-0.08909657320872288,-0.2112068965517241,-0.9652848423194303,0.0038802660753880502,-0.05623648161499639,-0.25668449197860976,-0.047169811320754707,-0.12371064969859347
2016-07-01,0.14490692864529464,-0.0023446658851113966,0.1619915848527349,0.05943251533742333,-0.028148148148148144,0.0680686220254565,-0.8235294117647058,-0.8235294117647058,-0.8255813953488372,-0.8255813953488372,-0.5327102803738317,0.21999999999999997,-2.195945945945946,-0.7269938650306749,-0.15110356536502545,0.44758339006126624,-0.6908163265306122,-0.7107142857142857,-0.04172366621067025,0.5901639344262295,1.2005494505494507,0.003865267807841022,-0.15126050420168058,-0.6942446043165467,-0.05940594059405946,-0.05831995719636174
2016-09-30,-0.0042903917805126035,-0.02291421856639253,-0.02021726010863001,-0.022439377488237433,0.037093495934959364,-0.030569948186528473,-1.7142857142857144,-1.7142857142857144,-1.7333333333333334,-1.6666666666666667,2.84,-0.6867030965391621,-0.9378531073446328,-1.303370786516854,0.05400000000000005,0.16176816364918878,-2.3135313531353137,-2.2098765432098766,0.03426124197002145,0.21305841924398616,3.28381190178943,0.0038503850385038785,0.04140414041404128,0.0,-0.0736842105263158,-0.0004870129870129247
2016-12-30,-0.05862342669236875,-0.08358388454600119,-0.05943948259932241,-0.016660496112550938,-0.06614404703576682,0.024585783003741257,1.0666666666666669,1.0666666666666669,1.0,1.0999999999999996,1.9322916666666665,-0.39534883720930236,-14.818181818181818,0.05555555555555558,0.054079696394687016,0.15118397085610225,0.19095477386934667,0.1428571428571428,-0.06763285024154597,0.11331444759206799,0.0,0.003835616438356171,-0.007778738115816752,0.0,0.011363636363636465,-0.06805262303069681
2017-06-30,2.7600578173933994,2.1414041994750654,2.089554682383759,2.0463102409638556,5.298530954879328,2.084507042253521,4.129032258064516,4.129032258064516,1.5454545454545459,1.6190476190476195,-0.05150976909413851,-9.259615384615385,-0.4473684210526315,21.0,1.2655265526552655,0.30625879043600546,-1.8670886075949367,-2.1517857142857144,2.1213915618060697,0.39949109414758266,0.0,0.004912663755458402,0.6750871080139373,0.8588235294117648,-0.0898876404494382,0.031195538515162102
2017-09-30,0.06278831368528959,-0.014099216710182771,0.09527846960945374,0.16635768137436657,0.011245314452311472,0.04227972264501956,0.6100628930817611,0.6100628930817611,0.607142857142857,0.5999999999999999,0.8895131086142323,-1.491268917345751,1.6964285714285716,-0.8771929824561404,0.0611839491458086,0.08977119784656806,0.5961070559610708,0.7519379844961238,0.00924828076831874,-0.6509090909090909,0.10782980376918605,0.004888647474198704,-0.04862194487779514,0.841772151898734,-0.03703703703703709,-0.1547236775392936
2017-12-31,0.012237762237762295,0.008580508474576254,-0.013982292321834677,0.02129914167638014,0.05741350906095555,0.003731948726269696,2.03125,2.03125,2.022222222222222,2.0454545454545454,-0.009910802775024763,-0.4691943127962085,0.13686534216335544,0.6558441558441559,0.09546986147510306,0.1379523280227244,0.9161585365853657,1.0353982300884956,0.05568609022556381,0.12500000000000022,-0.5356892318484743,0.004864864864864815,0.04482098934135004,1.0824742268041239,-0.02564102564102566,-0.012396281115665264
2018-03-31,0.010094693585849468,0.010082974477470863,-0.014524043179587887,0.022203776717161228,0.05063488353976786,0.01745877788554795,-0.27835051546391754,-0.27835051546391754,-0.27941176470588247,-0.2798507462686568,-0.29829829829829835,0.09821428571428581,0.46407766990291255,-2.0901960784313722,-0.09501025290498977,0.08237464727588462,0.10421638822593482,0.15434782608695663,0.054084130870242664,0.0277777777777779,-0.5639282341831917,0.00484131253362019,0.040020925974365795,0.17656765676567665,-0.02631578947368418,-0.011944528798461418
2018-06-30,-0.14135786091211933,-0.08329000727877711,-0.13802031467835096,-0.05460820138043032,-0.14940312893897822,-0.16078805211312364,-0.5375,-0.5375,-0.5357142857142857,-0.5336787564766838,-0.3252496433666191,0.15447154471544722,-0.6021220159151194,-0.460431654676259,-0.026057401812688785,-0.08272335305324374,0.06844380403458206,0.07344632768361592,-0.1385135135135136,-0.13063063063063074,-0.34387180597661327,0.005085653104925036,-0.009305835010060437,0.08555399719495083,0.0,-0.03032476180719179
2018-09-30,-0.008377394767561608,-0.00011343012704179145,-0.01542282809611828,-0.08589220528237063,0.0024407252440725724,-0.050927678909504004,0.01158301158301156,0.01158301158301156,0.0219780219780219,0.022222222222222143,-0.12896405919661735,-1.704225352112676,0.2866666666666666,-2.34,0.07793718495540913,-0.03574551814604299,0.01618341200269735,0.03859649122807007,0.006127450980392135,0.11917098445595875,-0.08910891089108908,0.0050599201065246735,0.010916476263010955,0.05297157622739035,-0.013513513513513487,0.09392498679344974
2018-12-31,-0.0003808600512429372,-0.03323879750425407,0.02757406864183043,0.0009396288466057001,-0.041565217391304365,0.03291442250149612,0.7633587786259541,0.7633587786259541,0.8064516129032255,0.8043478260869563,-0.6359223300970873,-0.78,0.28756476683937815,-2.5174129353233834,-0.10971223021582732,-0.18467293957601172,-0.13735899137358987,-0.13682432432432434,0.0009744214372717774,-0.18981481481481488,-0.18913043478260883,0.005034446210916643,-0.04118533400301361,-0.13006134969325156,-0.013698630136986356,-0.03418968514583742
2019-03-31,0.02434969346402971,0.06383478056794178,0.019069369112189483,0.109246655714621,0.03447650154236981,0.01969872537659323,-0.4069264069264069,-0.4069264069264069,-0.3928571428571428,-0.3975903614457831,3.9866666666666664,1.477272727272727,-0.03420523138832998,-2.3901639344262295,0.1713131313131313,-0.15489432703003336,-0.1476923076923078,-0.15459882583170248,0.03309807739109272,-0.15428571428571425,0.0035746201966042612,0.005009227524386928,0.00969093766369844,-0.14527503526093088,-0.01388888888888895,-0.04090000000000005
