Quarter end,Assets,Current Assets,Liabilities,Current Liabilities,Shareholders equity,Revenue,Earnings,Earnings available for common stockholders,EPS basic,EPS diluted,Cash from operating activities,Cash from investing activities,Cash from financing activities,Cash change during period,Cash at end of period,Price,ROE,ROA,Book value of equity per share,P/B ratio,P/E ratio,Cumulative dividends per share,Equity to assets ratio,Net margin,Asset turnover,Current ratio
1993-12-31,0.15098568277764723,0.034882437355116425,0.1658085305515491,-0.2975849022912179,0.1277424829884306,0.09836336584559424,0.11895213790948378,0.11895213790948378,0.11111111111111116,0.11428571428571432,0.7569313265492656,-0.3876754140734562,-0.6609343498404475,-12.780434782608696,-0.14114759128567045,-0.07220822837951302,-0.007874015748031482,0.03402366863905337,0.1212121212121211,-0.10077519379844968,-0.10608695652173916,inf,-0.023387304034952483,0.03665768194070074,0.0,0.47329376854599414
1994-03-31,0.15098568277764723,0.034882437355116425,0.1658085305515491,-0.2975849022912179,0.1277424829884306,0.09836336584559424,0.11895213790948378,0.11895213790948378,0.11111111111111116,0.11428571428571432,0.7569313265492656,-0.3876754140734562,-0.6609343498404475,-12.780434782608696,-0.14114759128567045,-0.07220822837951302,-0.007874015748031482,0.03402366863905337,0.1212121212121211,-0.10077519379844968,-0.10608695652173916,inf,-0.023387304034952483,0.03665768194070074,0.0,0.47329376854599414
1994-06-30,0.04025354948870641,0.19056000000000006,0.05051847261661768,0.6758979003312757,0.023614165047169733,0.09836336584559424,0.11895213790948378,0.11895213790948378,0.11111111111111116,0.11428571428571432,0.7569313265492656,-0.3876754140734562,-0.6609343498404475,-12.780434782608696,1.9360485887817078,0.010859728506787292,-0.007874015748031482,0.03402366863905337,0.022869022869022926,-0.10077519379844968,-0.10608695652173916,0.7500000000000002,-0.015789473684210575,0.03665768194070074,0.0,-0.2895266868076536
1994-09-30,0.019833161151793233,-0.031256999507234706,0.009357947312516712,-0.13091293486350297,0.037259728873001885,0.0649834437086092,0.14558994647428447,0.14558994647428447,0.1499999999999999,0.1282051282051282,0.09385079596295909,-0.1448116879228789,-1.5357747588107895,-1.4710586209017653,-0.31061896649630893,0.10474485228290065,-0.007874015748031482,0.03402366863905337,0.03658536585365857,0.0818965517241379,-0.10608695652173916,0.5714285714285714,0.01711229946524062,0.03665768194070074,0.0,0.11457595086227257
1994-12-31,0.019983129109486297,-0.06095883284586301,-0.002875845608059646,0.5635867786625941,0.0569883838498777,0.023672402218846145,0.41953439239426316,0.41953439239426316,0.4347826086956521,0.40909090909090917,-0.26697105171375124,-0.17342902152984419,-0.3489636924886079,0.28519195612431436,-0.5790774299835255,0.07617504051863855,-0.007874015748031482,0.03402366863905337,-0.02941176470588225,0.03585657370517947,-0.10608695652173916,0.27272727272727293,0.03654048370136698,0.03665768194070074,0.0,-0.3993217465027554
1995-03-31,0.029756829897769954,-0.0337075885162752,-0.09054628470610271,-0.00859182050316043,0.2134794136282827,-0.016843267870085943,-0.22722459143077933,-0.22722459143077933,-0.2727272727272728,-0.24193548387096775,0.46472598295774037,0.02068950912710177,0.8155339805825244,-1.350030481609429,0.4815487838971204,0.03915662650602414,-0.007874015748031482,0.03402366863905337,0.21212121212121215,0.07307692307692304,-0.10608695652173916,0.2857142857142856,0.1793050976413899,0.03665768194070074,0.0,-0.025405786873676672
1995-06-30,0.01568063370231143,0.037214931838450704,0.003370601138519058,0.1126862651958973,0.029770052012044967,0.051318237668948496,-0.030851851851851797,-0.030851851851851797,-0.06249999999999989,-0.04255319148936165,-0.507471281339515,0.04875619826137467,-1.7923765700783485,-2.2914368650217707,-0.4197565808095103,-0.04637681159420293,-0.03663003663003661,0.03402366863905337,0.02833333333333332,-0.21505376344086025,-0.10608695652173916,0.22222222222222232,0.01376344086021497,0.013000520020800765,0.02941176470588225,-0.06806661839246919
1995-09-30,0.05583105688360579,0.1545982729606563,0.05515330294091347,-0.4214292716400353,0.05658689193613098,0.06269785085551716,0.21832842893721094,0.21832842893721094,0.19999999999999996,0.19999999999999996,1.0482057739005306,0.21147797186887973,-1.2516675822019931,-1.8712070128118679,0.6302439024390243,-0.001519756838905706,-0.019011406844106515,0.03402366863905337,0.04538087520259326,-0.0273972602739726,-0.031776913099870296,0.13636363636363646,0.0010606703436570886,0.03336755646817258,0.0,0.9961149961149962
1995-12-31,0.026330276897744476,0.014170665021224105,0.018693182055883995,-0.23522917327095239,0.03483565264287147,0.21641884843076387,-0.06747176913425346,-0.06747176913425346,-0.03703703703703709,-0.11111111111111116,-0.32184362284476453,0.10744786818857266,-7.236357966947303,-1.3833849329205368,-0.14821464193097944,0.008371385083713712,-0.11175710594315236,-0.07296137339055808,0.029457364341085146,-0.03755868544600938,-0.04018754186202278,0.15999999999999992,0.008264462809917328,-0.11574764033780438,0.028571428571428692,0.32600233553912017
1996-03-31,0.012015543209618063,0.21994356386828762,-0.009544177240792373,-0.03827077556387748,0.03565189594157747,-0.09167747301856277,-0.0021527801136936864,-0.0021527801136936864,-0.03846153846153855,0.04166666666666674,0.5069388988409989,-0.34671699671183587,-2.09855,-3.385598923283984,0.4151053864168619,0.11999999999999988,-0.015272727272727438,-0.004629629629629539,0.030120481927710774,0.08780487804878057,0.20097697138869508,0.13793103448275867,0.023539302227826964,-0.026966292134831482,0.0277777777777779,0.26845736092763817
1996-06-30,0.02669515423130009,-0.07701898603563317,0.004728926372005393,-0.03975655611619322,0.04972622481518263,0.060996280159714145,0.11043317040283163,0.11043317040283163,0.10000000000000009,0.10000000000000009,-0.20111427793930192,0.18796975510664704,-0.9390560284010742,-0.49026798307475317,0.1495242035581299,-0.03234501347708896,0.01477104874446078,0.027906976744185963,0.03947368421052633,-0.058295964125560484,-0.047065659500290624,0.1212121212121211,0.014168377823408518,0.0028868360277136684,0.027027027027026973,-0.03876417495950013
1996-09-30,0.013265885110644637,-0.03006363018101532,-0.008196949641119056,0.15671843923881168,0.03480454024482027,0.03515637564464069,0.10348805440029141,0.10348805440029141,0.09090909090909083,0.09090909090909083,0.5394324028756341,0.014515608078581987,22.06572068707991,-0.12230215827338131,0.11416642672041455,0.0062674094707519945,-0.0007278020378456151,0.015082956259426794,0.033755274261603185,-0.03333333333333344,-0.04207317073170713,0.10810810810810811,0.021664304515084165,-0.010938399539435761,0.026315789473684292,-0.16155049957866863
1996-12-31,0.034537187911984235,0.049197018595358744,0.04060466983870059,-0.03563256840837625,0.028701297791722924,0.005867547748270363,-0.17136176066024755,-0.17136176066024755,-0.18333333333333335,-0.23333333333333328,-0.38063073554758464,0.712755398243347,-2.0100696130807836,-5.461538461538462,-0.45716500839901797,-0.03114186851211065,-0.031318281136198056,-0.017830609212481363,0.025850340136054584,-0.064039408866995,-0.05856142584341195,0.09756097560975618,-0.005350772889417432,0.002328288707799775,-0.02564102564102566,0.08801148600143582
1997-03-31,0.02038052654541156,-0.014775619312668242,0.007438381689645279,0.09421134421134414,0.03297271904084309,0.0244865596795536,0.10006307891504274,0.10006307891504274,0.12244897959183687,0.19565217391304346,0.6870675391095067,-0.2947318929321203,-1.6395371201436082,-1.7451950254381006,0.627588669364437,-0.3421428571428571,-0.007518796992481258,0.0030257186081692478,0.03183023872679058,-0.35789473684210527,-0.33603786342123054,0.0888888888888888,0.012751544132297177,-0.00406504065040636,0.026315789473684292,-0.09963050936922668
1997-06-30,0.07469730854502776,0.1623397138078424,0.04922637882977954,-0.06029519920874438,0.09886691260519709,0.058250621906173805,1.51021578391429,1.51021578391429,1.5090909090909088,1.4727272727272727,-0.5465923655614378,-0.14714500550379062,-1.6386146057841713,-1.3009671913521714,-0.1160511882998172,0.004343105320304019,0.3136363636363635,0.3318250377073908,0.0951156812339331,-0.024590163934426257,-0.018329938900203624,0.08163265306122458,0.023214637025378737,0.33760932944606403,-0.02564102564102566,0.2369925252821341
1997-09-30,0.02213796702928672,-0.00941714431893581,-0.029614063890493925,0.027453546898403625,0.06902753595371602,0.0369225362814376,-0.501863518322593,-0.501863518322593,-0.5072463768115941,-0.5073529411764706,1.1407747898333414,-0.6398109434648246,-6.343536614080527,-0.49275362318840576,-0.06659497021839844,0.23351351351351357,-0.029988465974625234,-0.010192525481313663,0.06690140845070425,0.12605042016806745,-0.10373443983402486,0.07547169811320731,0.04806767929244371,-0.003923278116826467,0.0,-0.03590047393364937
1997-12-31,1.0712463011896007,1.287734136047065,2.3224496120706877,1.1145367506550303,0.04220612929469425,0.25306959894848213,1.3709120749161299,1.3709120749161299,1.4117647058823528,1.3582089552238807,-0.0834759045136696,67.83022105581912,-20.075746893452013,-19.303105590062113,1.3058583710006202,0.18930762489044706,0.28418549346016664,0.0389016018306636,0.03630363036303641,0.11194029850746268,0.16203703703703676,0.07017543859649122,-0.4966061273160889,0.24245076586433245,-0.1578947368421053,0.08197124247265575
1998-03-31,-0.0002490762625649845,-0.1988747001552138,-0.01663474746775495,-0.17448324265235649,0.042711832601178834,0.3585810408283354,-0.41268807133986196,-0.41268807133986196,-0.6158536585365854,-0.6075949367088608,0.839841645682214,-0.9605815213645382,-1.0799343966921149,-1.7270937966607844,-0.41176922781258407,0.20191599115696368,0.031481481481481444,-0.11233480176211452,0.04140127388535042,0.1610738255033557,-0.12151394422310746,0.06557377049180335,0.04300291545189516,-0.08030996829869663,-0.03125,-0.029645615629259492
1998-06-30,-0.011176391627593207,0.04017119985204953,-0.033728182545200935,0.0508721969129835,0.04458592618871826,0.04481330033358444,0.11261136340000699,0.11261136340000699,0.11111111111111094,0.11290322580645151,-0.6899794359176892,-2.2636209750925427,0.07692752282973059,-1.155138616633996,0.10859905906952427,0.23421213979153888,-0.11175942549371631,-0.2059553349875931,0.041794087665647295,0.18497109826589586,0.1315192743764173,0.07692307692307687,0.05695317959468893,-0.1999234009957871,0.0,-0.0101837761910335
1998-09-30,-0.004174965799303987,-0.0757156282542989,-0.02216896733540208,-0.05171722523322331,0.03698193621364454,0.03494276194841106,-0.14819834556246203,-0.14819834556246203,-0.1428571428571428,-0.14492753623188404,1.7408904214896,-2.089708674979023,-0.42940839728796576,-8.837545126353792,-0.7677708357892254,0.07749627421758576,0.008084891359272373,-0.08125000000000004,0.03620352250489223,0.034146341463414887,0.16032064128256507,0.05714285714285716,0.04132231404958686,-0.08377213977979903,0.0,-0.02530747398297062
1998-12-31,0.06455436276064086,0.03617294128423554,0.074644163363625,0.15079332122809075,0.04279279739349806,0.03256383272504726,-0.04542960605728086,-0.04542960605728086,-0.01666666666666672,-0.10169491525423724,0.20680342976200006,3.2660182370820667,-3.617877130002665,-1.1383387072009827,0.4573604060913705,0.15675426463808195,-0.2010025062656643,-0.1785714285714285,0.03871576959395662,0.11792452830188682,0.10017271157167529,0.05405405405405417,-0.02000000000000013,-0.24190177638453492,0.06451612903225823,-0.09961174472215484
1999-03-31,-0.007757339495548021,0.028761746479371242,-0.03032485862843215,0.09866685911482587,0.04240271841262255,-0.0018841648234619868,0.17072843621872247,0.17072843621872247,-0.2542372881355932,-0.18867924528301894,0.059728945463721095,-0.8761938237827431,-1.7314622418366796,-1.9195338512763596,-0.2885754092650644,0.7748106815464328,-0.025721455457967335,0.006211180124223503,0.036363636363636376,0.7088607594936707,1.1577708006279432,0.0641025641025641,0.05053449951409128,-0.012405237767057153,0.030303030303030276,-0.06360328796658132
1999-06-30,-0.06911258320878855,0.35785516337622725,-0.11851434886880186,0.2843587462155368,0.03303013428162127,0.006020431810281668,-0.1250797807053433,-0.1250797807053433,-0.13636363636363635,-0.11627906976744184,-0.278366083512958,-9.833260864004911,2.0348500229222606,-55.19915509957755,21.98482252141983,-0.07073882775656859,-0.081777205408886,-0.04115226337448552,0.03157894736842093,-0.10370370370370374,-0.08039287013459429,0.048192771084337505,0.11008325624421844,-0.06210746685275659,0.02941176470588225,0.0572744279752484
1999-09-30,-0.00385130627876773,-0.09721105956954001,-0.028404962671357392,-0.2643667472568346,0.039468186964080276,0.005890821835632831,0.2070068459840635,0.2070068459840635,0.21052631578947367,0.21052631578947367,-0.8633028558528051,-1.2738089033281792,-1.0597713055652216,-1.630901478710137,-0.6034528665608725,-0.007733204446592534,0.0042075736325384305,0.04935622317596566,0.03911564625850339,-0.038567493112947604,0.043512658227848,0.0,0.043611111111111045,0.033482142857142794,0.0,0.22716755138151612
1999-12-31,0.03616942470155182,0.0026672554957380967,0.010788788913430825,-0.022952218430034144,0.07802408064215038,0.017301797449934986,-0.05975607866230692,-0.05975607866230692,-0.0434782608695653,-0.0652173913043479,6.508098837578606,0.5008618775182156,0.9464753136564672,-1.3425167666784328,0.5212311659012168,0.051144666341938594,-0.011871508379888263,0.04907975460122693,0.07364975450081812,0.011461318051575908,0.00796057619408641,0.10344827586206895,0.040723981900452566,0.029517638588912876,0.028571428571428692,0.026286601597160564
2000-03-31,0.005053122928579734,0.07281008693585211,-0.0061580134492189575,0.18400786604436936,0.022388083931099256,-0.03166079660834131,-0.1877111730094111,-0.1877111730094111,-0.20454545454545459,-0.18604651162790697,0.35439086294416233,-0.4873980961507296,-2.886158126594018,-0.6914000103055599,0.10573799435028253,-0.07761816496756246,-0.08833922261484084,-0.040935672514619825,0.02286585365853666,-0.14164305949008504,-0.11921775103422327,0.05208333333333348,0.017391304347825987,-0.04825174825174816,0.0,-0.09391548686912354
2000-06-30,-0.0015472013776584026,-0.04659793680067248,-0.02306590666517827,-0.08019275107357104,0.03079659038883431,0.024699968035335473,0.1737074912750589,0.1737074912750589,0.17142857142857149,0.17142857142857149,-0.3894396242090338,0.05631615120274924,-0.5840073755377997,-3.1612957087994658,-0.20667741780964088,-0.1858829439839238,-0.022480620155038822,0.010162601626016343,0.028315946348733245,-0.20132013201320131,-0.14560204953031597,0.04950495049504955,0.03267973856209161,0.014695077149154967,0.0,0.036498091603053506
2000-09-30,0.33652260853598803,0.2678664802922752,0.5598187084672401,0.9773129558792084,0.018433920344062882,0.14055809205115843,0.16214020226467274,0.16214020226467274,0.1707317073170731,0.14634146341463405,0.8379235554100508,19.86647494371934,-43.72450577701605,-2.696538936959209,0.44198450236489895,-0.11076828139463113,-0.023790642347343294,-0.07645875251509049,0.018115942028985588,-0.13636363636363635,-0.1269365317341331,0.037735849056603765,-0.2380720545277507,-0.024619840695148554,-0.05555555555555547,-0.35880322209436133
2000-12-31,0.013058079678878398,0.01489302628989786,0.0078062498989006635,0.11653161305826965,0.02451634826554905,0.09229768313048803,-0.15028858740925854,-0.15028858740925854,-0.14583333333333337,-0.14893617021276584,-0.3042594881043831,-0.8996255751387879,-1.0115088806506944,-3.395537340619308,-0.7342591946402401,0.13324080499653013,-0.03818034118602753,-0.08932461873638353,0.02206405693950164,0.11004784688995217,0.12593016599885543,0.04545454545454519,0.011501597444089517,-0.06904231625835167,-0.02941176470588236,-0.09099066762383357
2001-03-31,-0.00071402986568736,-0.10938794806960883,-0.010889635929103192,0.06663034558833414,0.02112467084202918,-0.021192002731514892,-0.1820521349416152,-0.1820521349416152,-0.19512195121951215,-0.17500000000000004,0.4648243417315401,0.01626561791330383,0.362920673076923,-0.9398167509409573,-0.16629024633646727,0.0,-0.03378378378378377,-0.08133971291866027,0.020891364902507092,-0.02155172413793094,0.01881037112353834,0.04347826086956519,0.021794061907770113,-0.06299840510366839,0.0,-0.1650542941757156
2001-06-30,0.01928084242160999,0.28204485877626984,-0.008932663439598199,-0.021759336915957994,0.07793375055301044,0.005674330630532909,2.3012499464920166,2.3012499464920166,2.3333333333333335,2.303030303030303,-0.1142262568001573,-0.942819937519487,4.704307950085982,-8.406822488945041,1.4773514773514775,-0.12247397428046536,0.3715034965034967,0.32291666666666674,0.07844474761255116,-0.1409691629955947,-0.11177644710578838,0.04166666666666674,0.0581143740340031,0.3540425531914895,-0.030303030303030276,0.3104752896665879
2001-09-30,-0.018824445381190325,-0.1537332458699121,-0.040768986425385956,-0.017094094228309764,0.023119578275143216,0.03939021382212826,-0.40155341316511173,-0.40155341316511173,-0.4,-0.4036697247706422,0.6130874200689396,5.274671228482839,0.7072228062581163,-1.765501066098081,-0.45650128423568903,0.13049546406140955,0.03887826641172709,0.0748031496062993,0.0221378874130298,0.05128205128205132,-0.2050561797752809,0.040000000000000036,0.04265264387963774,0.047768698931489606,0.03125,-0.138939011187297
2001-12-31,-0.01105563313290514,-0.17463201440332043,-0.02916122374381569,0.6972385488248125,0.02138976442811691,0.006991399336642168,-0.4608851091490168,-0.4608851091490168,-0.48484848484848486,-0.4769230769230769,-0.7763306778391107,-0.24932267793548823,-0.8982794530471792,-0.5537853044398641,-0.3747894441325098,0.019135802469135932,-0.05460122699386516,-0.01831501831501836,0.020420792079207883,-0.004878048780487698,-0.055123674911660814,0.03846153846153855,0.03306248248809207,-0.028194361127774292,0.0,-0.5136211232187762
2002-03-31,0.009615293311075579,-0.07851521781845183,-0.0015746097258586556,-0.04984558980367182,0.028675268890809402,-0.22135771465604215,0.42208066233948927,0.42208066233948927,0.47058823529411753,0.47058823529411753,2.7265471449812857,1.7195324026784702,3.3264043443425617,-7.072659176029963,2.9019607843137254,-0.026347668079951703,0.031797534068786604,0.07089552238805963,0.027895694360218437,-0.044117647058823595,-0.00224382946896029,0.04444444444444429,0.018714401952807158,0.1191358024691358,-0.030303030303030276,-0.03015941404567002
2002-06-30,0.04042172980700509,0.7919167898459325,0.05136659174070157,-0.4334462828335738,0.022327353336896172,0.03732165573468138,0.11299051817937733,0.11299051817937733,0.1200000000000001,0.10000000000000009,-0.2612546091614536,-0.16885208957590836,-2.6755558299124456,4.138193330866329,4.793662971345276,-0.04416796267496104,-0.2245283018867924,-0.21080139372822304,0.01887905604719764,-0.07179487179487176,-0.1071964017991004,0.03546099290780136,-0.017305644302449408,-0.17264202978488696,-0.0625,2.1621501554864504
2002-09-30,0.21515756086654414,0.19834697409129953,0.19674321924742388,0.0036221168782319957,0.24646544531137815,0.19556555475014936,6.716173837969605,6.716173837969605,6.660714285714285,6.745454545454544,0.5971293588860125,21.965876339388828,1.8451973793281304,-1.0313325224461054,-0.02592445459661663,-0.1581516433452652,1.5587996755879967,1.6004415011037527,0.24088013896931093,-0.1712707182320442,0.0646515533165406,0.03424657534246589,0.026551070170685476,1.7886666666666668,-0.06666666666666654,0.1940151728013486
2002-12-31,-0.03657201308060687,-0.5019843073101276,-0.06379107507179915,-0.4448336878484058,0.007859531717996804,0.11703022133587027,-0.9270340222690617,-0.9270340222690617,-0.9277389277389277,-0.9295774647887324,-0.3818995273337894,-0.9465569178444886,-1.0489612962539332,36.10611671561742,-0.9875577336790841,0.04367993815229987,-0.07448494453248822,-0.05687606112054322,0.004666355576294912,-0.16000000000000003,-0.6230283911671923,0.0331125827814569,0.046186328846661295,-0.028209419077217412,-0.0357142857142857,-0.10295328862219089
2003-03-31,-0.009083564209241057,-0.06590019668674085,-0.03014242256755295,0.30992208274070876,0.02284841599946108,-0.009129871526373234,0.8924117713383697,0.8924117713383697,0.9032258064516128,0.9333333333333333,1.0079929566393107,-0.5173621338569792,9.809538502225944,-1.0518862405275005,4.118273695711554,0.05629629629629629,-0.04897260273972592,-0.027902790279027978,0.02229447282861119,0.04761904761904767,0.06276150627615062,0.03846153846153855,0.03229061553985879,-0.05879458794587944,0.03703703703703698,-0.2868572927597062
2003-06-30,-0.0008801498735361291,0.022923133696572284,-0.026147119800319918,0.02192428587726658,0.035447798997011226,0.016567619244483467,0.04108723888511534,0.04108723888511534,0.033898305084745894,0.034482758620689724,-0.1864353697608213,1.2256391130399402,-0.4988419318533983,-0.6296345426809047,0.29800405592912793,0.10834502103786825,-0.05473532589124952,-0.02314814814814814,0.02998636983189451,0.09090909090909083,0.09448818897637778,0.030864197530864113,0.0364125122189638,-0.05645582854155784,0.03571428571428559,0.0009196247930844947
2003-09-30,0.015439004150240576,0.4960882513139373,0.006268818439425061,0.029805671257978394,0.027839269792852672,0.023051844622026918,0.04134284111850017,0.04134284111850017,0.032786885245901676,0.050000000000000044,-0.04012364689034997,-0.1757689319500937,-0.9388374477225757,22.929441260744987,5.4938738590576435,0.0803543182537172,-0.6361904761904762,-0.6246445497630331,0.02602558447287162,0.04861111111111116,0.07014388489208634,0.03592814371257491,0.012261259136996161,-0.6401662049861496,0.034482758620689724,0.4527747151782431
2003-12-31,0.010756902903945154,0.09441585244479334,-0.007395542900081042,-0.11893827672765533,0.0347881780345094,0.004245120513058254,-0.09383484100726547,-0.09383484100726547,-0.09523809523809534,-0.09523809523809534,-0.03933041640431689,0.5354773126328436,2.7449780497538914,-0.6614554489530167,0.2864116395684546,-0.021376281112737816,0.09109947643979055,0.11868686868686851,0.04901117798796206,-0.04635761589403975,1.6621848739495797,0.028901734104046284,0.02375960866526894,0.1147036181678216,0.03333333333333344,0.24222109790032897
2004-03-31,8.270165144930175e-05,0.10835336837034681,0.01460722027937189,0.2949915461524917,-0.018361853158070818,-0.02079941944368846,0.010152592125372895,0.010152592125372895,0.01754385964912286,0.01754385964912286,0.18325805078023905,-0.6282605293883987,4.383894000213136,0.5498817339788227,0.3450716356352217,-0.10831837223219631,-0.021113243761996192,-0.006772009029345383,0.005327868852459172,-0.1527777777777778,-0.20959595959595967,0.028089887640449396,-0.018430034129692796,-0.007596685082873034,0.0,-0.14418083698197737
2004-06-30,-0.026868469025220665,-0.3434418242058078,-0.03361706219804672,-0.12538558442558367,-0.01801066231208881,0.016592443372454913,6.003914552277223e-05,6.003914552277223e-05,0.034482758620689724,0.034482758620689724,-0.22411092294665536,0.5431790952951463,0.9893442947440652,-3.5232057279780924,-0.647316250324743,-0.05134228187919465,-0.01764705882352935,-0.011363636363636354,0.009783938035059059,-0.05737704918032793,-0.051118210862619695,0.032786885245901454,0.009040333796940248,-0.01739735560194855,0.0,-0.24925639500297447
2004-09-30,0.013793771174563041,0.278900498693897,0.011866242888219691,0.011592123574397206,0.016283523761580154,0.0005368193453785253,0.03491667066903603,0.03491667066903603,0.06666666666666665,0.050000000000000044,0.05692121608963352,0.29699106131184694,-0.8798609660076482,-1.4103229380408915,0.7531072977403357,0.13654050229925718,-0.017964071856287345,-0.013793103448275779,0.019781994348001763,0.1304347826086958,0.13636363636363624,0.031746031746031855,0.0025269928784745765,-0.014164305949008527,0.0,0.2641838351822503
2004-12-31,0.0008496426469006835,-0.025506225106537106,0.0010493797159623064,0.28057013142351406,0.0005927673578862702,0.00389978787141132,-0.019758214219417147,-0.019758214219417147,-0.015625,-0.04761904761904767,-0.05334371611970612,0.07264770594706538,1.462302956684979,-1.0242460978936203,-0.010415741973664794,0.03548085901027087,0.011178861788617933,0.00932400932400923,0.015439429928741033,0.01538461538461533,0.03555555555555556,0.03076923076923066,-0.00022914757103575933,0.006465517241379448,0.0,-0.23893694371317542
2005-03-31,-0.012111013109864843,-0.0982286404333007,-0.025950107449236315,-0.11645156719460747,0.005695113886147629,-0.018065631422849893,-0.05767614719075853,-0.05767614719075853,-0.04761904761904767,-0.01666666666666672,0.167162795348055,-0.4146600806907733,1.4338954166292943,20.525,-0.2265586221331818,0.01863540727382018,-0.012060301507537785,-0.004618937644341736,0.015984405458089768,0.0,0.005722460658083017,0.029850746268656803,0.018106807242722844,-0.011420413990007039,0.0,0.020589688683907204
2005-06-30,0.0009755243865516849,-0.0719719180361642,-0.0014997636509147538,-0.01600450351673599,0.004060149586607276,0.01869870078383018,0.0691067122186495,0.0691067122186495,0.08333333333333348,0.0847457627118644,-0.13521195861676905,1.2296473801517669,-0.6411527335040814,-0.23796325625593917,-0.22321794465364064,-0.04780171141929768,-0.0010172939979654627,0.004640371229698292,0.014198004604758285,-0.06060606060606066,-0.05192034139402568,0.02898550724637694,0.0029266096352995596,0.0043321299638987565,0.0,-0.056972240154938625
2005-09-30,0.017185129308052716,0.503744055191728,0.0047270508944250444,0.34303955775671957,0.03262402243090334,0.08356021391362001,0.07393265819215666,0.07393265819215666,0.07692307692307687,0.0625,0.1457130764451089,-0.41391285254502697,-1.1927214377406932,-6.820741972357893,1.6726623001732,0.07995041834521222,0.005091649694501044,0.01385681293302543,0.02459326522890648,0.06451612903225823,0.06301575393848458,0.028169014084507005,0.01548821548821544,-0.006470165348670065,0.032258064516129004,0.11980147184665402
2005-12-31,-0.01017897782043975,-0.19936557326474258,-0.03304494109189404,-0.07595283115828155,0.017392527215375875,-0.05572034059520459,-0.1430571813020315,-0.1430571813020315,-0.1428571428571428,-0.1470588235294119,-0.090726884019241,0.2745735975549639,-15.10410977153134,-1.6525568469224408,-0.4083969892104685,-0.04705882352941182,-0.032421479229989836,-0.01822323462414588,0.016986706056129952,-0.06818181818181823,-0.06633733239237827,0.027397260273972712,0.027851458885941538,-0.02387843704775683,0.0,-0.13357786947883243
2006-03-31,-0.03073232056806985,-0.4017176655256539,0.05691225574933778,0.3110930946223014,-0.1311739534173948,-0.014219819750125762,-0.1137309469706641,-0.1137309469706641,-0.050000000000000044,-0.051724137931034364,-0.20460733889441152,-0.4916615099009901,0.23657229214385223,0.3088869636587479,-0.9035543860090905,0.09063535079795226,-0.010471204188481686,-0.023201856148491906,-0.019970951343500354,0.07317073170731714,0.09977324263038545,0.026666666666666616,-0.10408602150537638,-0.03706449221645669,0.0,-0.5436584935614747
2006-06-30,-0.011982364498485554,-0.05069878261281868,-0.05681706136907261,-0.16177915057283643,0.050521814914879615,-0.004116740156527632,1.1947137198415558,1.1947137198415558,1.3157894736842106,1.2909090909090906,0.2078845840352117,-1.8738701725554643,0.1200322336712012,-0.905585050792191,-0.8845300261096606,0.03230259525124235,0.22010582010582014,0.21615201900237535,0.048536494998147495,0.05303030303030298,0.048797250859106356,0.025974025974025983,0.06361017762842036,0.20631254811393385,0.03125,0.13258600695786615
2006-09-30,-0.0038146436688590857,0.117768010255898,-0.00770419492288299,-0.2510510964570002,0.0010537442905778072,0.017979712081637622,-0.4980376456998845,-0.4980376456998845,-0.5,-0.4841269841269841,-0.027424005902279447,-2.447839941492974,-0.6517917119894158,-3.2821194007822303,17.481628038439798,0.009895694035838343,-0.019947961838681638,-0.0234375,0.01519434628975258,-0.04316546762589912,-0.19397116644823065,0.029535864978902815,0.004965019183028607,-0.02361199744735165,0.0,0.4921501706484641
2006-12-31,0.004777583961166787,0.08032515844585286,0.036450634994453335,0.005462301167353134,-0.034519411117387766,-0.021313275803400478,-0.06186995802988904,-0.06186995802988904,-0.045454545454545525,-0.04615384615384621,0.009343589696148236,0.23026410737480152,0.20393074678313328,-1.227194826192401,-0.21490181684712795,0.10513771186440679,0.014159292035398119,-0.006000000000000005,-0.00522102332057095,0.09022556390977443,0.11626016260162597,0.024590163934426146,-0.039299348753649155,-0.0117647058823529,0.0,0.07456541628545299
2007-03-31,0.08723335430271728,2.491222506781747,0.16772131943673219,0.24698776646992626,-0.01996928188493019,-0.009906618748424245,0.08528104137921422,0.08528104137921422,0.11111111111111094,0.09677419354838723,0.18559559325606867,-0.5061782704752966,-5.310013583530579,-106.04995730145176,28.75490883590463,0.07189072609633351,0.024432809773123898,0.002012072434607548,-0.0034989503149054357,0.08275862068965534,0.057538237436270956,0.02400000000000002,-0.09864422627395986,0.027116402116402094,-0.030303030303030276,1.7994891443167305
2007-06-30,0.022672742067445073,-0.7093328515307598,0.03498391357761754,0.2469536265608443,0.003135042833434021,0.14834860324038246,0.44169770129703356,0.44169770129703356,0.47142857142857153,0.47058823529411753,0.1569517993119709,6.170978917153321,-2.2404498326055036,-1.9758061784546683,-0.9430113820116295,0.06282137268052757,-0.09454855195911416,-0.12851405622489953,0.015449438202247201,0.06369426751592355,0.019972451790633672,0.02734375,-0.018931535269709476,-0.13457823567289118,0.0,-0.7668795620437956
2007-09-30,-0.004941780636477544,0.11370012839412236,-0.052228734652493114,-0.2919562541524606,0.0724847100796484,0.027307602562931965,0.008346323431167368,0.008346323431167368,0.009708737864077666,0.010000000000000009,-0.22687469722533116,-0.8076562077285351,-0.7770505570541171,-1.0210892722264184,0.34897185525560026,-0.042911232646192676,0.10348071495766686,0.07834101382488479,0.05152143845089907,-0.059880239520958,0.041188386225523343,0.02281368821292773,0.07798043880518102,0.07068452380952395,0.03125,0.5727332028701893
2007-12-31,-0.005842225771774623,-0.10821337074539461,-0.019079012100704396,0.08327352202330873,0.013311057088277511,-0.07374233423105303,0.01617462589000196,0.01617462589000196,0.019230769230769162,0.02970297029702973,0.03951894489386709,0.9627700035880875,-0.12579839502129053,-2.6006320363420894,-0.41407500766427086,-0.045934065934066015,0.09633418584825226,0.09188034188034178,0.04899704044722131,-0.08917197452229308,-0.14980544747081714,0.026022304832713727,0.019372241294752346,0.09451007644197351,-0.030303030303030276,-0.17669017005391952
2008-03-31,-0.008116020508389443,-0.0005540374625083722,-0.011979231670655177,-0.2858004032394931,-0.002704736148163578,-0.012105482802842737,-0.22839533003572887,-0.22839533003572887,-0.20754716981132082,-0.20192307692307698,-0.04299676162841448,-0.4329535815613209,0.16717795002693014,-1.1290309312273774,0.09118655892099303,-0.14766182907164238,0.005443234836703059,0.023483365949119372,0.008777429467084596,-0.18881118881118886,-0.2433257055682685,0.025362318840579823,0.005532836179937384,0.00825396825396818,0.03125,0.3992443324937027
2008-06-30,0.0061512957360732035,0.13372365579991574,0.015871498595951827,-0.06827518425650103,-0.007337387470058632,0.01463428171454817,0.03838440739071647,0.03838440739071647,0.059523809523809534,0.06024096385542177,-0.14522826984058035,0.9153674545759345,-0.8536374944825649,7.403251514185527,0.7022296811316231,-0.08378378378378382,-0.06419180201082753,-0.043977055449330726,0.02454940957116225,-0.09482758620689646,-0.11895161290322576,0.02473498233215543,-0.011722488038277468,-0.035894206549118235,0.0,0.21692169216921675
2008-09-30,0.012835110008932338,0.5356427096789771,0.05917659132735942,-0.03143120636254948,-0.05297630811158516,-0.012206240332104601,-0.08065793613766314,-0.08065793613766314,-0.0561797752808989,-0.045454545454545525,0.2209048821762707,-0.5913109047942854,-1.7088873657756454,6.399453738477296,3.052535211267606,0.09852507374631281,-0.05867768595041323,-0.07000000000000006,-0.031847133757961665,0.07619047619047614,0.13272311212814647,0.45862068965517255,-0.06487533284918912,-0.04833442194644033,-0.030303030303030276,0.5855029585798819
2008-12-31,-0.0022612379549522554,0.09163828193945167,0.0028154326602796154,-0.03438498629698361,-0.010324631441944288,-0.010951077802031417,0.1810274627358881,0.1810274627358881,0.19047619047619047,0.2142857142857144,-0.22551468078552817,0.6838377015962966,-7.412466159597782,-1.0801304234146942,-0.060357511092575256,-0.18823845327604727,-0.021071115013169495,-0.04086021505376347,-0.012218045112782017,-0.15929203539823,-0.14949494949494957,0.16548463356973975,-0.008024851151954393,-0.034317089910775644,0.0,0.13043478260869557
2009-03-31,-0.038814445260864305,-0.4227116330906885,-0.0661614569368616,-0.09495844150177801,0.0037837786573260423,-0.0102169050974098,-0.32894316092413467,-0.32894316092413467,-0.32999999999999996,-0.3431372549019608,0.23701139911967184,-0.5561469074686443,2.688027100107556,10.650479846449135,-0.7483633135656955,-0.1296725107509098,-0.04394618834080721,-0.053811659192825045,-0.0028544243577545148,-0.12631578947368416,-0.12470308788598572,0.14198782961460443,0.044363256784968774,-0.05472636815920384,0.0,-0.3620831957741829
2009-06-30,-0.005938254405542409,-0.0010198671365748702,-0.012310138763559242,0.07847187739537476,0.003499927091413557,-0.003010756067474918,0.027935789379634812,0.027935789379634812,0.014925373134328401,0.014925373134328401,0.09502230988803784,0.8784826309292895,-0.5396488378178013,-0.9885445669066486,-0.03406826718928635,0.11896617255796293,-0.053470919324577815,-0.05924170616113744,0.00190839694656475,0.1325301204819278,0.17096336499321585,0.12433392539964472,0.00949525237381299,-0.05864661654135339,0.0,-0.07374822098589728
2009-09-30,1.910857900008876,3.5527453692285116,1.8934082203660187,3.803744605144641,1.9388206841618643,1.954163245170371,3.0684919600173837,3.0684919600173837,0.38235294117647034,0.38235294117647034,0.9027130829478094,1.4242868709151284,-2.178761523022362,-227.29194630872485,7.981282970377384,0.06827445652173902,0.0852329038652131,0.10831234256926958,-0.0009523809523810378,0.06382978723404253,0.13557358053302426,0.11058451816745651,0.009653465346534773,0.09025559105431302,0.0,-0.05224193323089821
2009-12-31,-0.017177023036439865,-0.22949779805768256,-0.036524647429893586,-0.2056887036896594,0.010974976690055094,-0.02415002734317684,-0.18041431664103003,-0.18041431664103003,-0.1914893617021276,-0.1914893617021276,0.27608454487067213,0.6536289053991917,-4.212994866746361,-1.782514378925738,-0.6953871409234754,0.10333863275039756,-0.061187214611872154,-0.040909090909090784,0.0041309183349222955,0.10000000000000009,0.06938775510204076,0.09957325746799439,0.02868350085805349,-0.04688644688644705,0.0,-0.029918938835666875
2010-03-31,-0.010689531394894702,-0.07351785480659778,-0.021084302834133095,0.03155351321905231,0.0036394561667572045,-0.0156550359200901,0.09741114523913996,0.09741114523913996,0.10526315789473673,0.10526315789473673,-0.24591881089101464,-0.5068433007071607,-0.6118514025587474,-1.1209669123021695,0.2761499811503829,0.008357348703170064,0.02821011673151741,0.04265402843601884,0.0009493670886076,0.009090909090909038,0.09446564885496178,0.09314359637774894,0.014299332697807365,0.043043812451960095,0.0,-0.10194469766028569
2010-06-30,-0.005463779745702224,0.040983220731863224,-0.012922274920351251,-0.07465774932526548,0.004585500459781455,-0.0157718228908047,-0.05475037707689201,-0.05475037707689201,-0.05952380952380942,-0.05952380952380942,-0.09048829483620568,0.13645644148475244,0.00027386888124558695,-1.4505740438197972,-0.0975010896411449,-0.27264932837953704,0.0018921475875117721,0.011363636363636465,0.000948466645589674,-0.2792792792792793,-0.31124673060156927,0.0852071005917161,0.010103383458646586,0.015475313190862261,0.0,0.12502114701404166
2010-09-30,0.0009291165095706155,0.13238314954090336,-0.002698504358781828,0.012360194552481385,0.0056926159222892014,-0.014068046252038613,-0.03184641350917827,-0.03184641350917827,-0.025316455696202556,-0.03797468354430378,0.43026308892415166,0.24244687351483463,0.23080825569128938,-3.81647047136542,0.30427620105496445,0.43261296660117887,-0.05571293673276667,-0.04044943820224711,-0.00031585596967786955,0.4374999999999998,0.38607594936708844,0.07851690294438396,0.004884856943475402,-0.03265602322206096,0.0,0.11849624060150377
2010-12-31,-0.008195782128071705,-0.06843575988076023,-0.017711328267570714,-0.38714624471428016,0.004384239614399377,-0.01438039357770382,-0.0259595876574078,-0.0259595876574078,-0.051948051948051965,-0.02631578947368418,-0.06171183927768242,0.09789827658680128,0.2175009650425601,-2.236561794582393,-0.2884790237841529,0.1799232035106968,-0.010000000000000009,0.0,-0.0031595576619272148,0.1826086956521742,0.24748858447488598,0.07381193124368024,0.0127314814814814,0.009752438109527306,0.0,0.5200322667383706
2011-03-31,-0.006200172083815958,-0.0020933770379371053,-0.01195131377856029,0.061288255087325716,0.0012130181166511989,-0.015248751870669541,-0.06249167281028223,-0.06249167281028223,-0.0547945205479452,-0.06756756756756765,0.18924269190139276,-0.20302461809410777,-0.01938883261279034,-2.3793319832282727,0.5592362801616717,0.0023245002324499,-0.04747474747474756,-0.03981264637002346,0.0006339144215530279,0.007352941176470562,0.008784773060029227,0.06873822975517885,0.007314285714285607,-0.029717682020802383,-0.03125,-0.05970281266584121
2011-06-30,1.5040342063071783,3.3892714878815084,1.7118683385103681,3.71944731022258,1.2419085757949704,1.5983078564314015,-0.5168052298728061,-0.5168052298728061,-0.7536231884057971,-0.7536231884057971,1.0126822277127951,-0.26096982158126847,-3.964615009439468,22.53575416683899,8.441553962597206,-0.04730983302411873,-0.35418875927889704,-0.3804878048780488,0.112131770668356,-0.051094890510948954,0.0007256894049347817,0.06343612334801763,-0.10460630814613114,-0.3843797856049004,0.032258064516129004,-0.06998400903019464
2011-09-30,0.03451734072426249,-0.23946474935090878,0.04692629740068077,-0.06457345971563977,0.015479876160990669,0.04312301407172048,0.37254901960784315,0.37254901960784315,0.3529411764705881,0.3529411764705881,0.07924475119885188,14.51632236508535,-1.4399435467398427,-1.6185519908763581,-0.558915946582875,-0.110759493670886,-0.2922824302134648,-0.31496062992125984,0.013386499572771271,-0.19999999999999996,0.12255257432922417,0.06048053024026512,-0.018499746578814036,-0.32089552238805963,0.0,-0.18691210680691828
2011-12-31,-0.010504979289680083,-0.07484243697478987,0.015909548606116486,-0.15157272535359934,-0.05228431015653445,0.012463228894691092,-0.14353571428571432,-0.14353571428571432,-0.17391304347826086,-0.17391304347826086,-0.49965635738831615,-0.6237955592794302,0.7184873949579831,-0.29332386363636365,-0.8860195903829029,-0.053107035313440965,-0.28306264501160094,-0.3045977011494253,-0.05536818437324331,-0.0673076923076924,0.22093023255813948,0.05703124999999987,-0.042086238058352654,-0.31684981684981683,0.0,0.09043413359870645
2012-03-31,0.012522488822387379,0.3857507805847289,0.025260534662437717,0.4040806170689226,-0.009074758726652865,-0.009301179103518575,0.6679871564988951,0.6679871564988951,0.6842105263157894,0.6842105263157894,1.1744505494505493,-0.26169265033407574,-1.5880195599022005,-2.409045226130653,10.953125,0.10985834056085575,-0.1456310679611651,-0.17355371900826444,-0.011603689378161253,0.1752577319587627,0.5867724867724868,0.053215077605321515,-0.021293800539083585,-0.1742627345844504,0.03125,-0.013118868355008084
2012-06-30,-0.030822279300517175,-0.2120032773453503,-0.03936029168047728,-0.07726386673755092,-0.015844558581257884,0.0004338394793925726,-0.63,-0.635,-0.625,-0.625,-0.23183828174352494,-0.22775263951734537,-5.0623700623700625,-1.8908701854493581,-0.8163398692810457,0.0002604845011722201,-0.03409090909090917,-0.050000000000000044,-0.018061408789885602,0.01754385964912286,0.40713571190396824,0.05122807017543862,0.015422748554117405,-0.06168831168831179,0.0,-0.1459946826956421
2012-09-30,-0.008313668542385133,-0.0036391993761372143,-0.009891026193967645,-0.05300556942577295,-0.005612722170252549,-0.00888985255854291,2.6486486486486487,2.6986301369863015,2.5833333333333335,2.5833333333333335,0.5518092105263157,0.34375,-0.3418628454452405,-0.9303442754203363,-0.3096085409252669,0.07291666666666674,0.26666666666666683,0.25263157894736854,-0.008277130594727011,0.0862068965517242,0.13530805687203773,0.04806408544726293,0.0027122321670733918,0.24221453287197248,0.0,0.05211153221440168
2012-12-31,-0.011202225801727916,-0.05739629533002866,0.008595905328880438,-0.06814033664571084,-0.04495717185720649,0.0026252461168234653,-0.13703703703703707,-0.13703703703703707,-0.11627906976744184,-0.11627906976744184,-0.2692103868574457,0.20203488372093026,-0.583203732503888,-1.1954022988505748,0.08762886597938135,-0.0652912621359224,0.195046439628483,0.18487394957983172,-0.04729520865533232,-0.05555555555555558,-0.24170319348778957,0.046496815286624305,-0.03408168785501764,0.1754874651810585,0.0,0.01157854110382095
2013-03-31,-0.005386893743058119,0.07251591475228336,0.004088566410411554,-0.002611534276387384,-0.022448027373114243,-0.015273838097316195,0.27896995708154515,0.27896995708154515,0.26315789473684204,0.26315789473684204,0.005801305293691161,-0.2938331318016929,0.003731343283582156,14.588235294117647,1.255924170616114,-0.03843157621397031,0.15025906735751304,0.14184397163120566,0.00454250486696961,0.008403361344537785,-0.18469584365538116,0.03286670724284835,-0.017362083450014,0.1327014218009479,0.030303030303030276,0.07528932977235159
2013-06-30,-0.008840663328928522,-0.05858064516129036,-0.0005448341123505118,-0.18219506873227143,-0.02418328383538393,0.002658985153999538,-0.09731543624161076,-0.09731543624161076,-0.06249999999999989,-0.08333333333333326,0.05912040374909888,0.24657534246575352,0.8643122676579926,-1.9886792452830189,-0.5504201680672269,-0.024844720496894457,0.2567567567567568,0.2298136645962734,-0.01065891472868219,-0.025000000000000022,-0.1353814989871709,0.03182086034177978,-0.015388999715018614,0.2301255230125523,0.0,0.15115316380839738
2013-09-30,-0.023847973861118366,0.04495614035087714,0.011935502381362317,0.06136606189967986,-0.09163043478260868,-0.0022099447513812542,-4.884758364312267,-4.884758364312267,-4.911111111111111,-5.0,0.05650102110279098,0.10576923076923084,-0.3070787637088733,-1.1984732824427482,0.2429906542056075,-0.06258654112434225,-1.2401433691756272,-1.2323232323232323,-0.07672216780933716,-0.0512820512820511,-0.23584537290121044,0.03083952027412895,-0.069464544138929,0.0,0.0,-0.015411486694749787
2013-12-31,-0.0037896275777161703,0.02492130115424973,-0.01910972497873542,0.10834590246354958,0.028538949383750234,0.005980066445182786,-1.228708133971292,-1.228708133971292,-1.2329545454545454,-1.2386363636363635,-0.2583762886597938,0.28074534161490683,-0.6863309352517986,-2.8846153846153846,-0.368421052631579,-0.05317577548005925,0.0,-0.021739130434782705,0.05162659123055158,0.018018018018017834,0.0,0.029916897506925055,0.03265940902021769,0.0,0.0,-0.07534175101742668
2014-03-31,-0.011991426419757811,-0.04069618633222416,-0.006590357266736069,0.04808346563846677,-0.02286079925542439,-0.0008806693086745865,-0.15062761506276146,-0.15062761506276146,-0.14634146341463417,-0.16666666666666674,0.19895742832319718,-0.3385063045586809,1.9678899082568808,-1.5204081632653061,0.3035714285714286,-0.049921996879875086,0.4402985074626866,0.4222222222222225,-0.013786146603900429,-0.09734513274336276,0.0,0.029047875201721363,-0.011144578313253106,0.0,0.02941176470588225,-0.08464055975623519
2014-06-30,-0.010788414181292283,-0.04002134471718255,-0.010242085661080091,-0.038519800908894175,-0.011906179307060394,0.0006610841780521071,-0.049261083743842415,-0.049261083743842415,-0.02857142857142847,-0.02857142857142847,-0.18188405797101448,0.08064516129032251,-0.33539412673879443,-1.7450980392156863,-0.1735159817351598,0.16026272577996714,0.2642487046632125,0.25,-0.0075008523695874185,0.17647058823529416,0.0,0.028227914270779086,-0.0012183978068838197,0.0,0.0,-0.0016027616816669532
2014-09-30,0.0006322361401984722,0.11673151750972766,0.0054386171213547385,0.03015980193562906,-0.00921797806964697,-0.005945826910372154,-0.025906735751295318,-0.025906735751295318,-0.02941176470588236,-0.02941176470588236,0.26483613817537655,-0.05834464043419263,-0.5790697674418605,-15.552631578947368,3.05524861878453,0.15171242570053778,-3.012295081967213,-3.0124999999999997,-0.009962212298179285,0.16666666666666674,0.0,0.02745297407219116,-0.00975907288807576,-0.22789115646258495,0.028571428571428692,0.0840948382316622
2014-12-31,-0.009852703076254743,-0.11000497760079642,0.026987514984941896,-0.14398077343237925,-0.08647005168744304,-0.016836508639787362,0.0,0.0,0.030303030303030276,0.030303030303030276,-0.12394957983193278,0.3890489913544668,3.9337016574585633,-2.0958408679927665,-0.8256130790190735,-0.022364217252396124,-0.03054989816700604,-0.05590062111801242,-0.07980569049271347,-0.014285714285714346,0.4113438937148697,0.02671944581890151,-0.0773021250384971,-0.057268722466960464,0.0,0.039640050119603476
2015-03-31,-0.012503240473009325,-0.030201342281879207,-0.010505637171165039,-0.08652373660030632,-0.017173667043866025,0.0029292474087427856,0.02127659574468077,0.02127659574468077,0.0,0.0,0.06794564348521193,-0.36721991701244816,-0.2172452407614781,-1.0445544554455446,0.2109375,-0.06209150326797386,0.01680672268907557,-0.006578947368421018,-0.012443438914027105,0.021739130434782705,-0.006879073135409142,0.02602409638554204,-0.004672897196261516,-0.009345794392523255,0.0,0.06168511011285216
2015-06-30,-0.010965266558966125,-0.04700115340253752,-0.01050208603078695,0.3403185247275775,-0.01205553674229598,-0.007189395641428842,-0.25520833333333337,-0.25520833333333337,-0.23529411764705888,-0.23529411764705888,-0.14296407185628746,0.062295081967213006,-0.28898426323319026,-1.0,0.0,-0.11176628249798981,-0.03305785123966931,-0.052980132450331174,-0.010691103474608665,-0.09929078014184389,-0.10499453153481586,0.025364020666979847,-0.0013413816230718467,-0.05896226415094341,0.0,-0.28895768833849333
2015-09-30,-0.0045531576045899635,0.013615733736762392,0.0033149171270718814,0.15634771732332697,-0.023102762733941185,0.03054989816700604,0.43356643356643354,0.43356643356643354,0.4230769230769229,0.4230769230769229,0.28820960698689957,0.17901234567901225,0.028169014084507005,inf,1.2903225806451615,-0.16385033192516596,0.06196581196581197,0.034965034965035,0.001929756850636899,-0.15748031496062986,-0.11120162932790223,0.02473660100778763,-0.018468770987239758,0.022556390977443774,0.0,-0.12351233671988393
2015-12-31,-0.02358780817984163,-0.20895522388059706,-0.02782286111755161,-0.1700018027762754,-0.013333333333333308,-0.017127799736495364,0.648780487804878,0.648780487804878,0.6756756756756757,0.6756756756756757,-0.18915254237288137,0.08769633507853403,0.16242661448140905,-2.145,-0.6450704225352113,-0.03500541320822814,0.22535211267605626,0.216216216216216,-0.004237288135593209,-0.03738317757009346,-0.06461961503208069,0.024139472507823,0.010605542251111766,0.20343137254901955,0.0277777777777779,-0.046862063255505904
2016-03-31,-0.0018275775144945827,0.10415094339622644,-0.0018781302170284286,-0.16898349261511725,-0.001706970128022789,-0.016756032171581725,-0.30177514792899407,-0.30177514792899407,-0.29032258064516125,-0.29032258064516125,0.18979933110367897,-0.27196149217809873,-0.14814814814814814,-2.3624454148471616,2.4761904761904763,0.017950635751682986,0.06403940886699488,0.061111111111111116,-0.005802707930367634,0.01941747572815533,-0.16119549240568343,0.023570493234395418,0.0,0.052953156822810765,0.0,0.3287004864489229
2016-06-30,-0.008396994759770182,-0.04613807245386192,-0.010393954780323122,0.2655514898065865,-0.003633513821601597,-0.0006816632583503957,-0.1694915254237288,-0.1694915254237288,-0.18181818181818188,-0.18181818181818188,-0.17217146872803935,0.11404958677685961,0.4841897233201582,-1.7916666666666665,-0.5639269406392694,0.08890521675238805,0.06790123456790131,0.06806282722513113,-0.0035019455252918164,0.09523809523809512,0.024532710280373626,0.023027718550106657,0.004739336492890933,0.05802707930367501,0.0,-0.24633891213389125
2016-09-30,-0.006833906362748832,-0.022572554639914033,-0.006911538345456214,-0.022511358942585713,-0.006649982123703935,-0.0036380172805821065,-0.22448979591836737,-0.22448979591836737,-0.2222222222222221,-0.2222222222222221,-0.22665534804753817,0.08753709198813064,-0.6950732356857523,-0.7935222672064777,-0.2670157068062827,-0.020242914979757165,-0.047687861271676235,-0.044117647058823595,-0.007809449433814897,-0.017391304347826098,-0.07525655644241735,0.022509378907878297,0.0003369272237196963,-0.04570383912248621,0.0,0.0
2016-12-31,0.004722625865458685,0.8922287390029326,0.021699489423778306,0.13015001056412423,-0.0354880506766484,-0.021223185759926988,-0.7236842105263157,-0.7236842105263157,-0.7142857142857143,-0.7142857142857143,0.203073545554336,0.339699863574352,-0.8602620087336245,-2.607843137254902,0.5857142857142856,-0.030303030303030276,-0.3125948406676783,-0.31794871794871793,-0.0354191263282172,-0.017699115044247593,0.020961775585696563,0.022013860578882882,-0.040080835298080264,-0.31417624521072807,0.0,0.6741845940319222
2017-03-31,-0.008826594635982676,-0.03758233242929099,-0.009578202153608162,-0.047298560478594154,-0.006940816478841705,-0.01865236651900215,2.880952380952381,2.880952380952381,2.75,2.75,-0.03558394160583944,-0.25458248472505096,9.40625,-1.0975609756097562,-0.036036036036036,-0.13671875,-0.10596026490066224,-0.11278195488721798,-0.010607915136679025,-0.10810810810810823,0.2657004830917875,0.021539688871160756,0.0017543859649122862,-0.10614525139664799,0.0,0.010259067357512919
2017-06-30,0.09276425904467622,-0.41465378421900156,0.13644281595386842,-0.36361852433281006,-0.01653389448369158,-0.028272748871465914,-0.8957055214723927,-0.8957055214723927,-0.9,-0.9,-0.3519394512771996,-1.8715846994535519,-15.468468468468469,-768.625,0.0,0.04195804195804187,-0.3111111111111111,-0.3389830508474576,-0.018144329896907285,0.05050505050505061,0.18463740458015265,0.021085513471300166,-0.09982486865148854,-0.3125,-0.05405405405405406,-0.08021335521591955
2017-09-30,-0.007638684339715263,-0.07359009628610724,-0.0069505008060466444,0.007092198581560183,-0.009628610729023435,-0.013691931540342317,4.411764705882353,4.411764705882353,4.666666666666667,4.666666666666667,0.39854014598540144,-2.184952978056426,-1.0819842258198422,-1.0314281061716333,27.80373831775701,-0.16462692459534145,-0.1469534050179211,-0.1794871794871794,-0.4909701805963881,-0.14423076923076927,0.23519935561820393,0.020650095602294583,-0.0019455252918287869,-0.14090909090909087,-0.02857142857142847,-0.08007137281141974
2017-12-31,0.4961809403197721,0.556792873051225,0.38705556738343616,0.4871402327005512,0.8125771604938272,0.31953396132870604,11.141304347826088,11.141304347826088,6.411764705882352,6.411764705882352,0.2296450939457202,9.609788359788359,-4.21012658227848,27.8860103626943,-0.904769630110318,-0.2032136105860114,2.7142857142857144,2.8749999999999996,0.8118811881188122,0.5617977528089886,-0.052168242582328106,0.020232296740352096,0.21130604288499022,3.1640211640211646,-0.05882352941176472,0.046793550733422284
2018-03-31,-0.010818531695123701,-0.002622794468288059,-0.014773599386032288,-0.018529956763434163,-0.0020433357456046686,0.11685139958669932,-0.8970456580125336,-0.8970456580125336,-0.9126984126984127,-0.9126984126984127,0.41511035653650263,-0.9042513402318912,-1.747634069400631,-0.9910313901345291,-0.08517887563884152,0.03558718861209975,-0.1685520361990951,-0.1411290322580645,-0.010473588342440832,-0.4244604316546762,-0.6587547299621603,0.019831068674256214,0.008690054715159379,-0.12071156289707763,-0.03125,0.01621308627678042
2018-06-30,-0.005976495126549297,0.06406885010757835,0.00013631937682578865,-0.05160478288231596,-0.01936612208335109,-0.007232968881413004,1.5391304347826087,1.5391304347826087,1.4545454545454546,1.4545454545454546,-0.050989802039592136,-0.03125,-0.32278481012658233,-4.9,0.3631284916201116,0.032073310423825774,0.061224489795918435,0.10328638497652576,-0.020708697653014196,0.03749999999999987,0.157258064516129,0.01944544472452292,-0.013401403956605051,0.101156069364162,0.0,0.1219373219373221
2018-09-30,-0.01311435719473808,-0.07571332284879806,-0.015363046906945454,0.16921035169210352,-0.008090826047239985,-0.014232463571670628,-0.06849315068493156,-0.06849315068493156,-0.07407407407407418,-0.07407407407407418,0.12958280657395704,-0.08064516129032262,1.207165109034268,-2.6102564102564103,-0.42622950819672134,0.17258601553829078,-0.0064102564102563875,0.025531914893617058,-0.008458646616541388,0.19277108433734935,0.016550522648083543,0.01907453196750275,0.005174644243208348,0.02493438320209962,0.0,-0.20944641950228549
2018-12-31,-0.0424554660560712,-0.07146329606222657,-0.002768549280177224,0.046348846008323896,-0.13046528965486992,-0.006875214850464051,-9.867647058823529,-9.867647058823529,-10.04,-10.04,0.11695579182988247,0.2894736842105263,-0.28299223712067745,-1.3121019108280254,0.2333333333333334,-0.1438712730714623,-2.0038709677419355,-1.983402489626556,-0.1298578199052134,-0.13131313131313127,-0.17994858611825193,0.018717504332755652,-0.0920205920205921,0.0,0.032258064516129004,-0.11255300012848513
2019-03-31,-0.0778296515600091,0.0,0.01620131672880154,-0.028566262881938198,-0.3169759935444826,-0.022672204915195615,1.5559701492537314,1.5559701492537314,1.5530973451327434,1.5530973451327434,-0.40781563126252507,0.027210884353741527,-0.6850393700787402,-1.4489795918367347,-0.084942084942085,-0.21890547263681592,4.204370179948587,3.784810126582279,-0.32352941176470584,-0.10465116279069764,0.0,0.008506294658046976,-0.2593905031892275,0.0,0.03125,0.029390473432749253
