Quarter end,Assets,Current Assets,Liabilities,Current Liabilities,Shareholders equity,Revenue,Earnings,Earnings available for common stockholders,EPS basic,EPS diluted,Cash from operating activities,Cash from investing activities,Cash from financing activities,Cash change during period,Cash at end of period,Price,ROE,ROA,Book value of equity per share,P/B ratio,P/E ratio,Cumulative dividends per share,Equity to assets ratio,Net margin,Asset turnover,Current ratio
1996-06-30,0.062203470818275264,0.061024366916305306,0.15827230407962878,0.1611765566552632,0.05817531620953642,0.22992986249200498,0.4691670166356694,0.4691670166356694,0.357142857142857,-0.22222222222222232,1.6624974543345252,-0.689311823547542,14.973933372296903,-1.0639769903101486,-0.20057153576547593,0.11524822695035475,0.019429516329061647,-0.02545885139135584,0.05063291139240489,0.19221105527638205,0.1693109700815958,inf,-0.003854969785372031,-0.06532813904704815,0.03921568627450989,-0.08625198336982065
1996-09-30,0.062203470818275264,0.061024366916305306,0.15827230407962878,0.1611765566552632,0.05817531620953642,0.22992986249200498,0.4691670166356694,0.4691670166356694,0.357142857142857,-0.22222222222222232,1.6624974543345252,-0.689311823547542,14.973933372296903,-1.0639769903101486,-0.20057153576547593,0.11524822695035475,0.019429516329061647,-0.02545885139135584,0.05063291139240489,0.19221105527638205,0.1693109700815958,inf,-0.003854969785372031,-0.06532813904704815,0.03921568627450989,-0.08625198336982065
1996-12-31,0.0850760120664773,0.07505117550659612,0.27760921637960534,0.2800001525322593,0.07623947102161299,0.0,0.0,0.0,0.0,-0.22222222222222232,1.6624974543345252,-0.689311823547542,14.973933372296903,-1.0639769903101486,0.016051421452007553,0.2527821939586645,0.019429516329061647,-0.02545885139135584,0.06024096385542177,0.19221105527638205,0.1693109700815958,inf,-0.008158142453718153,-0.06532813904704815,0.03921568627450989,-0.1601157060398376
1997-03-31,0.0898240919800688,0.08137297367814078,0.62082625568153,0.6221770169299647,0.060893183511508076,0.8416029846820086,0.4100137788066822,0.4100137788066822,0.368421052631579,-0.22222222222222232,0.2197874205540422,-0.8644166690755277,-0.24463071778247725,6.221863586442929,0.11408987148430216,-0.3515228426395939,0.019429516329061647,-0.02545885139135584,0.05681818181818188,-0.3877766069546892,0.1693109700815958,inf,-0.026468417167562985,-0.06532813904704815,0.03921568627450989,-0.3333821859084748
1997-06-30,0.6488873301539115,0.5193969634895919,7.547083735143662,2.927836390857371,0.07468342714965348,0.13924064220124666,0.1075880777615279,0.1075880777615279,0.1153846153846152,-0.22222222222222232,5.594042255272637,15.293346908729522,1.0475313993984101,4.4893761043579286,0.5621469419166332,-0.10567514677103718,0.019429516329061647,-0.02545885139135584,0.06451612903225801,-0.15490533562822706,0.1693109700815958,inf,-0.34824523396880414,-0.06532813904704815,0.03921568627450989,-0.6131691766516434
1997-09-30,-0.014670163877691933,-0.0011907067213968725,-0.16020656782000964,-0.27246141238843724,0.08167715452827307,0.42517223352519506,0.575311382191704,0.575311382191704,0.517241379310345,-0.22222222222222232,-1.0877886856181211,-0.1515278556886691,-0.7393161887684254,-1.3781391154839766,-0.13607538553804133,0.8030634573304156,0.019429516329061647,-0.02545885139135584,0.07070707070707072,0.6945010183299389,0.1693109700815958,inf,0.09772311783280707,-0.06532813904704815,0.03921568627450989,0.37285348922177564
1997-12-31,0.06727290471743652,0.06736393991879974,-0.04552434079829104,-0.009591174556895732,0.12524797753159667,0.22932072089192235,-0.0443796713430582,-0.0443796713430582,-0.13636363636363635,-0.22222222222222232,-2.606143432365946,0.3689760504673636,18.432810628334966,-0.6177599073080721,-0.06020602620929383,0.35072815533980584,0.019429516329061647,-0.02545885139135584,0.1132075471698113,0.2620192307692306,0.1693109700815958,inf,0.05435276305828918,-0.06532813904704815,0.03921568627450989,0.07769645893398391
1998-03-31,0.07939421517520429,0.024402947312843315,0.04937481437952096,0.22465224699079744,0.09248185830193356,0.060484158222495976,-0.01726763924323893,-0.01726763924323893,-0.23684210526315796,-0.22222222222222232,0.2699117935601032,0.6616674584904563,-0.12023248146788712,1.3472951413647967,-0.1503747807957636,0.03054806828391743,0.019429516329061647,-0.02545885139135584,0.05084745762711873,-0.07428571428571418,0.1693109700815958,inf,0.012062033314187204,-0.06532813904704815,0.03921568627450989,-0.16350665386198382
1998-06-30,0.24310133998751415,0.08603674355097413,0.6906993956936376,1.5156092641811907,0.055660587482599944,0.2338383438573679,-0.216412238704072,-0.216412238704072,-0.2068965517241378,-0.22222222222222232,-0.17570295821035609,-1.5588105458021984,-0.5257267974203137,-2.6044143197334746,0.2839645601168408,0.2781168265039231,-0.05393349553933502,-0.06379100850546782,0.056451612903225756,0.21604938271604923,0.1693109700815958,inf,-0.15068104426787732,-0.15293363257454318,0.09433962264150941,-0.5682772420127271
1998-09-30,-0.03737258024871282,-0.005178769449952769,-0.3021865950370912,-0.3869387450394077,0.1402339308553191,0.20314414130825664,0.7565034781712956,0.7565034781712956,0.7391304347826086,0.7619047619047619,1.8341969085111711,-3.8354473512436162,5.439674227510249,-1.5827354501379545,-0.12887911466018587,0.13437926330150063,-0.020574367766823864,-0.0006489292667098967,0.1450381679389312,0.07360406091370542,0.11804613297150612,inf,0.18443033745405946,-0.08554125662376977,0.10344827586206917,0.622687383656878
1998-12-31,0.1815129136187057,-0.1466445028871477,0.2604878654442804,0.2714317533582531,0.14909742035521467,0.1721065662846788,0.3200038204988107,0.3200038204988107,0.32499999999999996,0.32432432432432434,0.7372201236083504,0.2003591116283594,0.17601210588863814,-0.7170541931091576,-0.041857405686308025,0.11064341551413115,0.07133479212253824,0.0714285714285714,0.14666666666666672,-0.029944838455476686,0.04143550624133141,inf,-0.027503526093088926,0.01697019867549665,0.046875,-0.3288149084609262
1999-03-31,0.8666720756641477,1.1992779162022162,2.452712692083688,0.4291555054278866,0.15257149004551973,0.07292265650698915,0.15521300853771813,0.15521300853771813,-0.4339622641509434,-0.4285714285714285,-0.38213168066513614,-0.2275369249180177,43.955486829596154,-52.244853450644364,2.238862841641447,0.15376285868976725,0.08210784313725505,-0.08727272727272728,0.13953488372093026,0.006498781478472715,0.0589312468786416,inf,-0.3824510514865844,0.053724053724053755,-0.1343283582089554,0.5388398618717081
1999-06-30,0.052371638445442015,-0.23958975811455696,0.013812477292780345,-0.021612245569037514,0.10437904893579164,0.11025529462952299,0.0782753803166718,0.0782753803166718,0.06666666666666665,0.03571428571428559,-0.03370508735303812,3.019348157837366,-0.9743160704541122,-1.6242199483117266,-0.43149182772376937,0.017832003754106207,0.09626274065685148,0.005976095617529875,0.10204081632653073,-0.10653753026634383,-0.1631818896399938,inf,0.04931892907468294,0.0977211278485901,-0.08620689655172398,-0.22279393431103656
1999-09-30,0.09046077668963459,0.010309227824868206,0.012837167631907231,-0.024719573163046626,0.1865713033051435,0.12037282211513012,0.056181392837862054,0.056181392837862054,0.03125,0.034482758620689724,0.5073769792762317,-0.40392603540935,2.0636119288365546,-0.6919231869666931,-0.23382711738832374,0.32272936837252186,-0.01308539944903575,-0.07656765676567656,0.16203703703703676,0.19963866305329714,0.07796355438662417,inf,0.08818263205013444,0.015482054890922026,-0.09433962264150952,0.03593093793747082
1999-12-31,0.12313069826583334,0.3831205371002795,0.06312801039567151,0.1802486366338425,0.1865459353339476,-0.2605312913594252,0.16012403734750902,0.16012403734750902,-0.4545454545454546,-0.43333333333333324,0.12050919377652058,-0.6255270102217234,0.09237132352941169,-1.6587999635800783,0.20105814224899698,0.6413384454513769,-0.04187020237264483,-0.07505360972122954,0.15537848605577698,0.4126506024096388,0.4721157197629835,inf,0.05635540929658567,0.11503811503811479,-0.16666666666666663,0.17187499999999978
2000-03-31,0.16182576212329836,0.26709443676741884,0.03393312426825568,0.16787473995401303,0.28293282308139633,0.5031129747765946,0.1321779997062711,0.1321779997062711,0.16666666666666674,0.11764705882352944,-0.1604813599259446,-0.2059776445812409,0.4670134241021915,0.3551329537287855,0.22685039515815575,0.8163091951582075,-0.07574654042243256,-0.001545595054095683,0.27241379310344827,0.5719616204690829,0.6736119332307329,inf,0.10436137071651119,0.01802361715351153,-0.025000000000000022,0.08497297297297313
2000-06-30,0.012881807981197646,0.0992342430243871,-0.02811371944910679,-0.05558368178607809,0.044167727992536765,-0.09771635126514988,-0.6115449474640031,-0.6115449474640031,-0.6190476190476191,-0.631578947368421,0.3404971932638332,-1.1844843415281037,-0.694457479534908,0.7504589401542039,0.32366807220281957,-0.40301648544370394,-0.2257683215130024,-0.1756965944272446,0.04336043360433606,-0.5306883689386233,-0.44861003041663716,inf,0.030853314527503395,-0.12454212454212454,-0.05128205128205132,0.16392099552721295
2000-09-30,-0.08331572974645918,-0.02719907334546212,-0.007682708287743756,0.012799470549305081,-0.1370398222095256,0.0698018588692193,0.44373205102517876,0.44373205102517876,0.5,0.5714285714285714,-0.2926537449150515,4.317113630080177,-10.75358361774744,-1.332704094712065,-0.08135400045589236,-0.627301214257736,-0.1277353689567431,-0.1051643192488263,-0.1350649350649351,-0.6430635838150289,-0.5790891597177679,inf,-0.058662561997605556,-0.08368200836820094,-0.027027027027027084,-0.039493959859221994
2000-12-31,-0.006263034963848169,-0.24062708696800117,0.032486599674975025,0.041513650561313176,-0.037913861342758204,0.17448960710540917,-0.10362214923439883,-0.10362214923439883,-0.16666666666666663,-0.09090909090909083,0.6744967861975644,-1.2147982529118138,-0.8397543564980054,-2.8428481367329783,0.16320004466390414,0.2611665790856541,-0.15402567094515762,-0.14900314795382996,-0.03903903903903905,0.45951417004048567,0.3544651021030172,inf,-0.03179505813953476,-0.23554033485540327,0.11111111111111116,-0.27089068906098357
2001-03-31,0.0425311417767642,-0.08076784761671019,-0.005374275059746192,0.053090904527972826,0.08452371916508539,-0.003616066739688173,0.4932652113330236,0.4932652113330236,0.5999999999999999,0.4999999999999998,-0.28184148389459196,11.250907770515614,-0.8601921607162354,-1.891384913621073,-0.12506366242250522,0.12375000000000003,-0.08758620689655161,-0.09247842170160303,0.08749999999999991,0.1692094313453536,0.2911791179117913,inf,0.040345280540438955,-0.1299153807864608,0.04999999999999982,-0.12710529175268936
2001-06-30,0.022017567152803785,-0.30289130088144445,0.031131445816929615,0.09013458525222084,0.014690810234110563,0.10889076288287214,-0.20877829618109556,-0.20877829618109556,-0.25,-0.19999999999999996,0.008509740488079398,0.5448985842299219,4.408824677860211,1.4063366167754041,-0.34396247748557707,-0.015572858731924266,0.1201814058956916,0.10190217391304368,0.00287356321839094,-0.09489916963226575,0.07598466364586964,inf,-0.00721500721500723,0.008009153318077722,0.09523809523809534,-0.36053278560980917
2001-09-30,0.022358131648431367,-0.06077184956646631,0.042957089814764426,0.026402081124506704,0.0055300697542890465,0.04224099297907302,0.21385515855682713,0.21385515855682713,0.25,0.16666666666666674,-0.0761331938633194,-0.457702884184946,0.5326306670516894,-0.5300809838563909,-0.2463799759361891,0.03691148775894537,0.04993252361673406,0.04562268803945746,0.0,0.03407601572739183,-0.07110463232912212,inf,-0.016533430232558155,-0.009080590238365494,0.06521739130434767,-0.084923106871715
2001-12-31,-0.0030562720412167232,-0.0200378896216985,0.009007129069803055,0.024982828298963256,-0.013278133531288483,0.02966220398058561,-0.07732997481108317,-0.07732997481108317,-0.06666666666666654,-0.07142857142857151,0.18155228048987593,-0.530867109281949,1.1367875647668395,-0.5751564974734142,-0.13889351209739564,-0.1718125681075191,0.04113110539845777,0.04245283018867929,0.014326647564469885,-0.17237008871989856,-0.22040104620749779,inf,-0.01016072418252345,0.018900343642611617,0.020408163265306145,-0.04392916024038718
2002-03-31,-0.025443831058655997,-0.03496842987386395,-0.04401854162952401,-0.06813990576672324,-0.009349172755781399,-0.09957734359182024,0.04087204087204088,0.04087204087204088,0.0,0.0769230769230771,-0.5543967802727825,-0.2803277864360766,0.19905652058901335,1.446431741523167,-0.39460101794649693,-0.1780701754385966,-0.020370370370370372,-0.026018099547511442,-0.005649717514124353,-0.18989280245022977,-0.2238872735405949,inf,0.01642403882045529,-0.0365373805508713,0.0,0.03560104578071965
2002-06-30,0.02036623727800202,0.07033303987974393,-0.008013651367934194,-0.023614146189180785,0.044096320160679214,-0.17464689761787644,-0.5935029412866724,-0.5935029412866724,-0.5714285714285715,-0.5714285714285715,0.17845238521916773,-0.5046454767726161,-0.8167628782586315,-1.1583912341490847,0.1032399195932363,-0.3890074706510138,-0.12287334593572785,-0.11962833914053417,0.08806818181818188,-0.3856332703213611,-0.377521613832853,inf,0.023319867792875648,-0.07117852975495909,-0.040000000000000036,0.09620239565988076
2002-09-30,-0.07708147276375832,0.018489713016377474,-0.04180946884170911,-0.03539292484070611,-0.10510248582642823,0.012276937746900973,0.5499124343257442,0.5499124343257442,0.6666666666666667,0.6666666666666667,0.9377737226277372,-5.655196728247073,9.5824219925755,1.778490436376131,0.2600079313190642,-0.496943231441048,-0.10129310344827591,-0.10158311345646454,-0.08616187989556134,-0.5384615384615384,-0.43240740740740746,inf,-0.030324780190202794,-0.06407035175879405,-0.04166666666666663,0.055860446883575054
2002-12-31,0.04750202460549513,0.030896769958055348,0.07311928801547651,0.11802378232484356,0.025711634489572477,0.25135830712038887,1.353077609277431,1.353077609277431,1.2999999999999998,1.1999999999999997,-0.01735882223687102,-1.3501666161769161,-0.8639488030338943,0.036316418648749016,0.21384824770330035,0.6666666666666667,0.18944844124700233,0.1864904552129223,0.06285714285714294,0.8266666666666669,0.8213703099510603,inf,-0.020910436713545533,0.19530201342281894,-0.021739130434782594,-0.07791906441433072
2003-03-31,-0.00667911575326019,0.49675325540435766,0.0027644663684016635,1.8381695069591135,-0.015083226215851231,-0.0355750618346059,-0.233477392776809,-0.233477392776809,-0.21739130434782616,-0.18181818181818188,-0.051095706618962455,-1.208538800934337,2.8404878048780486,-0.6372712808273667,0.0639032936229853,0.34062499999999996,0.053763440860215006,0.044554455445544594,-0.016129032258064502,0.2627737226277371,0.10837438423645329,inf,-0.008505008505008571,0.03649635036496335,0.022222222222222143,-0.47264583018772965
2003-06-30,0.06642641143448502,0.1530254748722697,0.04548976849429209,0.05354608010833828,0.08539615410031054,-0.0030803325644117585,-0.03247716706782289,-0.03247716706782289,0.0,-0.05555555555555547,-0.0842633271053207,5.570628500311138,-1.1873128776469308,9.571663559600834,0.6349863982768955,0.4203574203574205,0.19579081632653073,0.18127962085308047,0.0901639344262295,0.44219653179190765,0.31878787878787884,inf,0.01791841402973704,0.13434452871072589,0.04347826086956519,0.09438824203092189
2003-09-30,0.010892268781076853,0.06737956025191094,0.03606021604389231,0.03271394552102058,-0.011072857116764978,0.009031870198323633,0.05626363140676127,0.05626363140676127,0.05555555555555558,0.0588235294117645,0.33411760380861355,-1.371499826372447,-5.31705899447835,-0.8314679003765443,0.06545350532990635,0.13293216630196936,0.09973333333333323,0.09127382146439311,-0.007518796992481258,0.04008016032064132,-0.053002450980392135,inf,-0.021722846441947663,0.07306590257879653,0.0,0.033574605389378176
2003-12-31,0.08130061037967029,0.10738865664733188,0.07416858700610529,0.060922504037498104,0.08782168785216182,0.09285649953928554,0.17035005646071943,0.17035005646071943,0.1578947368421053,0.16666666666666674,-0.04878754477817582,8.6918762746431,-1.5355099293167283,-2.3017787899304487,-0.30816466202087955,0.16127474649927565,-0.059650824442289085,-0.061580882352941124,0.06818181818181834,0.16955684007707128,0.03752830799094142,inf,0.005934150076569722,-0.040053404539385884,-0.02083333333333337,0.04387445156935543
2004-03-31,-0.14379090798913552,-0.5228567957772695,-0.5209177908957425,-0.5484141515181387,0.19670259395187872,0.022606248098184345,-0.7429359062715368,-0.7429359062715368,-0.7272727272727273,-0.7619047619047619,0.12930372687901048,-2.8942781489469898,-15.474083385711292,1.4306382978723406,-0.2809656280572119,-0.14303534303534304,-0.23568849922640533,-0.1645445641527914,0.17494089834515347,-0.1976935749588139,-0.13158715310258806,inf,0.3977164605137966,-0.19007881316643493,0.042553191489361764,0.05657937277723879
2004-06-30,0.005691464279852676,-0.008801298704854021,0.016963123360438592,0.043782586446900806,0.0016173520116997686,0.105337548819044,2.3753351206434314,2.3753351206434314,2.0,2.5999999999999996,-0.4242490316291717,-1.1677065494098589,-0.9029222057529297,-0.5160869903516963,-0.1890909920113103,0.017952450266860875,-0.04318488529014841,0.03399765533411481,0.008048289738430636,-0.13347022587268997,0.2348294434470377,inf,-0.004084411164057222,-0.03606182026330851,0.061224489795918435,-0.05041309669522631
2004-09-30,0.013579966548743938,0.04061346914425856,0.010945360042198926,0.006414475939715558,0.01454682806201646,0.05202409395295615,0.22154090548054017,0.22154090548054017,0.2777777777777779,0.22222222222222232,0.38601884648800366,0.15444484309883255,0.02135210091551598,-0.4428186678458014,-0.12992576206366468,-0.18350810295519548,0.0,0.08503401360544216,0.011976047904191711,-0.18957345971563977,-0.1965687699912766,inf,0.000956937799043045,0.0017814726840854611,0.09615384615384603,0.033996616450495454
2004-12-31,0.09563054275320959,0.13218163529090154,0.14911345768999484,0.16557033605286908,0.0760727802410417,0.1406828092846708,0.36022679983354133,0.36022679983354133,0.34782608695652173,0.36363636363636354,0.28918141344005655,1.3585072557316695,-0.9739262460217817,0.3951374359714306,-0.20833198668433472,0.31056625802685356,0.06699576868829316,0.1525600835945664,0.07692307692307687,0.29532163742690054,0.23127035830618903,inf,-0.01775471182736954,0.052163604030823985,0.08771929824561409,-0.028671601090767607
2005-03-31,0.0032198518914783314,0.10721318392798529,-0.01832609315602518,-0.016658921729371445,0.01163362723739203,-0.05644328331004311,-0.2626869096332556,-0.2626869096332556,-0.25806451612903225,-0.2666666666666666,-0.0848907229861986,-1.0130151843817787,29.483762597984324,-3.454338607922226,0.6458733074777165,0.006236080178173786,0.19167217448777274,0.18766999093381687,0.012820512820512775,-0.06546275395033863,-0.11463844797178135,inf,0.008342602892102313,0.15887323943661968,0.032258064516129004,0.126012673457929
2005-06-30,0.0724757309771551,0.1971989032742978,0.11255640794223831,0.12290056143542016,0.05728759759101809,0.046257863192827875,-0.27681535269709545,-0.27681535269709545,-0.30434782608695654,-0.2727272727272727,-0.11305177111716624,-1.2593457943925235,-1.8065902578796562,0.8272723441911425,0.7170578848586571,0.03408587870739255,-0.05990016638935092,-0.06488549618320616,0.05063291139240489,0.019323671497584627,-0.15703851261620183,inf,-0.014202978488692786,-0.061740398638794325,-0.015625,0.06617751816498085
2005-09-30,0.16564009727296058,0.2302552811452725,0.2469376476672378,0.05694926021015845,0.13322288118374503,0.07441213091005494,0.46858638743455505,0.46858638743455505,0.5,0.4375,0.1582593468710638,-660.1231231231232,-0.7419957189051327,2.465604317044485,1.4472656532144286,0.0021404109589040488,-0.050737463126843796,-0.06448979591836734,0.09466437177280573,-0.04502369668246431,0.024419062623080023,inf,-0.02783606098755076,-0.031088082901554404,-0.031746031746031744,0.16396071356985376
2005-12-31,0.04260488785364824,0.044279196267109855,-0.02785452460676141,0.06698787456864808,0.0735197045653222,0.18378299779243612,0.4392352208629404,0.4392352208629404,0.41666666666666674,0.3913043478260869,0.050805649492739136,-1.2741653302230647,-8.635657546337157,-1.0805035966435763,-0.04760827261619227,0.1328492097394276,-0.02672467371037912,-0.027050610820244292,0.05974842767295585,0.03473945409429269,0.12033833141099581,inf,0.02978417266187061,-0.021390374331550777,0.0,-0.0212961368463348
2006-03-31,0.05661264848458902,0.07571680085676102,-0.06147109014254171,0.0072616152986790805,0.1035305946089673,-0.03222708593889578,-0.2419707843436657,-0.2419707843436657,-0.26470588235294124,-0.25,0.2032535716088646,2.186552778516352,-1.8223136674680969,1.5145891882955862,-0.12569958783972235,0.26583710407239813,-0.05108556832694755,-0.041255605381166016,0.08160237388724023,0.1942446043165469,0.2388469457789979,inf,0.04429230124353767,-0.025136612021857907,-0.016393442622950838,0.06797653958944272
2006-06-30,0.12104168085368627,0.1039960996184075,0.05277618086286884,0.04960738169023937,0.14410986712366824,0.05950045769582846,0.03963830882517505,0.03963830882517505,0.0,0.0,-0.3693793855738874,0.3820467891152206,2.5503514197357324,0.2918988215571223,-0.18573838824930533,0.18796544533809967,-0.00605652759084796,0.01216089803554743,0.1344307270233196,0.09839357429718865,0.1628808864265927,inf,0.020604763179020713,0.03867713004484297,-0.033333333333333326,0.05178757757153063
2006-09-30,-0.017614046255571836,-0.18676968835013463,0.020896697547130305,0.007538960174044318,-0.029588684445719715,0.008650732571478414,0.0036167922497309934,0.0036167922497309934,0.0,0.04166666666666674,0.16633956489920831,-0.6648994577624494,-1.86604215827566,0.6290726817042607,-0.37160211150094746,-0.14393179538615852,-0.035883547731888954,-0.01848428835489835,-0.012091898428053138,-0.24497257769652647,-0.21033825631252978,inf,-0.012191924488725858,-0.018888289260658442,0.0,-0.19282581453634084
2006-12-31,0.034558654815629364,0.1569814096086226,0.16138823236720978,0.17998440033843344,-0.006929773815926299,0.15530266221823918,-0.02934488824059378,-0.02934488824059378,0.040000000000000036,-0.040000000000000036,0.47060249554367206,-2.219692363128617,-0.2783421261966371,-2.0348691917219837,0.6119682828497406,-0.08875219683655544,-0.1116573033707865,-0.11111111111111116,-0.00244798041615657,-0.07748184019370452,-0.10618401206636496,inf,-0.04007962840079615,-0.11276127612761266,0.01724137931034475,-0.019535545636845897
2007-03-31,0.0804688430025986,0.157552261385153,0.10929087585507613,0.0927189786814504,0.06944257588495173,-0.04023027893907205,-0.16833149171270723,-0.16833149171270723,-0.1923076923076924,-0.16666666666666663,0.19240540697787178,-1.710449056464419,-1.6905368251675599,-0.24146700373542618,0.2879697697204444,-0.03728704596592736,-0.0766798418972332,-0.08686440677966101,0.06871165644171784,-0.036745406824147064,0.04218697266284166,inf,-0.010230886215954804,-0.07749535027898335,-0.016949152542372947,0.05937850498119679
2007-06-30,0.043678738947965146,0.09707565121516182,0.04911273931577864,0.0511109060523105,0.04152242727045752,0.08528732050582954,0.4187016714054155,0.4187016714054155,0.4285714285714286,0.44999999999999973,-0.1630098887515451,-0.2586643795563526,-1.0,-0.5436095386849986,0.10204172422153568,0.08681135225375614,0.020547945205479534,0.004640371229698292,0.04133180252583224,0.019073569482289,0.13341968911917101,inf,-0.0020952647017739023,-0.01008064516129037,0.01724137931034475,0.04371925017126488
2007-09-30,0.013120903824134222,0.005128812049943532,0.013153333353785657,0.01003075882609239,0.013107941405129164,0.04655704561495866,0.13682337516388832,0.13682337516388832,0.13333333333333353,0.13793103448275867,-0.16322882154620444,1.8219394194362644,-inf,-3.8771444141689373,-0.2664044113788384,0.11305683563748081,0.046979865771812124,0.033487297921477976,-0.03969128996692384,0.0668449197860963,0.05628571428571427,inf,0.0,0.018329938900203624,0.016949152542372836,-0.004892893370726181
2007-12-31,0.09590527118617675,-0.09823574261916945,0.05430271869384007,0.053109879957120576,0.11253498751796664,0.1418222449568629,0.03410495098443045,0.03410495098443045,-0.02941176470588236,-0.030303030303030276,0.30167318834689927,-0.2383561303467382,1.2616321814935407,0.058482146239459354,-0.38438659868980374,0.10378139663262509,0.028044871794871806,0.02905027932960902,0.13892078071182534,0.15037593984962405,0.020557208547470784,inf,0.015257558790593428,0.02733333333333321,0.0,-0.14367092402710324
2008-03-31,0.005069647487881079,-0.17057189796060346,0.0024871906807895083,0.008320672990215217,0.006047896862633184,-0.05637465305499312,-0.4522743567274755,-0.4522743567274755,-0.4242424242424243,-0.4375,-0.0479643902090916,-0.36008123052832464,-0.5222449263920494,-0.7736994302402154,-0.14130119017291698,-0.14653663415853957,-0.055339049103663274,-0.05211726384364823,0.016129032258064502,-0.2505446623093682,-0.20646700238536964,inf,0.0009651178822556172,-0.06164828033744307,0.0,-0.17743855472305847
2008-06-30,0.008754709930313354,0.06568753451737619,0.018013178627703796,0.015527846746640206,0.005259962053439926,0.03897791711092369,0.007882948397230694,0.007882948397230694,0.0,0.0,-0.3011702755628848,-0.13584746950792093,-0.15732685297691373,0.4154858299595141,-0.23292198633238437,-0.04277761500146504,-0.11798679867986805,-0.11454753722794975,0.010912698412698374,-0.05813953488372081,-0.025718102872411497,inf,-0.003443526170798794,-0.12309820193637633,0.016666666666666607,0.04937430833404255
2008-09-30,-0.002700940056330259,0.08136431773215902,0.02496640517817572,0.02679853484227457,-0.013276885235408709,0.018285553825338807,0.4184824958873272,0.4184824958873272,0.42105263157894735,0.44444444444444464,0.5376756408881262,-1.3263524275853933,0.32525858422732346,-2.579750625670361,0.4796886980004207,-0.18181818181818188,-0.08231992516370434,-0.08279430789133235,-0.008832188420019649,-0.1913580246913581,-0.09256085018854998,inf,-0.010642709053213628,-0.0891167192429021,0.0,0.053135393850896495
2008-12-31,0.05127033581034013,0.052699941214343626,0.06592780518877905,0.06250908541159106,0.04545030845135445,0.04212658532488667,0.22281226474597648,0.22281226474597648,0.18518518518518512,0.3076923076923077,0.44838951572118657,-2.5583423716558205,-0.6480154355016539,0.5282543813740328,0.49543282678674605,-0.13206135428357657,-0.025484199796126372,-0.031029619181946466,0.054455445544554504,-0.12213740458015276,-0.06762372497166602,inf,-0.0055881531153954,-0.02510822510822508,0.0,-0.009243568017254677
2009-03-31,0.006576090466339002,-0.05221030910289959,-0.017958866159824116,-0.01697867199695724,0.016508982644763748,-0.1121946995046873,-0.8847420965058236,-0.8847420965058236,-0.875,-0.8823529411764706,-0.5078803202697009,2.9804541368210424,-0.9838024976301364,-1.5210703145969662,-0.17262917751386753,-0.04051724137931023,-0.16527196652719678,-0.16739446870451236,0.011267605633802802,-0.09130434782608698,-0.060372771474878406,inf,0.009834223096375494,-0.15008880994671414,-0.016393442622950838,-0.035842015238687575
2009-06-30,0.038437712940593505,0.06883301255253604,0.007781014220383797,0.0014237857112038288,0.05042812948987119,0.06440722054528014,5.138155045474231,5.138155045474231,4.75,4.75,0.05745846891591033,-0.4330967958151801,-40.43511450381679,-1.4331770222743259,0.0903814722985068,0.270440251572327,0.026315789473684292,0.029720279720279796,0.03899721448467974,0.2583732057416268,0.4872789995687796,inf,0.011547022815804109,0.05224660397074188,-0.033333333333333326,0.06733327957422808
2009-09-30,0.03469343116493184,0.009319721248355561,0.024309305987533003,0.008344335885925425,0.038589966589154034,0.02090991477185944,0.2564500576212987,0.2564500576212987,0.26086956521739113,0.26086956521739113,0.5486736924910056,0.3783606641649102,-2.233191379532843,-0.7474884159593226,0.020930627782876243,0.2231258840169732,-0.009768009768009733,-0.006791171477079749,0.03842716711349414,0.1749049429657794,0.1527979124383878,inf,0.0038509145922156485,0.02482621648460781,-0.017241379310344862,0.0009821698398306822
2009-12-31,0.06080116020252757,0.0811742859669291,0.14677745169036105,0.1499998621704841,0.02898304734106172,0.12496945457084285,0.6500009359264736,0.6500009359264736,0.6896551724137931,0.5862068965517244,0.3588577148320784,0.6833282052716474,1.1729803264964422,-7.32104579408899,-0.12959103499707025,0.1642093090488581,0.13316892725030804,0.13162393162393138,0.02495697074010339,0.12297734627831725,0.12525150905432603,inf,-0.030004110152075714,0.14631782945736438,-0.01754385964912264,-0.059853573854630526
2010-03-31,0.0476564200926064,0.04563670565142708,0.0013172471860321,-0.0004949877990900742,0.06301236413682942,-0.08176256760351097,-0.4628465762127332,-0.4628465762127332,-0.4693877551020408,-0.4565217391304348,-0.21080406567974797,0.04442733546764743,-2.5854081386949193,-1.5241875401412974,0.07804378009738255,0.11273901167121925,0.1588683351468989,0.16012084592145004,0.05121746431570107,0.0835734870317002,-0.01810460438086725,inf,0.014689265536723228,0.17920540997464074,-0.017857142857142905,0.046162491971740494
2010-06-30,0.02474324215830981,0.20697784628125793,0.08712378115771902,0.06048556809692651,0.0005953378811129895,0.10659904603738601,0.004392912205115174,0.004392912205115174,0.0,0.0,-0.2810294988332811,-1.1434533816284214,-2.0269736642264817,2.080621446775142,0.223018162336303,0.007810756527560692,-0.009389671361502372,-0.01953124999999989,-0.005591054313099031,-0.039893617021276584,-0.16412474391076715,inf,-0.023663697104677084,-0.017204301075268935,0.0,0.13813214642007532
2010-09-30,0.05375686662106505,0.057175945162325714,0.013046345618752397,0.005505470984053407,0.07113083411554721,0.03010254497385656,0.8457640305317828,0.8457640305317828,0.8076923076923075,0.8400000000000001,0.8424999273389588,-7.0764879852125695,-1.392809606909403,-0.1363889463385144,0.15748004084663947,0.2573073516386184,0.09952606635071093,0.09428950863213803,0.06666666666666665,0.26315789473684204,0.23692810457516345,inf,0.016538351867693146,0.09992706053975198,0.0,0.05137886858606966
2010-12-31,0.059083147864147145,0.0604558619058333,0.14830222836608264,0.1470320333040207,0.023910582171219552,0.12174286845688465,0.07520021873113159,0.07520021873113159,0.06382978723404253,0.08695652173913038,-0.05707194725025111,-0.20203931398256358,-2.923910997326908,-1.0520595387222755,-0.007082919787061215,0.11553363860514265,-0.015517241379310431,-0.021844660194174748,0.02484939759036142,0.046052631578947345,-0.017833553500660515,inf,-0.03323983169705458,-0.019893899204244003,0.0,-0.07548258834092214
2011-03-31,0.01322092018576515,-0.026277151866840653,-0.00824225817401747,-0.045048489625612254,0.022930750637193853,-0.07331365012723612,-0.22120152574698027,-0.22120152574698027,-0.21999999999999997,-0.24,-0.11208016639992857,-1.1362000609942056,0.210113305023385,-43.17197452229299,0.3008314780317143,0.0674139564256393,0.06392294220665495,0.05459057071960305,0.020573108008817176,0.04192872117400426,0.03810804752297692,inf,0.009574931089511018,0.05142083897158334,0.0,0.019700332963374034
2011-06-30,0.031211717851656218,0.01446880550117724,0.06405220224931218,0.06595370725888094,0.019894828056930436,0.08128534411108035,0.11483885011496131,0.11483885011496131,0.1282051282051282,0.13157894736842102,0.019274248247795667,-11.52871697268249,-0.04804489149066915,-1.7092248569366828,-0.1640159894438623,0.18266528620026623,0.07654320987654328,0.07176470588235295,0.018718502519798452,0.15895372233400407,0.08594256100194331,inf,-0.010921109354792291,0.07335907335907321,0.0,-0.048299319727891143
2011-09-30,0.003404666369829723,-0.09701175032150222,0.013877466423478646,0.011974323536918297,-0.0013380945068667272,0.06510672770775638,0.12486576198379384,0.12486576198379384,0.11363636363636354,0.13953488372093026,0.15857964102848476,0.02211234282372332,0.9271748178096386,0.40416923004117167,-0.2754911609596672,-0.16070535267633812,-0.003058103975535298,-0.01317233809001106,0.007773851590106018,-0.17708333333333326,-0.24597335454364677,inf,-0.004794421037338292,-0.031175059952038398,0.0181818181818183,-0.10771979985704083
2011-12-31,0.05580339666802647,0.04680320301057983,0.11947611450775542,0.12219221156939208,0.0265289434852487,0.09554822870161384,0.17925490366255858,0.17925490366255858,0.18367346938775508,0.16326530612244894,-0.09823223459587094,-0.5385239591352655,-0.48467566352569924,-1.1783361137792157,0.06781148880274235,-0.03442109968708096,0.024539877300613577,0.0155728587319246,0.03155680224403934,-0.04219409282700426,-0.05063291139240511,inf,-0.027737226277372407,-0.0006188118811880639,0.01785714285714257,-0.06721140751421928
2012-03-31,0.012581164574277937,0.036924903316023716,0.003311783125683476,-0.006164714662505455,0.017228775787496042,-0.048228349634949264,-0.37196294354133896,-0.37196294354133896,-0.3620689655172413,-0.36842105263157887,0.43350848946999054,0.2974886153568692,0.22638637063391598,1.7206368704526125,0.17277435072728142,0.08672839506172836,-0.029191616766466977,-0.0383351588170866,0.014276002719238567,0.05506607929515428,0.04611111111111099,inf,0.004654654654654866,-0.056965944272445945,0.01754385964912286,0.043369975953280626
2012-06-30,0.04285544279878328,0.31743892271633145,0.01852743004619306,-0.03217787775171288,0.054886476596317735,0.04362208330859474,0.34773755987519595,0.34773755987519595,0.32432432432432434,0.36111111111111116,-0.30989426914057683,-4.225258018556486,-1.494023459837929,8.915064686984458,1.4606977571178952,0.1209883555808009,0.0038550501156515704,0.0,0.050268096514745286,0.10438413361169108,0.13303239511417964,inf,0.011507995815274175,-0.007879185817465384,0.0,0.3612643015886079
2012-09-30,0.03699154727078846,-0.29651283057415034,0.03865595832553037,0.02796888955899246,0.03619680940019432,0.04260658961980468,-0.14956633263048058,-0.14956633263048058,-0.1428571428571429,-0.16326530612244905,0.07897748950782146,-3.069510549409702,-2.460248447204969,-2.1169155753740636,-0.6630135989353738,-0.025715733468457125,-0.07066052227342556,-0.07289293849658318,0.03765156349712839,-0.07183364839319473,-0.05624560581204585,inf,-0.0007387706855791487,-0.06816677696889484,0.0,-0.3156367154432217
2012-12-31,0.06844253247773024,0.2987622715636211,0.15243803828327418,0.15181657709152097,0.02824042386821235,0.15368041632497786,0.4573327369160969,0.4573327369160969,0.45238095238095233,0.46341463414634143,0.2526575760254597,-1.2007348577140537,0.1945207068558834,-1.5009808487517113,0.9856691975676202,-0.12638148485242495,-0.018181818181818077,-0.02457002457002455,0.030135301353013455,-0.15885947046843185,-0.08815495406009444,inf,-0.03755729705751887,-0.03196022727272729,0.0,0.12758437886552398
2013-03-31,0.010828325065330269,-0.24056228063265328,-0.012201537657684502,-0.02861253446900791,0.023182309306526427,-0.09067211174114453,-0.47655420989397435,-0.47655420989397435,-0.47540983606557374,-0.4666666666666667,0.10037887976852611,-5.082248892865711,-0.8126992862114174,-2.227436913503734,-0.6092891802320974,0.04941211489805042,-0.0572390572390572,-0.0617128463476071,0.01910447761194023,0.01937046004842613,0.03240740740740744,inf,0.012137041020126027,-0.05502567865003671,0.0,-0.21822598338818366
2013-06-30,0.030458266222720853,0.053695230411648254,0.03967495913412722,0.0353957606654145,0.02568510466174545,0.08542886822539497,0.07996582227583438,0.07996582227583438,0.0625,0.0625,-0.16264695625683923,-0.7669748551842221,3.2459384721742133,-1.0298053776163858,0.04647962937188077,-0.07346475677208919,-0.10535714285714293,-0.11140939597315436,0.02401874633860568,-0.09026128266033251,-0.053020311263518805,inf,-0.004553734061930825,-0.11801242236024834,0.0,0.01774080384885246
2013-09-30,0.025616036473898873,-0.031029096705601278,0.0019577607450074197,-0.007423986874195765,0.03803535144034731,-0.024169477973230546,0.19033213881261535,0.19033213881261535,0.2058823529411764,0.2058823529411764,0.06723726915012773,0.5026480631990784,-0.5878821182887614,-2.427104722792608,-0.06338517896432871,0.05357416194703801,-0.03293413173652693,-0.03776435045317206,0.04347826086956519,0.02872062663185382,0.14818941504178285,inf,0.01204635559621825,-0.029049295774647987,0.0,-0.02383297222769365
2013-12-31,0.017224861333621222,0.17631542903930297,0.09822079876322332,0.09209791174814175,-0.023815866854857703,0.12583850007927255,0.8069073374169164,0.8069073374169164,0.8292682926829269,0.7804878048780488,0.10794445341514614,-1.2658547095779185,12.399476517358883,-3.054376498800959,0.1390294271583501,-0.08281272700857178,0.06295149638802888,0.05651491365777073,-0.009320175438596423,-0.12182741116751272,-0.08296943231441056,inf,-0.04037968961880356,0.054397098821396206,0.0,0.07707828894269575
2014-03-31,0.01097875408484894,-0.015478265876354258,-0.01954406000289577,-0.009921034710985377,0.028378155718088438,-0.06430672216544953,-0.596527797813104,-0.596527797813104,-0.6000000000000001,-0.589041095890411,0.16542382213153917,-5.692299817434183,-1.0155090186712663,-0.48116263460472175,0.06332905891572271,-0.09409155710438788,-0.027184466019417486,-0.031203566121842607,0.15273934698395109,-0.08670520231213863,-0.1595238095238095,inf,0.017271157167530138,-0.03611349957007737,0.0,-0.005526414387411083
2014-06-30,-0.0038442174388216843,0.0017343545816137507,0.6951730464101546,0.01797747693054874,-0.38374735685264605,0.04094328992739937,-0.05211033447147784,-0.05211033447147784,0.03333333333333344,0.03333333333333344,-0.2929594686601176,-0.8352465901363946,-43.18369771863118,-2.0752573260588334,-0.06403947487429607,0.045462493442909535,0.05788423153692612,-0.04601226993865026,-0.385981757081133,-0.09177215189873422,0.057286748504878915,inf,-0.3813860163605495,-0.05084745762711873,0.0,-0.016012056136385122
2014-09-30,-0.003379361794218383,-0.06283204784732443,-0.0032365556561989584,-0.008910303979072887,-0.0035928564944006647,-0.028873023184400437,-0.10357573928786967,-0.10357573928786967,-0.06451612903225812,-0.06451612903225812,-0.19360322295371912,1.558564523604582,-0.5367671498346562,0.915310979756238,-0.1310477376683059,0.1266098009700618,0.018867924528301883,-0.09485530546623788,0.01798279906176714,0.8362369337979092,0.14587674903245018,inf,-0.00024950099800391534,-0.10338345864661647,0.01724137931034475,-0.05436967550492966
2014-12-31,0.05362347956418434,0.16862484512462705,0.06482104940163746,0.08729341986410444,0.03687716389246387,0.12185735328606029,1.0034503071614913,1.0034503071614913,1.0344827586206895,1.0,0.16021665224755388,0.14910373859186032,-0.5483411976455709,-1.4741772497610268,0.0715112423647064,-0.03073040380047498,-0.047222222222222165,-0.15808170515097697,0.044546850998463894,-0.04933586337760909,0.04078981553650296,inf,-0.01597204891439985,-0.160377358490566,0.0,0.07480514222087264
2015-03-31,-0.010408368494452147,-0.011649422741132676,0.0047756953859408036,0.027563519230442646,-0.033728598736224136,-0.10649772220936882,-0.6966543453606082,-0.6966543453606082,-0.6949152542372881,-0.6896551724137931,0.5326863798436179,-0.2603914091178656,0.15600850857589066,7.223937334408479,0.548854694809513,-0.06984224230356884,0.030126336248785135,-0.11603375527426152,-0.03676470588235292,-0.10778443113772451,0.024213679480778794,inf,-0.02333248795333498,-0.10986267166042452,0.0,-0.03823695611226219
2015-06-30,0.008678672600701542,-0.047567024000153446,-0.023004765517745107,-0.06708944892645863,0.059278275662264734,0.04726196829135576,2.575137605151106,2.575137605151106,2.555555555555556,2.555555555555556,-0.31083595149912113,0.2550749056067556,1.7891365616192672,-1.284485656656208,-0.10081080477399473,0.10291453976617837,0.20660377358490578,0.21002386634844883,0.05648854961832073,0.1431767337807608,0.20034121374603941,inf,0.05011685276551536,0.21739130434782616,-0.016949152542372947,0.020955738347042452
2015-09-30,-0.017537702370512442,0.09303251843755955,0.013319845963248422,0.015235666048685426,-0.06299028916751126,0.020722702849920838,-0.45848462841926896,-0.45848462841926896,-0.453125,-0.453125,0.29156785833246324,-1.828862561158061,0.6178995540560854,-5.068956179222058,0.45618291366856845,0.07151388474171383,0.03205629397967158,0.021696252465483123,-0.020953757225433467,0.015655577299412915,-0.1376649746192894,inf,-0.04624134520276957,0.012672811059907918,0.01724137931034475,0.076635334740073
2015-12-31,0.014051473291101013,-0.030617602055795223,0.056372412476425104,0.08621866159367575,-0.05336327860422552,0.11250015370049304,1.3473223066607063,1.3473223066607063,1.4285714285714288,1.3714285714285714,0.08445120190919764,-2.0218161240279824,0.7293289356189061,-1.9624578747708448,-0.30151214759834266,0.06367563048627578,0.15454545454545454,0.12934362934362942,-0.0538745387453875,0.08477842003853553,0.027077937367553595,inf,-0.06663209748509202,0.10921501706484649,0.016949152542372836,-0.10752783964365253
2016-03-31,0.006795844448117538,0.06153326314126728,-0.016357791009785627,-0.03373351917852141,0.04795368102294151,-0.08740963103044663,-0.36420768773709955,-0.36420768773709955,-0.3647058823529411,-0.3493975903614457,0.20668358563898703,0.5091808381632594,-0.8829853597385348,-1.910181296990118,0.3928926131152346,-0.08265653654702654,0.1751968503937007,0.16752136752136737,0.03978159126365055,-0.030195381882770822,-0.19715726730857397,inf,0.04083333333333328,0.14769230769230757,0.016666666666666607,0.09852265921341585
2016-06-30,0.035429610184592786,0.11983922307937589,0.006248172424056175,0.001489289918387593,0.08411908630227072,0.020954900094225515,0.44852209961300216,0.44852209961300216,0.4444444444444444,0.4259259259259258,-0.32827791096142245,-0.48511594065357,-1.1923273135394348,0.05620631544050614,0.2979236556751723,0.18706268741967724,0.045226130653266416,0.036603221083455484,0.08027006751687926,0.1428571428571428,0.00571102227298681,inf,0.04723779023218588,0.03306523681858797,0.0,0.1182189913675602
2016-09-30,0.036451032460457444,0.13517694904213284,0.003098063487117164,0.8133994146370251,0.04892453095276861,-0.0020510569645780796,0.09101060398021477,0.09101060398021477,0.08974358974358965,0.09090909090909083,0.263152363352922,-5.339395428852298,-1.0815649867374004,3.2010580280658623,0.9643052270080092,0.01082641645615312,0.15705128205128194,0.16666666666666674,0.047222222222222276,-0.06410256410256421,-0.041737649063032345,inf,0.011977573904179417,0.1842560553633219,-0.016393442622950838,-0.3740451812124167
2016-12-31,0.07897404188735746,0.1271306339985223,0.06290084830972575,0.050349749442848424,0.10927714675456768,0.07976810725930794,0.5151515151515151,0.5151515151515151,0.5176470588235296,0.48809523809523814,-0.10195315750062406,-2.6931217081044343,8.352845528455285,-1.547476772547634,-0.26876409336714846,0.0339164584077114,0.06786703601108046,0.10290556900726378,0.10610079575596809,-0.013698630136986356,-0.13629629629629636,inf,0.027952656761520922,0.14536157779401027,-0.033333333333333326,0.07321822666493571
2017-03-31,-0.16113058268509084,-0.18589164701826477,-0.02030818434875159,-0.4735948080735901,-0.33540688619391756,-0.2704655443460493,-0.8617913435076308,-0.8617913435076308,-0.8604651162790697,-0.864,-0.03768814153416178,-1.2755285503312377,80.10031293463143,-0.86074711352839,-0.051182081516809586,-0.08943370165745856,-0.07047124945957639,-0.09879253567508228,-0.3123501199040767,-0.17708333333333326,-0.20171526586620925,inf,-0.20774130328270457,-0.05931122448979598,-0.0344827586206895,0.5465102213620419
2017-06-30,0.01312230835325967,0.0006378416589254421,-0.021400542182361204,-0.05180789301202282,0.08534084079407434,0.0461008907808782,2.9400818218022517,2.9400818218022517,3.0,3.117647058823529,-0.39637120713724106,-1.7312994336564667,-0.7961559650924245,0.29047142652973723,-0.06961189545550162,0.043989381873341005,0.015813953488372112,-0.01218026796589522,0.082824760244115,0.5189873417721518,0.17146540610227778,0.0,0.07142857142857117,0.022372881355932295,-0.0357142857142857,0.05529917872506851
2017-09-30,0.01261059612672577,0.03124198712956283,-0.01279806649821591,-0.030934587960211757,0.06053565364529212,-0.003320701588368613,0.16439551957658338,0.16439551957658338,0.16666666666666674,0.17142857142857149,0.6930320651270976,-0.2905914090060179,-0.2114395684134145,-2.5203936335158055,0.11375627240991948,-0.05363845501876752,0.03159340659340648,0.007398273736128003,0.06602254428341392,-0.12638888888888888,-0.031181217901687486,0.0,0.047330447330447445,0.03912466843501328,-0.03703703703703709,0.06411206640972433
2017-12-31,0.05833004206280101,0.2183184898448789,0.37785708883393254,0.12573324374152994,-0.5026781271500307,0.12581973441401018,-3.2402856691919193,-3.2402856691919193,-3.2857142857142856,-3.341463414634146,-0.003929203678770921,-0.7341515924461189,-0.22915249716609987,0.8133676039043476,0.18521281921287658,0.06499488229273287,-1.055925432756325,-1.0452876376988984,-0.44939577039274925,0.0,0.07194244604316546,0.0,-0.5301736015431249,0.0,-0.019230769230769273,0.08225952497039768
2018-03-31,-0.11729868650020203,-0.20828878055926114,-0.0442478481020524,-0.09805112860749254,-0.4726462803072362,-0.10370158011048303,-1.5081528343824524,-1.5081528343824524,-1.5416666666666667,-1.515625,0.41022154966542934,-11.937634787201267,12.307601813086052,-1.9206477639862047,-0.14386932465273106,0.08517539644401739,-6.642857142857142,-5.72972972972973,-0.4705075445816187,0.9697933227344993,0.0,0.0,-0.4023460410557185,-0.786215698787492,0.019607843137254832,-0.1222165014802421
2018-06-30,0.04449362984982708,0.09202085371083313,0.019008261417884587,0.9809024229475856,0.21551918498675904,0.06479276870646822,-0.25943615303031353,-0.25943615303031353,-0.24038461538461542,-0.26262626262626265,-0.5244358748655182,-1.1854422688460207,-0.9333481538105527,-1.4176883808194074,0.07019085636594657,0.10572345843020026,0.2742616033755274,-0.017142857142857237,0.2150259067357514,1.0887812752219532,4.97986577181208,0.0,0.1638861629048085,-0.035820895522388096,0.019230769230769162,-0.448713248771904
2018-09-30,0.01313160377200262,0.10217566165767522,-0.008036062746115569,0.0029536290523239916,0.18398053368879053,-0.013320940507701717,0.4869656379583087,0.4869656379583087,0.4936708860759491,0.4794520547945207,0.7680849438545565,-1.0716285125311924,1.336246074625992,1.7379683932488694,0.17957576920215956,0.1025230276331599,0.9161147902869757,0.34883720930232553,0.1918976545842217,-0.09273570324574953,0.04914643511134753,0.0,0.16779089376053968,0.32198142414860675,0.018867924528301883,0.09894932836813419
2018-12-31,-0.05527021203058502,-0.16455821367907664,-0.018782291074589952,-0.037054262078665356,-0.2677849765008895,0.09473894025196739,0.04318978704117549,0.04318978704117549,0.033898305084745894,0.05555555555555536,-0.314023356752122,-23.28112693123296,4.99271145545472,-4.1961803852316955,-0.4865787905893052,-0.045859062840537645,4.382488479262673,3.711206896551724,-0.2504472271914131,-0.1993185689948892,-0.32774055514892186,0.0,-0.22454873646209395,3.533957845433255,0.03703703703703698,-0.13239743434587925
2019-03-31,0.006115011753197841,0.1754318963860768,0.007900935665869913,-0.023486331815027794,0.006090452006186631,-0.10316759574494616,-0.33412182140745117,-0.33412182140745117,-0.3114754098360656,-0.3157894736842104,0.2962903749352015,-13.00398368456832,-0.7805887245416132,-2.694894068374669,1.6062825042099922,-0.01065956029313786,-0.07074058219178092,-0.06038426349496795,0.004773269689737347,0.3196808510638296,-0.7790619765494138,0.0,0.0,-0.06611570247933884,0.01785714285714257,0.2036546240758823
