Quarter end,Assets,Current Assets,Liabilities,Current Liabilities,Shareholders equity,Revenue,Earnings,Earnings available for common stockholders,EPS basic,EPS diluted,Cash from operating activities,Cash from investing activities,Cash from financing activities,Cash change during period,Cash at end of period,Price,ROE,ROA,Book value of equity per share,P/B ratio,P/E ratio,Cumulative dividends per share,Equity to assets ratio,Net margin,Asset turnover,Current ratio
1993-09-30,0.2446507767229016,0.857423924449108,0.4078600447582805,2.5657526549099514,0.04015515559322247,0.0,0.0,0.0,0.0,-0.4545454545454546,-0.21169920903592232,-0.9376409884650647,-1.0425067809299784,-1.168295278637771,-0.4874322093845791,-0.06408432147562582,-0.0762264150943397,0.0023419203747072626,0.02441841280316792,-0.10457516339869277,-0.09707064905226881,inf,-0.16445145302996167,-0.03244274809160297,0.0,-0.4790647090810224
1993-12-31,0.2446507767229016,0.857423924449108,0.4078600447582805,2.5657526549099514,0.04015515559322247,0.0,0.0,0.0,0.0,-0.4545454545454546,-0.21169920903592232,-0.9376409884650647,-1.0425067809299784,-1.168295278637771,-0.4874322093845791,-0.06408432147562582,-0.0762264150943397,0.0023419203747072626,0.02441841280316792,-0.10457516339869277,-0.09707064905226881,inf,-0.16445145302996167,-0.03244274809160297,0.0,-0.4790647090810224
1994-03-31,0.01599433295344932,0.16470255922438182,-0.0009911462442939722,-0.060417843925345216,0.04480002791215054,0.5517298735861611,-0.07816185678091969,-0.07816185678091969,-0.10526315789473684,-0.4545454545454546,-0.21169920903592232,-0.9376409884650647,-1.0425067809299784,-1.168295278637771,0.16004232220075454,-0.06408432147562582,-0.0762264150943397,0.0023419203747072626,0.044934772105008625,-0.10457516339869277,-0.09707064905226881,inf,0.028579131841466765,-0.03244274809160297,0.0,0.23956158663883098
1994-06-30,0.22221714359360356,0.06059125423075962,0.3355711771211767,0.5688203175162512,0.03840521419879139,-0.15731411012255692,0.20094771758016106,0.20094771758016106,0.23529411764705865,-0.4545454545454546,-0.41563886514429926,17.332273395561938,-31.320148707947343,-3.862604196608221,-0.39493199032398774,-0.06408432147562582,-0.0762264150943397,0.0023419203747072626,0.036528976572133276,-0.10457516339869277,-0.09707064905226881,inf,-0.15045871559633028,-0.03244274809160297,0.0,-0.32399999999999995
1994-09-30,0.027926302737515174,-0.07020068869041218,0.015829788391942046,-0.001166273949111618,0.053155134334993415,0.28426810265325386,0.01765046296296302,0.01765046296296302,0.0,-0.4545454545454546,0.9517623293396489,-0.868620422109653,-0.9652598127008822,-1.2892860728988853,0.18881898020710453,-0.05017174390449908,-0.0762264150943397,0.0023419203747072626,0.0471375464684014,-0.08394160583941623,-0.09707064905226881,inf,0.02437519284171552,-0.03244274809160297,0.0,-0.06913734039240116
1994-12-31,0.06655935167270632,0.13581916817359851,0.08024599037914215,-0.04948288873080153,0.039025796560757886,0.0777027584726877,-0.07878615555613,-0.07878615555613,-0.04761904761904756,-0.4545454545454546,1.2918146290975927,2.49488224187618,5.586645836949604,-2.358903158625477,-0.21583328739180774,-0.04327721128764528,-0.0762264150943397,0.0023419203747072626,-0.058222095995455914,-0.08764940239043817,-0.09707064905226881,inf,-0.025602409638554202,-0.03244274809160297,0.0,0.1950485112077618
1995-03-31,-0.02087756803593166,-0.2602195800722169,-0.15259394876160803,-0.44600006597078856,0.2546097488451857,0.03215948777648436,-0.0486826229692191,-0.0486826229692191,-0.20000000000000007,-0.4545454545454546,-0.5427739408709735,-1.154953835155149,-1.804764707432557,-2.3427841634738185,0.36958661417322825,0.020076837278473203,-0.0762264150943397,0.0023419203747072626,0.24909529553679155,0.08296943231441056,-0.09707064905226881,inf,0.2812982998454403,-0.03244274809160297,0.0,0.33538633818589036
1995-06-30,0.03246127240786145,-0.033013244035449474,0.030677760854605607,-0.05591872936616138,0.0349808088859922,-0.06624767190781122,0.2369926852288815,0.2369926852288815,0.1875,-0.4545454545454546,-0.3313408943837063,-4.058589142003303,-1.8241496747151027,-1.3631348677953206,-0.09799291617473438,-0.0984692017980805,-0.06045751633986918,0.0023419203747072626,0.02716079188797682,-0.2782258064516129,-0.09707064905226881,inf,0.0024125452352232735,-0.03616042077580539,0.03571428571428559,0.02431865828092228
1995-09-30,0.014204114867578443,0.0003827989726743475,0.0013040931300412062,-0.07332959280426599,0.03235198964736341,0.03200120789262462,0.07444145067836616,0.07444145067836616,0.05263157894736836,-0.4545454545454546,1.4343308289825543,-0.4719222462203023,-1.4459352070143838,-1.1576741749607125,0.01712952424311398,-0.02742402803045607,-0.03826086956521735,0.01869158878504673,0.033258902338700214,-0.05027932960893855,-0.01653944020356235,inf,0.01780986762936232,0.024556616643929052,0.0,0.07941056078591902
1995-12-31,0.06852029818965621,0.12438430768820052,0.11444249851850241,0.18204027607959472,0.005859458121027172,0.10917407173548122,-0.1426732651294912,-0.1426732651294912,0.0,-0.4545454545454546,0.5149292768664211,2.2764469114162367,-2.6965457839555675,-0.8372093023255813,0.0027415654898450548,0.07870306221421641,-0.0488245931283906,-0.004587155963302725,0.00966787989080986,0.04117647058823537,0.07567917205692098,inf,-0.058642705131236705,-0.0066577896138482195,0.0,-0.04872961698900258
1996-03-31,0.024196650134360675,-0.0013138004447926788,-0.05530018988463592,-0.3026179424155909,0.14437984682479077,0.14249118324956256,0.005798301925864502,0.005798301925864502,-0.15000000000000002,-0.4545454545454546,-0.49592895174823726,-0.34234551083591336,-0.09709213774268655,-168.30612244897958,-0.4574266264925789,-0.05324341682723177,-0.02281368821292773,-0.004608294930875556,0.14903683676917878,-0.062146892655367325,-0.06855081178592892,inf,0.11730720924390847,-0.02345844504021455,0.034482758620689724,0.4321307554315328
1996-06-30,0.0387022756575266,0.1591631334944723,0.05664491635698998,-0.16778361081376547,-0.09642698891343116,-0.0334510144680954,0.19031809759110563,0.19031809759110563,0.17647058823529416,-0.4545454545454546,0.05248592292200405,0.7396583411165678,2.323780901599612,-3.1080751402781166,1.777252159605101,0.04002442168102571,0.008754863813229541,-0.009259259259259411,-0.09078431372549023,-0.09638554216867468,0.01226597805035512,inf,-0.12994604316546754,-0.030885380919698058,0.0,0.39276270006958924
1996-09-30,0.018317992968846397,0.11257340926648851,0.019600196766604627,0.03599125618754728,0.018732199295969476,0.0057555449378865475,-0.004735032756048474,-0.004735032756048474,0.0,-0.4545454545454546,-0.20395199291869515,-0.6876785992622227,-0.9976257700205339,-1.6118504802684874,-0.3915426201584833,0.029743656643402172,-0.0077145612343297865,-0.030373831775700855,0.022104809143843163,0.1333333333333333,0.0,inf,0.00025839793281656753,-0.04249291784702558,0.03333333333333344,0.07394823623463576
1996-12-31,0.06560877299741952,0.13611085507112786,0.10145704646033371,0.35215392845113946,0.02128147720350304,0.06042336674386406,0.03234706291275624,0.03234706291275624,0.09999999999999987,-0.4545454545454546,1.6852536220034668,2.4557149788590835,227.16216216216216,-1.7374692642330243,0.47456183057448875,-0.005764236397035494,0.034013605442176686,0.01686746987951815,0.020888279354362105,-0.02352941176470591,-0.022321428571428603,inf,-0.041591320072332794,0.011094674556213047,0.0,-0.15976551595794175
1997-03-31,0.0038037667571346745,-0.059223300970873805,1.6643246340874995e-05,-0.12718778770614103,0.010225940794299504,0.09785081876377877,-0.36512278782012164,-0.36512278782012164,-0.40909090909090906,-0.4545454545454546,-0.6097044100990172,-0.5746154895337736,-0.6398849906312594,-2.090792510900231,-0.3510524143623607,0.031855249745158076,-0.0357142857142857,-0.07819905213270151,0.014673969205332149,0.006024096385542244,-0.01108936725375076,inf,0.006469002695417725,-0.07900512070226762,0.0,0.07785160575858252
1997-06-30,-0.022191666595086312,-0.10142840305745515,0.009825782153365825,-0.03534345997700106,-0.07475474004095928,-0.17812731548597016,-5.096022538945973,-5.096022538945973,-4.923076923076923,-0.4545454545454546,-0.4154808712475816,-0.76037118418695,-1.2964026195388894,-1.2517046790500823,0.13616128211650969,-0.11799209681402822,-0.9990253411306043,-1.0,-0.07108666870353397,-0.13173652694610782,-0.08245382585751981,inf,-0.053829673272629885,-0.9992057188244639,-0.032258064516129115,-0.068529744169321
1997-09-30,0.014094754138609389,0.07052116690713306,0.0129454747585529,-0.051282720614893806,0.01785913506807635,0.09791893277934016,-1.1865071979413644,-1.1865071979413644,-1.1764705882352942,-0.4545454545454546,0.9650855510770626,2.1101534828807558,-2.4354317998385797,3.1181690798692197,0.49353484466834585,-0.13055652782639127,-141.0,-inf,0.021488871834228762,-0.06206896551724128,27.72897196261682,inf,0.003679592414378874,0.0,0.0,0.1283917935142289
1997-12-31,0.08233407445742835,0.12744784553732313,0.09298830712750861,0.2775226693244144,0.05172667561471922,0.1271874758269418,2.4909319680666435,2.4909319680666435,2.666666666666667,-0.4545454545454546,-0.24938194463310603,2.0235736248718825,12.506606691031768,-0.03810820006805038,0.31785473352822136,0.14283413848631232,-1.4428571428571428,-1.4313725490196079,0.04422024256735013,0.11764705882352944,0.0,inf,-0.02820078962210948,71.0,0.0,-0.11739980449657861
1998-03-31,0.013745338458873713,0.017088149618717186,0.010197360074295503,-0.11264029482853521,0.023447916908595712,0.06597284542373605,-0.6671721000758151,-0.6671721000758151,-0.6666666666666667,-0.4545454545454546,0.4737508822092329,-0.3079012345679012,-0.5100274753866327,0.2050465746963801,0.29064641810994507,0.04410314217274891,-0.33870967741935476,-0.36363636363636365,0.020145955391098758,0.0,-0.4287072719083129,inf,0.009576320371444957,-0.3472222222222222,0.0,0.1461955919813931
1998-06-30,0.005513548945297986,-0.0568791272939545,-0.0030640616281959465,-0.018708148036278183,0.022645955829941444,-0.09289288694433506,-0.45994996079017136,-0.45994996079017136,-0.4545454545454546,-0.4545454545454546,-0.07974164394999872,-0.6328389074659717,-1.0444142354952792,-0.017416829745596885,0.22127228257276954,0.04709851551956823,19.926829268292682,20.428571428571427,0.020251889168765747,0.026315789473684292,0.5572054314498465,inf,0.016958896234550158,19.74468085106383,0.03333333333333344,-0.03894096047927331
1998-09-30,0.02714700647283408,0.16458137607073775,0.04141453266087902,0.09091308840665735,0.008374945377080278,0.03257021348612099,-6.914672935964816e-05,-6.914672935964816e-05,0.0,0.0,-0.05510781383432961,1.2331851119894597,-17.035150645624103,-0.7735510854411471,0.0410284167794317,-0.18417321819822152,-0.08391608391608385,-0.08666666666666656,0.007604187240766391,-0.1987179487179488,-0.9585946949452898,inf,-0.018089315997738886,-0.08615384615384625,0.0,0.06756485019103153
1998-12-31,0.0374416786817795,-0.017607755859365692,0.05454384752703034,0.2790998226450079,0.011594477670135106,0.04124997686892473,-0.9060922481156213,-0.9060922481156213,-1.1666666666666667,-1.1666666666666667,-0.5033185528285367,0.28537083606811264,0.6902429204133673,-12.335532102022867,-0.4467495103901281,-0.033728278041074256,-0.5877862595419847,-0.5912408759124088,0.01411349603057932,-0.040000000000000036,0.013586956521739024,inf,-0.025043177892918767,-0.5847362514029181,-0.032258064516129115,-0.23196458843473355
1999-03-31,0.0038770571773829587,-0.11663337688779618,-0.0053494420221184,-0.11942544378814768,0.02436507507093766,0.11077147274698329,39.22459499263623,39.22459499263623,-22.0,-22.0,5.0706527919936315,0.0353423792994636,-1.3823160940836023,-0.6015052178298483,-0.32178434935154443,-0.03433336058203218,0.462962962962963,0.4642857142857144,0.024258239103121637,-0.050000000000000044,1.4410187667560321,inf,0.02037201062887517,0.456756756756757,0.0,0.0031882280809321095
1999-06-30,0.0295544159325396,0.034266575529733334,0.01582679252733543,0.016522215636497917,0.0077949219473201214,-0.05180862783819484,-0.8580686498855835,-0.8580686498855835,-0.8571428571428572,-0.8571428571428572,-0.8500962452638432,-0.32393117397689175,-3.2139428624175013,-1.5788551401869158,0.27464203233256357,0.2184034538220605,-0.09071729957805907,-0.09756097560975618,0.005378373277976856,0.19298245614035103,-0.1732564524986272,inf,-0.02112268518518523,-0.10760667903525056,0.03333333333333344,0.017357291284683996
1999-09-30,0.023721645359308763,-0.2318185062506113,0.06370680157827446,0.039202872721031845,0.006725319826860865,-0.3455008714056026,0.5359215787437122,0.5359215787437122,0.6666666666666667,0.6666666666666667,2.931889899084575,0.5247295081967214,-0.2865987763057777,0.3915237134207872,0.29982606174807946,0.21517404293753906,-0.044083526682134555,-0.05405405405405406,0.003941811356170888,0.2058823529411764,0.33742942544005317,inf,-0.016553355010345827,0.03534303534303529,-0.09677419354838701,-0.26072329688814133
1999-12-31,0.03062126780587615,0.06205994700437034,0.03583773702295501,-0.011194179958035066,0.030442557859698294,0.4594003322075597,4.895196506550218,4.895196506550218,4.2,4.2,0.0,0.0,0.0,-0.8463862702441383,0.03543350989684968,0.08279016580903376,0.878640776699029,0.8642857142857143,0.02393194353557071,0.0792682926829269,0.11969207847032526,inf,-0.0003005710850615406,0.9076305220883536,-0.0357142857142857,0.07394766780432316
2000-03-31,-0.0023008639501571615,-0.05446433200269585,0.011360239245072234,-0.21548054439714615,-0.026273285293512583,-0.28718340853800106,-0.8956410256410257,-0.8956410256410257,-0.8846153846153846,-0.8846153846153846,-0.38553652024664675,-0.2162060456839966,-0.2809491109390295,4.390243902439025,0.18445922296114814,0.22013940226000628,-0.3307493540051679,-0.34099616858237547,-0.02903314160503978,0.192090395480226,-0.37879795963628304,inf,-0.023752254960914043,-0.2505263157894737,-0.11111111111111116,0.2053571428571428
2000-06-30,0.054677244717125095,0.024131727292976635,0.08468256704465582,-0.0748348708990666,0.005396118303795827,0.017238144129153365,-0.5888615888615889,-0.5888615888615889,-0.6666666666666666,-0.6666666666666666,-0.5227663619082104,1.0712487739970782,4.86022270085748,-0.247117209166545,0.11724859065284599,0.04868654520275251,-0.05212355212355213,-0.07558139534883712,0.0011283497884344573,0.08056872037914697,0.5587290253480897,inf,-0.04681244225438863,0.04915730337078661,-0.125,0.10696798493408677
2000-09-30,0.05709083101472312,2.4368243005852297,0.09447908724676224,0.15349213186138866,-0.016214260632694488,0.35714733193189563,-0.5129482071713147,-0.5129482071713147,0.0,0.0,3.1975937567743333,0.7713768187929242,0.49976595412700897,-1.6178751454051958,-0.06484231943031538,-0.009574116870254223,-0.1120162932790224,-0.13836477987421392,-0.017751479289940808,-0.013157894736842035,0.046953733394411445,inf,-0.06946688206785123,-0.19009370816599735,0.09523809523809534,1.9794714755585798
2000-12-31,0.08332532457286557,1.202959929667351,0.11763807987689767,1.5383462492646869,-0.06981922055222423,1.160937167417635,-28.40218132242672,-28.40218132242672,-17.0,-17.0,-0.7482182973119529,-0.45616537459971473,-0.4283187682064087,3.62503922183872,-0.3206927311098057,-0.1309583333333334,-1.3555045871559632,-1.3284671532846715,-0.07381908586727859,-0.11555555555555552,-0.018814263837234724,inf,-0.14131944444444455,0.0,0.26086956521739113,-0.13212790255043771
2001-03-31,-0.02060429566847244,-0.03806820341344108,-0.031453340491778614,-0.06626410121031612,0.0059924383764893285,-0.25913500221922103,-1.4906340953755068,-1.4906340953755068,-1.4375,-1.4375,2.9167756326436427,-0.7267817980571578,-1.2886947730259832,-0.8117367706919946,-0.08887678954616784,0.00431509804861685,-0.4258064516129032,-0.4666666666666667,0.017034895725789756,0.085427135678392,0.0,inf,0.027092600080873552,0.0,0.13793103448275867,0.03017676213869036
2001-06-30,0.5922138707456859,0.08187212419569367,0.8014769989505579,0.17012570370442304,0.16522376363052138,-0.18988244075985017,-1.0329057445621863,-1.6741367946052832,-1.7142857142857144,-1.7142857142857144,-0.9334734168597725,42.84536315941774,-49.78645971955678,-1.961081081081081,0.09375,-0.05905380245381198,0.9887640449438202,0.04166666666666674,0.050451730788752425,-0.07407407407407418,0.0,inf,-0.26811023622047236,0.0,-0.09090909090909094,-0.0754034146549154
2001-09-30,-0.042464525994109326,0.01913396878244744,-0.0379615651460401,0.020091132180394045,-0.01490926477386123,0.30723235806470117,-0.3204930662557781,-0.9668321299638989,-0.8,-0.8,22.665649906523665,-1.0304230090379778,-1.0917900640275602,1.9272590926134234,0.2509079222240078,-0.16093353627600204,0.039548022598870025,0.0,0.027928102048704995,-0.19999999999999996,0.0,inf,0.02850995158687475,0.0,0.0,-0.0009670289187695413
2001-12-31,0.016222135281682926,0.05551539052287646,0.025429310133457506,0.41662621084939144,-0.0201365868198351,0.007153002249210116,244.6122448979592,244.6122448979592,37.0,37.0,-0.5138079280208221,-2.809314959961518,-1.1555810672580933,1.401050339438965,0.48160423410924413,-0.1052727052847986,1.8967391304347827,2.7199999999999998,-0.025101062329604185,-0.1312500000000001,0.0,inf,-0.03556485355648531,0.0,-0.16666666666666663,-0.254897441806868
2002-03-31,-0.030320459369314712,-0.03955866608133762,-0.04860622054557773,-0.18366502998735157,0.04552802416267676,0.02025080723886763,-1.768370031851544,-1.768370031851544,-1.7894736842105263,-1.763157894736842,1.3947372921940207,-0.6476653686356078,-3.8523202509248833,39.37780741531075,15.86841694556679,0.024329255930256144,-0.6341463414634146,-0.7311827956989247,0.04445515911282549,0.05035971223021596,0.0,inf,0.0780911062906724,0.0,-0.040000000000000036,0.17655428394679862
2002-06-30,-0.055178671065244767,-0.22744162798765555,-0.06518018999166497,-0.3329140582492699,-0.021325020420239205,-0.024869946153144085,-1.4993511642996178,-1.4993511642996178,-1.5,-1.5172413793103448,-0.42030346640193406,1.9254897319050719,2.6393351331918824,-1.728887726224167,-0.5671358857508242,-0.02322359305931243,0.7282051282051283,1.6400000000000001,-0.02280491182716271,-0.06164383561643827,0.0,inf,0.03621730382293764,0.0,0.08333333333333348,0.15810505284189502
2002-09-30,-0.10926541739403928,-0.15554818958518002,-0.04778147775218,0.16058481409910108,-0.3511428148170467,0.009649190340544456,15.846026131523857,15.846026131523857,15.600000000000001,15.600000000000001,-0.8962503003086248,-0.6220565625505745,-0.8901618673334792,-1.1054357401546544,0.1381412547587213,-0.4270178993583249,11.52818991097923,10.893939393939394,-0.35119047619047616,-0.416058394160584,0.0,inf,-0.27184466019417486,0.0,0.03846153846153855,-0.27240533914464715
2002-12-31,-0.054074141246402196,-0.24331210672654724,-0.020296812882755644,-0.22163287602626514,-0.09284539569152661,-0.015105460123708392,-0.9650623335961515,-0.9650623335961515,-0.963855421686747,-0.963855421686747,9.548687804298776,-2.324233908738124,4.947361924243493,-2.479515876699847,-0.17957540752364176,0.45255216314982905,-0.003079109426811999,-0.05095541401273895,-0.09494684724042524,1.2374999999999998,0.0,inf,-0.04066666666666663,0.0,0.07407407407407396,-0.027829776613003898
2003-03-31,0.006361561468375854,0.03710457424911562,-0.011895300707438161,0.04678763883735959,0.11499574709142868,-0.010423118495038963,-6.20977105478332,-6.20977105478332,-6.0,-6.0,0.12772077158183293,-1.477172594987874,-0.7320044001269039,-1.72910445159716,0.15958715794667544,0.2392468755072228,0.05321929199334763,-0.009395973154362358,0.11279163314561536,0.3743016759776536,0.0,inf,0.10771369006254328,0.0,0.06896551724137945,-0.009242618741976849
2003-06-30,-0.02882161860461485,-0.05725601463133434,-0.041400462415466355,-0.10469518534996092,0.0375085123151202,-0.01213140204521812,-0.7327416405741146,-0.7327416405741146,-0.7333333333333334,-0.7333333333333334,-0.28421977319916947,-0.7017005146015545,1.2150467444819384,-2.129713447869187,-0.1554758149950759,0.14885396201702705,-0.009023234829686477,-0.07317073170731714,0.0344129554655872,0.03252032520325199,0.0,inf,0.06838143036386457,0.0,0.032258064516129004,0.05292821974604811
2003-09-30,-0.032485576981042597,-0.21559727174636,-0.041409734707108514,-0.13101096129702916,0.01099376009900066,-0.07596350049848277,-0.6649147018234136,-0.6649147018234136,-0.6666666666666666,-0.6666666666666666,0.5390563985272787,-18.720715604145962,0.28986998456597424,-3.9919729138745854,0.5508183607851693,0.039730946816394,-1.259731390849078,-1.2704678362573099,0.01048364551299974,0.003937007874015741,0.0,inf,0.04521432765707578,-0.0380165289256198,0.0,-0.09733587645357777
2003-12-31,-0.001882623127615557,-0.02693823487899938,-0.009289479855134175,-0.14566216737124127,0.032333764693352585,-0.0688226110309107,0.3101997896950579,0.3101997896950579,0.5,0.5,-0.2395010715272775,-1.3199139471343755,-0.6071499103550559,-1.0634318153956415,-0.02252965883133151,-0.05307017543859649,0.20858895705521485,0.28648648648648667,0.027389680453727916,-0.06274509803921557,-0.5063545150501672,inf,0.034269662921348365,0.31958762886597913,-0.03125,0.13898166450821337
2004-03-31,-0.0037815820036388725,0.040958072340776974,-0.01322409393670021,-0.15816949594951102,0.03807988083519942,0.007910338666450079,1.8670411985018727,1.8670411985018727,1.5,1.5,0.23431356194742992,-0.308897376494897,-0.13599802858551013,-5.782650709878838,0.11023504679862461,0.06907132931912918,-0.4662799129804206,-0.4411764705882354,0.03217988420627438,0.04184100418410042,-0.1702800361336947,inf,0.04182509505703402,-0.42838541666666663,-0.032258064516129115,0.23656493117893485
2004-06-30,-0.0025371953358425126,0.07501337131967145,-0.00835540853114869,0.018544029057406153,0.021981889259417242,-0.025743641533624184,-0.44499393486983296,-0.44499393486983296,-0.4666666666666667,-0.4666666666666667,-0.23992914442374336,0.16427484235703416,-0.9900516810605455,0.4352745527735036,0.14250816342907235,0.03980503655564571,-0.1222826086956521,-0.09022556390977443,0.007957213670753971,0.00401606425702794,0.8829613500272184,inf,0.024504692387904203,-0.059225512528473745,-0.033333333333333326,0.05541305715530176
2004-09-30,-0.08416461643447282,-0.5362420135759238,-0.08558822992843407,-0.025993002720198,-0.07834332201475191,0.0023929820563104442,-1.4745292535305985,-1.4745292535305985,-1.5,-1.5,0.10291288030329016,-0.22902854297008746,762.1571100917431,-6.8619337931930655,-0.7311750110419404,0.04843750000000013,-0.2445820433436533,-0.22314049586776852,-0.1991717354730166,0.04400000000000004,0.17577334489736907,inf,0.006106870229007466,-0.22760290556900742,0.0,-0.5238444607483492
2004-12-31,-0.047032452879801845,-0.033431729398637366,-0.05479492805746422,-0.06790880008215405,-0.015540446787845164,-0.0006692421794926018,-2.4862710363153235,-2.4862710363153235,-2.5,-2.25,0.029145722856534162,0.5746497638176753,-0.8011940379249045,-0.9416919746107749,-0.15859154788043828,0.03353204172876301,0.0348360655737705,0.06382978723404253,-0.029250161603102787,0.28735632183908044,0.3641504794688959,0.11111111111111116,0.033383915022761945,0.03134796238244508,0.034482758620689724,0.036979969183358996
2005-03-31,-0.006957721162992314,0.17897935170171064,-0.0020809701293529326,-0.06751532860701281,-0.025953576462297345,-0.014320365192246998,1.540762812872467,1.540762812872467,1.166666666666667,1.4,0.14636820874897194,-0.3484520223062624,-0.3842932728647014,-4.699055886452921,0.6972107271456978,-0.05191059841384282,0.0217821782178218,0.030000000000000027,-0.02713500915598477,-0.023809523809523836,-0.012436914203316496,0.10000000000000009,-0.019089574155653488,0.006079027355623046,0.03333333333333344,0.2643016344725111
2005-06-30,-0.00010948317598458157,0.16067028650559756,0.001505154635281336,0.4356447341722083,-0.006552941664123124,-0.010098227365544665,0.04573814326593806,0.04573814326593806,0.0,0.08333333333333348,0.031053718100759964,-0.2140130646938454,0.06517469125193354,-0.2758292864667643,0.29748786151572726,-0.01520912547528519,0.33333333333333326,0.3398058252427185,-0.01403148528405207,0.012195121951219523,0.12557035955466334,0.09090909090909083,-0.006487025948103797,0.2960725075528703,0.032258064516129004,-0.19149405024239752
2005-09-30,-0.025052493491834027,-0.12836229933485477,0.0001274724420985418,0.07991004417281977,-0.12635204333214478,0.010432532653375848,-0.1392427776780908,-0.1392427776780908,-0.15384615384615385,-0.15384615384615385,-0.10929349729724613,0.5066212731869728,1.4220498576647804,-1.971745198221213,-0.2228016226828501,0.0436036036036036,0.6046511627906976,0.5652173913043479,-0.10204790003471009,0.06024096385542177,-0.15712664180314584,0.08333333333333326,-0.10396785534907083,0.543123543123543,0.03125,-0.19287725992550198
2005-12-31,-0.006708784265989309,0.01092804460730834,0.012541425620165914,0.0215968694810853,-0.09536449948507941,0.03492349435931419,1.0007556806337292,1.0007556806337292,1.0909090909090908,1.1818181818181817,0.0,-0.2869651906621251,-0.18854744615853136,-0.7915119944500566,-0.07269136698428869,-0.05100631412786105,0.5153985507246377,0.4351851851851851,-0.08040201005025127,0.05681818181818188,-0.3982300884955752,0.07692307692307687,-0.0891255605381166,0.4138972809667676,0.0,-0.01046825754164793
2006-03-31,-0.01060384344682852,0.25054280153847563,-0.003737035174943726,-0.04019025625889905,-0.046000754456910986,-0.08856309520384387,-0.34250660970813096,-0.34250660970813096,-0.34782608695652184,-0.375,-0.0796222685145821,0.06871883301486692,-0.34433823960593446,-1.9060128429655574,0.07021728906029545,0.0015594136604637487,0.11536162582187681,0.05161290322580636,-0.03572929802437985,0.08870967741935476,-0.315537084398977,0.0714285714285714,-0.03569230769230769,0.05341880341880323,0.0,0.3029234444318052
2006-06-30,-0.03133911801108302,-0.20833056749169876,-0.02417316186908569,-0.2800937385424569,-0.06991452733465142,0.00010061930193883128,1.0145791652635539,1.0145791652635539,1.1333333333333333,1.0666666666666669,0.2942555415057191,-1.0932778056385322,2.3230927466237365,-10.221713917525774,-0.5031729346041478,0.012403985883329804,0.39389067524115773,0.29447852760736204,-0.057977332170880636,0.04938271604938271,-0.03596450256889305,0.06666666666666665,-0.04020421186981493,0.2870182555780936,0.0,0.0997031604679588
2006-09-30,0.011438991475920535,0.22548506287696823,0.00218697967533954,-0.09884224435145261,0.06369334420887962,0.000564200492393141,0.2630921712454033,0.2630921712454033,0.25,0.2903225806451615,-0.13327325612519847,41.70149602618046,-0.7277119134448466,-2.9269638976809835,1.95157660845198,0.026195724611677962,0.39407920030757393,0.34834123222748814,0.06015733456733008,0.0894117647058823,-0.20155038759689925,0.0625,0.051861702127659504,0.35618597320724965,0.0,0.3598761511590982
2006-12-31,0.09260773670348099,0.9355311032283864,0.09572355803365884,0.10853769064088681,0.07602748363633416,-0.005524469733713455,-0.5024793903113056,-0.5024793903113056,-0.5,-0.5,0.31450674792312205,-1.5153139147238022,-5.625086488089354,1.281341895434553,1.4960285779360114,0.07263462883404936,-0.03998896856039702,-0.04920913884007028,0.07376691401134883,0.012958963282937441,-0.2105582524271845,0.05882352941176472,-0.015170670037926715,-0.01162115049389889,-0.030303030303030276,0.7460447194815809
2007-03-31,0.21176094669502699,0.034746459721302525,0.20576773106271173,1.334125076648741,0.24423646921832232,0.10259994131595018,0.05876922595484335,0.05876922595484335,0.04999999999999982,0.04999999999999982,-0.3294007087338724,6.372811676723039,0.11003804069071643,-1.0053673973129635,-0.0032436658707182264,0.030411698956780864,-0.029301924734271845,-0.02402957486136792,0.17215447154471542,-0.04051172707889139,0.06994619523443513,0.05555555555555558,0.02695763799743256,0.025279247501469815,-0.0625,-0.5567072355222682
2007-06-30,-0.08525239700937515,-0.4720150316005238,-0.08894938791747287,-0.5597672480432891,-0.06583882920781925,0.040778786903462594,-0.4006088639957439,-0.4006088639957439,-0.4285714285714286,-0.4285714285714286,0.03998575273997007,-0.897008415856563,-2.39823722731027,182.48504589872667,-0.5971009772300861,0.045785310734463236,-0.2243267238828055,-0.20833333333333337,-0.05479452054794531,-0.10888888888888892,-0.010775862068965525,0.05263157894736836,0.02124999999999999,-0.19724770642201828,0.0,0.19935133504299296
2007-09-30,-0.025283125843213683,-0.23246989467630041,-0.0015350956235326008,-0.06988542959899213,-0.14690319889345071,-0.005203636325942562,0.16903769816810077,0.16903769816810077,0.16666666666666674,0.16666666666666674,0.14477089871932347,0.31213889005469975,-0.6134109550751319,-0.7245738982520186,-0.40818464482181294,-0.08851240383784242,-0.2800457840518885,-0.2966507177033493,-0.11924417538066412,-0.03491271820448871,0.09803921568627438,0.050000000000000044,-0.12484700122399006,-0.29214285714285726,0.0,-0.1747688824602226
2007-12-31,-0.011087543951057488,-0.018066759335928606,-0.004793178963317768,0.09607504295648805,-0.04881556973897927,0.0024556540827420648,0.24460613729832326,0.24460613729832326,0.2857142857142856,0.2857142857142856,0.31646345650190777,0.8699796360069514,-0.5939635920687555,-0.8771138273312161,-0.08475658548808185,-0.05514461830251305,-0.009538950715421324,-0.0374149659863946,-0.048739845865444664,0.07235142118863047,0.3115079365079365,0.04761904761904767,-0.038461538461538436,-0.05348133198789107,0.0,-0.10417619265355893
2008-03-31,-0.01756708763381387,-0.05652346447799694,-0.011082632782426827,-0.17296379608469337,-0.058233348264704166,-0.013899187149618575,-0.2274753020520902,-0.2274753020520902,-0.2222222222222221,-0.2222222222222221,-0.47279812531899756,-0.730134385458775,-0.18411403508771929,-1.055693305359527,0.005157507087156565,-0.14974657499874544,-0.022471910112359605,-0.07067137809187274,-0.047952704182176564,-0.10602409638554222,-0.12355017650025213,0.045454545454545414,-0.04145454545454552,-0.10767590618336886,0.03333333333333344,0.1407911527009782
2008-06-30,-0.01618438176017989,-0.09261375010868966,-0.0009425070688030557,0.010206959389100989,-0.11655713841845183,-0.011691745504695095,0.22349689618109636,0.22349689618109636,0.2142857142857142,0.2142857142857142,0.39454883365957416,0.6409194625200709,0.8109255894464096,-42.74657534246575,-0.21420350211304107,-0.027444962521395277,0.1921182266009851,0.09885931558935357,-0.09337626494940188,0.02156334231805923,0.08975834292290008,0.04347826086956519,-0.10166919575113809,0.08602150537634401,0.032258064516129004,-0.1017897091722596
2008-09-30,-0.018893294372677727,-0.1758931376984224,-0.0035423048432956517,-0.04097634565621211,-0.1332142525916924,-0.008317482890409789,-0.15746351608160924,-0.15746351608160924,-0.11764705882352955,-0.11764705882352955,-0.19817678774120318,0.046801771643405266,-0.022061792015958592,0.8004101722723544,-0.4907812203003231,0.09600679694137626,0.09182736455463747,0.01384083044982698,-0.12049720953830545,0.20844327176780997,0.008975712777191003,0.04166666666666674,-0.11655405405405406,0.0066006600660066805,0.0,-0.1406392694063927
2008-12-31,0.001155401334103301,0.26544149659679994,0.033850082729028896,0.07139758220042713,-0.27875155631642135,-0.018783912409858217,-0.2701776784764337,-0.2701776784764337,-0.19999999999999996,-0.2666666666666666,0.5304831421619742,-0.05941970161002674,-0.43441597863040315,-1.8263202259989977,0.7964012032584591,-0.24623477297895902,0.021026072329688672,-0.10580204778156987,-0.2786270550908566,-0.1419213973799126,-0.25798011512297225,0.040000000000000036,-0.28011472275334603,-0.1071038251366121,0.0,0.18104530963191956
2009-03-31,-0.012831348142952281,-0.006064633867496894,-0.008056667646838545,-0.14895957154986605,-0.07142540627498584,-0.017238103589383824,0.07746807394017141,0.07746807394017141,0.0,0.09090909090909083,-0.3926937433932347,-0.2884454440841092,-0.15355881626826096,-0.809707613625398,0.08436260519351935,-0.21817380445162704,0.12397034596375622,-0.038167938931297773,-0.0743702518992404,0.08396946564885477,-0.12200282087447112,0.03846153846153855,-0.05843293492695889,-0.03427172582619331,0.0,0.16793456032719845
2009-06-30,0.03204262762516574,0.6318785864323477,0.04143748497423294,0.10120734166878997,-0.09111732631771141,-0.010807575340734177,-0.2339331619537275,-0.2339331619537275,-0.25,-0.25,0.24599694033656294,0.016686882052413088,-2.8861737068364253,19.042813677195017,1.5593160158033266,0.04152964389739733,-0.004763649688530491,-0.15873015873015872,-0.09114470842332612,0.12441314553990623,0.07951807228915664,0.03703703703703698,-0.1198871650211567,-0.1457541191381495,0.0,0.4819302423308587
2009-09-30,-0.0028169680361757043,0.03895676140712845,3.2978081885293165e-05,0.0011234201033658575,-0.04562658655514362,-0.010008606725272595,0.8631578947368421,0.8631578947368421,0.8888888888888891,0.8888888888888891,-0.12531172410029745,-0.02727667112541121,-1.8365380736597237,-1.0648676586993215,-0.03952195762185584,-0.05078935498421289,0.20802650957290125,0.037735849056603765,-0.04562737642585557,0.04384133611691032,0.11011904761904767,0.03571428571428581,-0.043269230769230727,0.053412462908011715,-0.03125,0.03776170896545228
2009-12-31,-0.01716946153799992,-0.13760002028937723,-0.004513593132274951,0.09341490105226802,-0.21637098182357462,-0.01107787159084006,-0.9019830887650249,-0.9019830887650249,-1.0,-1.0,0.572758295849424,0.7048482708639177,0.9113361462728551,3.316153117512676,-0.17760199928924347,0.11841855160615866,-0.0984455958549223,-0.19090909090909092,-0.2161354581673306,0.17200000000000015,0.07305630026809662,0.034482758620689724,-0.20268006700167507,-0.18028169014084494,0.0,-0.21126696420439028
2010-03-31,-0.012304283571923369,-0.07815551111633923,-0.009869258656095448,-0.169681443018053,-0.060993067998327266,-0.0021709086721178883,7.408510638297873,7.408510638297873,-inf,-inf,-0.5114935005692208,-0.24284141569384043,-0.6582008090220253,-0.6437220830859002,-0.07694044768088593,-0.02804214819850448,0.17613252197430684,0.050561797752809,-0.06480304955527316,0.24061433447098968,0.25359150530918173,0.03333333333333344,-0.04831932773109249,0.061855670103092786,-0.032258064516129115,0.11022576361221792
2010-06-30,0.0003236859036777062,0.021345353852435967,0.005904260780999815,0.11569497649111948,-0.15532020713261752,-0.007140535039982798,-0.19210066249539937,-0.19210066249539937,-0.2142857142857143,-0.2142857142857143,0.5786832532155386,2.050371415409421,0.014528947174175189,2.621276904123487,-0.30184690194657127,0.013114180800839259,0.1951710261569417,0.06417112299465244,-0.14877717391304357,0.08253094910591474,-0.03786746387643258,0.032258064516129004,-0.1567328918322296,0.05987055016181242,0.0,-0.08456417724152276
2010-09-30,1.64794133807507,0.7745295247614437,0.9405883154470931,2.6503907699666547,19.4796881253656,1.7182085376557001,-0.17442555735884513,-0.17442555735884513,-0.7272727272727273,-0.7272727272727273,1.9246263206081742,0.17149383409394447,1.4308026240799352,-2.199819891935161,0.518742834894335,-0.012340352088367257,-0.8253968253968254,-0.4120603015075377,5.410215482841181,0.16010165184243963,-0.0590367685137233,0.02341666666666664,6.740837696335079,-0.41832061068702286,0.03333333333333344,-0.5138620611294171
2010-12-31,-0.0058187474722057875,-0.006891095173681139,0.0015423792147182258,0.08393560052383497,-0.02346396933557271,-0.03153813914501258,0.5549232626314882,0.5549232626314882,0.6666666666666667,0.6666666666666667,-0.40905733380232145,-0.015542100238086554,-0.044996283566379525,-1.8323075640063382,-0.2842835372366941,0.17562254259501975,-0.2410468319559228,0.05128205128205132,-0.02340637450199201,-0.8159912376779846,0.7633461750137587,0.023206579268789218,-0.017585390598579775,0.055118110236220375,0.0,-0.08379104826457873
2011-03-31,-0.006244022575450425,0.04295301656565509,0.001342692910769161,-0.020218055701261006,-0.024768989789752838,-0.00884949890374842,0.21350781856493284,0.21350781856493284,0.0,0.0,0.5300556531055622,-0.13116122616840786,0.011674615155583101,-2.083335003306547,0.4303021137214791,-0.02341137123745829,-0.24863883847549917,-0.12195121951219512,-0.02613462519122889,0.0,-0.1713483146067415,0.02236192901480183,-0.01858864027538709,-0.11940298507462688,0.0,0.06441326530612246
2011-06-30,-0.006522026604797282,-0.11099866767270972,0.002426695684422553,-0.07199473003483059,-0.02897540697337142,-0.018149591184951075,-0.4103379576319205,-0.4277933139588017,-0.4,-0.4,-0.31898956262618794,0.01559916917468529,0.34862347425597395,-2.171949426095321,-0.3525774802299503,-0.047945205479452135,-0.24637681159420288,-0.16666666666666674,-0.029061395470611373,-0.023809523809523836,0.3088512241054613,0.02195064995718843,-0.02279901788846017,-0.16666666666666674,-0.032258064516129115,-0.04206111443978433
2011-09-30,-0.009557159034208507,-0.07312653225074195,-0.0008757632386222625,-0.1074198169974594,-0.032427628041601486,-0.023683782628918015,-0.3678125290598555,-0.3777231201686577,-0.33333333333333326,-0.33333333333333326,0.16653290185852154,0.1548617777592276,-0.28691863581371846,-0.7880593481177491,-0.11541999037271355,-0.14148681055155865,-0.03205128205128194,-0.0444444444444444,-0.03235809626533648,-0.11585365853658536,0.28776978417266186,0.021403000990174448,-0.022972002871500363,-0.04067796610169494,0.0,0.038528896672504365
2011-12-31,-0.0018863289993515941,0.3096522182097168,0.021581437203958442,0.012904253078820815,-0.06435977715016328,-0.006032043342094395,1.0714390782054424,1.1686258405625995,1.5,1.5,-0.26540131187518823,-0.6558644949884349,-0.4950336637065512,-5.478756283746043,0.584388072899712,-0.21862197392923655,0.019867549668874274,-0.011627906976744096,-0.06423296642050991,-0.19310344827586212,-0.1664804469273744,0.021252796420581532,-0.062454077883909,-0.0035335689045936647,0.0,0.2929414598891831
2012-03-31,-0.01388930887805162,-0.041616339771501476,-0.013344279865026953,0.33214645508512386,-0.015235446182687573,-0.011766337892938683,-0.36639287996780834,-0.36639287996780834,-0.4,-0.4,0.2749285897602549,1.622534948306845,0.2551248245651341,-0.6697622986938483,0.1218053690040295,-0.17957578646329841,-0.15909090909090917,-0.17647058823529416,-0.018612269207861853,-0.11965811965811957,-0.17962466487935647,0.010952902519167473,-0.0015673981191220987,-0.17730496453900713,0.0,-0.2806036892118501
2012-06-30,-0.0042196506613622065,0.06704289272874253,-0.0003353806714946339,-0.0232613910394317,-0.016494573721508754,-0.007315934494903198,-0.32796622833233713,-0.32796622833233713,-0.33333333333333326,-0.33333333333333326,-0.018909161257264495,-0.322510745463768,0.5147949545520005,0.11278952668680775,0.1208264309184448,-0.18300653594771232,-0.08108108108108103,-0.11428571428571432,-0.01653770292823553,-0.1747572815533981,-0.05718954248366015,0.010834236186348933,-0.012166405023548044,-0.09913793103448276,-0.033333333333333326,0.09246309246309248
2012-09-30,0.04041218750355413,0.6394059343429483,0.05627568534375493,-0.012059352331067696,-0.006222631141661661,-0.0050112132649389185,2.7244983045194284,2.7244983045194284,2.5000000000000004,2.5000000000000004,0.07251119164357278,-0.010731431798926883,-3.447261725674852,14.598981900452488,1.6815889213539048,0.16533333333333333,0.4831932773109242,0.4193548387096775,-0.006170934896636671,0.18823529411764706,0.26239168110918554,0.010718113612004254,-0.04489471593166461,0.4545454545454546,0.0,0.6594357515410145
2012-12-31,-0.005878021262566757,-0.019736279756117914,0.005856926213841485,0.021390071966474355,-0.042081881136974975,-0.015901391571368273,-0.6286716417910447,-0.6286716417910447,-0.7142857142857143,-0.8571428571428572,-0.02560050882998921,-0.2876471330221936,-1.1321810188020438,-0.6707016207984335,0.20649865528440947,0.03783371472158659,-0.09348441926345608,-0.11363636363636376,-0.04191244954982931,0.04950495049504955,-0.2674354750137288,0.010604453870625585,-0.03660565723793674,-0.10197368421052622,0.0,-0.04028859204228874
2013-03-31,-0.040830273281315055,-0.2582633313578028,-0.049593223625642335,-0.4104118389206447,-0.010987448619581897,-0.022033129609842383,0.9349652317215322,0.9349652317215322,1.5,4.0,-0.08387814007567795,0.7176820346501898,9.791439042943088,-2.984747382654387,-0.3397000600060911,-0.07511392032926645,0.17812499999999987,0.16666666666666674,-0.010531432274789365,-0.037735849056603765,0.2095202398800602,0.01049317943336825,0.031088082901554515,0.16849816849816834,-0.0344827586206895,0.2580573129884629
2013-06-30,-0.02407445882498327,-0.17518530121337983,-0.021185191024469918,0.25353599647137304,-0.03137480110592983,-0.012330387690020594,-1.7989198171998337,-1.7989198171998337,-1.7999999999999998,-1.7999999999999998,-0.10542121728287857,-0.4347427418085932,-0.12547178879241294,-0.27064308745891796,-0.37364497910171035,-0.01891290527654177,-0.3421750663129973,-0.35164835164835173,-0.03324054363844775,-0.009803921568627416,-0.14967462039045554,0.010384215991692702,-0.007537688442211143,-0.3479623824451411,0.0,-0.3419713643355815
2013-09-30,-0.006424793732747847,0.03648954806839155,-0.0061356988331915385,-0.020266339186176152,-0.007355263843375037,-0.004413989364427495,-1.920436817472699,-1.920436817472699,-2.0,-2.0,0.2278020627537607,0.6083008581136857,-0.7898673378543244,-1.3418891576529293,0.2048138089422744,0.05345861007613806,-0.2943548387096774,-0.30508474576271183,-0.0071138211382114624,0.08910891089108919,0.755466472303207,0.010277492291880685,-0.0008438818565399409,-0.3028846153846153,0.0,0.05790325481028602
2013-12-31,0.008613741218161275,0.22311671159681334,-0.0005838400324389426,0.15707833025599816,0.03825310504543955,-0.0041416444074723335,0.9139830508474576,0.9139830508474576,0.5,0.5,0.06500200185488336,-0.4840769653130893,0.0007584277009180518,0.9493445584557745,0.3313812316848639,0.05874211902198967,0.617142857142857,0.6585365853658534,0.03821221426134436,0.06363636363636349,0.5881253892464189,0.010172939979654183,0.029560810810810745,0.6344827586206896,0.03571428571428559,0.05702872684004756
2014-03-31,-0.010015338297340803,-0.011999340267932812,-0.008648726077410296,0.02327082246519052,-0.014254536021744424,-0.022300653439729423,-0.4203527414950926,-0.4203527414950926,-0.33333333333333326,-0.33333333333333326,-0.2555926202633445,0.5480415519515074,-0.0867436714925347,-0.6612430492782206,0.08431671778182559,0.10457516339869288,-0.0742049469964664,-0.07352941176470584,-0.016924088070982557,0.06837606837606836,-0.39751633986928103,0.010070493454179319,-0.0045118949958982135,-0.06751054852320659,-0.0344827586206895,-0.03441344375653288
2014-06-30,-0.017584444449571968,-0.11764246155154323,-0.018849345877005264,-0.037257222143803226,-0.013638437570666073,-0.005875848969625119,-0.040586647654937136,-0.040586647654937136,0.0,0.0,0.04919389894650705,0.18792874116363523,2.0697062190003814,-3.055793644376162,-0.15985898740464932,0.13517422748191987,0.7290076335877862,0.7460317460317458,-0.013538358682934848,0.1519999999999999,0.2486439574745063,0.009970089730807485,0.004120313143799015,0.746606334841629,0.0,-0.0835206928137231
2014-09-30,0.09026422563479031,1.074287779316991,0.12349012694211758,0.043762780229190223,-0.01284024193855171,-0.005570639738857186,0.11446390658174099,0.11446390658174099,0.0,0.0,-0.08319142130355972,9.663775153958898,-5.353583280510086,-1.0447149674847913,0.008508201976557217,0.11722460326653539,0.03752759381898452,0.0181818181818183,-0.012707556760420236,0.13194444444444442,-0.3793223284100782,0.009871668311944637,-0.09437833401723428,0.04663212435233155,0.0,0.9873705251680902
2014-12-31,0.075644308448086,-0.4923420473609399,0.11414597434569984,0.12979006537061144,-0.06033162587003427,0.16604024633745706,-0.6678970304574572,-0.6678970304574572,-0.75,-0.75,0.08991284179606374,-0.5943343414555302,-0.83348357189504,-19.528661486585545,-0.15631562933663812,-0.006946604458268557,-0.2702127659574469,-0.3125,-0.06075167324523778,0.006134969325153339,-0.006998880179171385,0.009775171065493637,-0.12641594925237887,-0.31188118811881194,0.0,-0.5506789192154711
2015-03-31,-0.013335596075267131,-0.05254856361517324,-0.006682596046199807,-0.04766691621320618,-0.04119472550473979,0.03059072919368111,-4.65696256991252,-4.65696256991252,-6.0,-6.0,-0.24086754510588226,-0.725169660475471,-1.9986841372097708,0.3688441574882897,-0.253812300808932,0.16047191480476086,-0.6676384839650145,-0.6883116883116884,-0.04202448382970947,0.23780487804878048,0.6069918240766845,0.010132300742174971,-0.028526970954356856,-0.6942446043165467,0.0,-0.0050875050875051064
2015-06-30,0.13701191175685068,1.9034090909090908,0.0015774944130406698,-0.022222222222222254,0.7245508982035929,-0.002188183807439792,-0.4509803921568627,-0.4509803921568627,-0.4,-0.4,0.47389558232931717,9.941798941798941,-11.46351931330472,-5.2601156069364166,1.4479371316306482,-0.1659919028340081,-1.473684210526316,-1.5,0.48121304596604997,-0.1280788177339901,1.710526315789474,0.010094556606184302,0.5168179391350776,0.0,-0.0357142857142857,1.9693188791163836
2015-09-30,0.2855867706473738,1.493884540117417,0.4116025725160781,0.014204545454545414,-0.031911375661375696,0.040935672514619936,-0.5,1.8928571428571428,1.3333333333333335,1.3333333333333335,-0.05994550408719346,2.3123791102514506,1.5717801476620181,-1.3188602442333786,-0.1886035313001605,-0.2047464940668825,4.666666666666666,2.083333333333334,-0.03193407159412809,-0.46327683615819215,0.0,0.009930423782416042,-0.246744104188666,0.0,-0.07407407407407418,1.4589791279189916
2015-12-31,-0.010268591266215932,-0.0062775870524767186,-0.0018596001859599864,0.3256302521008403,-0.041161400512382595,-0.0077247191011236005,14.928571428571429,1.7530864197530862,0.857142857142857,0.857142857142857,-0.01449275362318836,-0.9686131386861314,-1.0318979266347688,-0.6808510638297872,-0.0741839762611276,0.008138903960933197,1.382352941176471,2.6216216216216215,-0.041101356743814876,0.04210526315789487,0.0,0.010333813490323918,-0.0313084112149532,0.0,-0.040000000000000036,-0.2503851864302322
2016-03-31,-0.023260965883916684,-0.054782351199289314,-0.01257568700512346,-0.08399366085578452,-0.06412540078375495,-0.04104741684359514,-0.1659192825112108,0.07623318385650224,0.6153846153846152,0.6153846153846152,-1.1823529411764706,-0.22325581395348837,0.03499999999999992,4.8133333333333335,-0.4658119658119658,-0.025161463939719964,0.37860082304526754,0.32089552238805963,-0.06810930780968227,0.010101010101010166,0.0,0.009794197867592391,-0.04196816208393639,0.0,-0.08333333333333326,0.031895810755259824
2016-06-30,0.11348000302411743,-0.8035714285714286,0.15066037735849047,0.8408304498269896,-0.03654358583936046,0.9247232472324722,-0.8548387096774194,-0.6666666666666667,-0.6666666666666666,-0.6666666666666666,-12.17741935483871,10.461077844311378,-7.782608695652174,-1.4197247706422018,0.3660000000000001,0.06832298136645965,0.14029850746268635,-0.07909604519774027,-0.036469187258112545,0.1499999999999999,0.0,0.00963781461019031,-0.13494461228600196,0.0,0.13636363636363646,-0.8932910819375283
2016-09-30,-0.013953014665942454,-0.12599681020733655,-0.004345330819053861,-0.24624060150375937,-0.060252864480442536,-0.03220858895705525,1.9629629629629628,0.675,0.714285714285714,0.714285714285714,-0.5367965367965368,-0.780564263322884,-1.1801994301994303,-2.9234972677595628,-0.5153733528550513,-0.0998708010335918,0.14223385689354262,0.128834355828221,-0.06025027035377728,-0.060869565217391175,0.0,0.0096066151881804,-0.04656577415599539,0.0,0.1200000000000001,0.15951128457491937
2016-12-31,-0.0011017386813565455,0.007299270072992803,0.008481554677206793,0.015793848711554537,-0.05003153247845282,-0.045562599049128405,-4.657837499999999,-0.007462686567164201,-0.08333333333333326,-0.08333333333333326,1.2242990654205608,19.85238095238095,-0.17391304347826086,22.446022727272727,0.5770392749244713,-0.19692837663269702,-0.08479755538579059,-1.0,-0.049646555975669804,-0.14814814814814814,0.0,0.009936766034326805,-0.04884004884004889,0.0,0.10714285714285698,-0.008341870335138335
2017-03-31,-0.019439561575845365,-0.16425120772946855,-0.015146566506083148,-0.14893617021276595,-0.042708563841557856,-0.022000830220008316,-1.2562989744623703,-0.03007518796992481,0.0,0.0,-0.5798319327731092,-0.9722539392555378,0.13875598086124397,-0.9780685811220162,-0.3467432950191571,-0.2305630026809652,-0.14858096828046752,-inf,-0.047223663725999065,-0.19565217391304357,0.0,0.003577817531306149,-0.023748395378690557,0.0,0.09677419354838723,-0.018004722550177044
2017-06-30,-0.03297128194312626,0.029624277456647308,-0.007378850060108633,-0.04855769230769236,-0.17568192325473875,-0.022071307300509324,7.826666666666666,4.550387596899225,82.63636363636363,82.72727272727273,0.7633333333333334,-0.008230452674897082,0.01680672268907557,-1.2541436464088398,0.13489736070381242,-0.4267131242740998,1.5401960784313729,-5.842105263157895,-0.1753812636165577,-0.3918918918918919,0.0,0.00023767082590597788,-0.14792899408284033,0.0,0.0,0.08220619176435218
2017-09-30,-0.01581185707535171,-0.1143859649122807,-0.011651701816663196,-0.09398686205154116,-0.04374649467190128,-0.02300347222222221,-0.9425981873111783,-0.8715083798882681,-0.8706521739130435,-0.8707926167209555,-0.3270321361058601,0.10373443983402497,-0.21074380165289253,-3.1956521739130435,-0.2609819121447028,-0.3950567260940032,0.043998456194519475,-0.06521739130434778,-0.04315279612505507,-0.2666666666666666,0.0,0.0035642152786028447,-0.028549382716049232,0.0,-0.02941176470588236,-0.02263574503541177
2017-12-31,-0.08095730536268286,0.048335974643423096,-0.04462097523873909,0.39877300613496924,-0.33313782991202345,-0.015104398045313161,26.07894736842105,10.75,10.714285714285714,10.714285714285714,0.8679775280898876,0.1428571428571428,0.418848167539267,-1.891089108910891,0.3146853146853146,-0.36704621567314133,1.19815157116451,2.8895348837209305,-0.3327197422917626,-0.33333333333333337,0.0,0.006866343080383475,-0.2740270055599683,0.0,0.030303030303030276,-0.2504973003694232
2018-03-31,-0.008278411830895394,-0.09145880574452003,-0.014506855373728422,0.06020733652312593,0.05364995602462619,-0.008119079837618393,-1.0194363459669582,-0.969472710453284,-0.9684361549497847,-0.9684361549497847,-0.6225563909774436,-0.049342105263157854,-0.49446494464944646,-2.9444444444444446,-0.46542553191489366,-0.14391534391534389,0.11015808947191386,-0.01943198804185342,0.03103448275862064,0.27272727272727293,0.0,0.0,0.06236323851203518,0.0,0.0,-0.14312796208530798
2018-06-30,0.0021071399627199394,0.18801996672212984,0.0021093259132931585,0.1493042497179391,0.002086811352253859,-0.016825829922692104,-1.9,1.1818181818181817,1.0909090909090908,1.0909090909090908,1.6772908366533863,0.13494809688581322,-0.1897810218978102,-2.3314285714285714,1.1592039800995027,0.03337453646477129,-0.26117254961369485,-0.3597560975609756,-0.2411371237458193,0.0,0.0,0.0,0.0,0.0,0.02941176470588225,0.03384955752212382
2018-09-30,-0.028184391427416133,-0.10224089635854339,-0.010703569349276743,-0.143651832460733,-0.19075385256143274,-0.016651248843663313,22.666666666666668,4.916666666666667,3.467391304347826,3.467391304347826,-0.5744047619047619,-0.03963414634146345,0.054054054054053946,-1.6266094420600858,-0.33640552995391704,-0.32057416267942584,0.46668033627229866,0.40714285714285703,-0.18862935213750553,-0.1071428571428572,0.0,0.0,-0.16786817713697233,0.0,0.0,0.04836293601540764
2018-12-31,-0.015561935671784655,0.03744149765990645,-0.0014033499320960097,-0.02139854795567442,-0.1765311374163664,-0.0009407337723423836,-0.4859154929577465,-0.4859154929577465,-0.4963503649635037,-0.4963503649635037,1.1083916083916083,-0.22539682539682537,1.076923076923077,-1.7945205479452055,0.4027777777777777,-0.1848591549295775,-0.49713406962113804,-0.5516074450084603,-0.17490494296577952,0.0,0.0,0.0,-0.1633663366336634,0.0,0.0,0.060012247397428053
2019-03-31,-0.012553362356819808,-0.16541353383458646,-0.010517249195339806,-0.21515033190160093,-0.04062500000000002,-0.010828625235404843,-0.6027397260273972,-0.6027397260273972,-0.5942028985507246,-0.5942028985507246,-0.5323383084577115,-0.05327868852459017,0.17695473251028804,-3.0258620689655173,-0.5816831683168318,-0.4254859611231101,0.19544064498192926,0.1811320754716983,-0.04015799868334424,-0.28,0.0,0.0,-0.028106508875739622,0.0,0.028571428571428692,0.06335451569420392
