Quarter end,Assets,Current Assets,Liabilities,Current Liabilities,Shareholders equity,Revenue,Earnings,Earnings available for common stockholders,EPS basic,EPS diluted,Cash from operating activities,Cash from investing activities,Cash from financing activities,Cash change during period,Cash at end of period,Price,ROE,ROA,Book value of equity per share,P/B ratio,P/E ratio,Cumulative dividends per share,Equity to assets ratio,Net margin,Asset turnover,Current ratio
1994-01-31,0.0663991268351769,0.08763333711960852,0.11577071330874134,0.14094572331804622,0.03328867417904058,0.1353695685846419,0.5564283424174414,0.5564283424174414,0.5652173913043477,0.28,-0.3830054792059643,2.5252727677577376,0.22842430484037068,-10.077705827937095,0.0341257063484548,0.07664233576642343,-0.009656652360515161,-0.006666666666666599,0.048192771084337505,-0.06760563380281681,-0.023672055427251704,1.666666666666667,-0.031072502505847033,-0.018281535648994485,0.01041666666666674,-0.04675324675324677
1994-04-30,0.0663991268351769,0.08763333711960852,0.11577071330874134,0.14094572331804622,0.03328867417904058,0.1353695685846419,0.5564283424174414,0.5564283424174414,0.5652173913043477,0.28,-0.3830054792059643,2.5252727677577376,0.22842430484037068,-10.077705827937095,0.0341257063484548,0.07664233576642343,-0.009656652360515161,-0.006666666666666599,0.048192771084337505,-0.06760563380281681,-0.023672055427251704,1.666666666666667,-0.031072502505847033,-0.018281535648994485,0.01041666666666674,-0.04675324675324677
1994-07-31,0.05270384123318883,0.04582374023877911,0.09704236967035906,0.12935862163164158,0.020595150347825664,0.0,0.0,0.0,0.0,0.28,-0.3830054792059643,2.5252727677577376,0.22842430484037068,-10.077705827937095,-0.29956041272360945,-0.023728813559322104,-0.009656652360515161,-0.006666666666666599,0.02298850574712641,-0.06760563380281681,-0.023672055427251704,0.0,-0.030517241379310223,-0.018281535648994485,0.01041666666666674,-0.07395873880887516
1994-10-31,0.027229072800569076,0.03722061840695745,0.03293309766156716,0.023307445770018198,0.022788973995371498,0.06655622685636331,-0.021011432691317333,-0.021011432691317333,-0.02777777777777779,0.28,1.083563837530936,-0.6481808994441638,-0.4284037558685446,-1.6426169367166006,0.274831117890608,0.01736111111111116,-0.009656652360515161,-0.006666666666666599,0.03370786516853941,-0.006042296072507614,-0.023672055427251704,1.0,-0.004268184243286677,-0.018281535648994485,0.01041666666666674,0.013608659100462495
1995-01-31,0.031210863781431675,0.03379750380730662,0.045310307750809686,0.036072770250306085,0.02012679105246873,0.028542713567839106,-0.19147816938453444,-0.19147816938453444,-0.17142857142857149,0.28,-0.1515511458915595,0.34631956912028716,-2.2161924317981816,0.2833809070726292,0.276674301733274,-0.03754266211604107,-0.009656652360515161,-0.006666666666666599,0.021739130434782483,-0.06686930091185417,-0.023672055427251704,0.5,-0.010716199321307407,-0.018281535648994485,0.01041666666666674,-0.002229018713389652
1995-04-30,0.07070421589312792,0.07114646257265145,0.05953448697604702,0.07095365360797867,0.07970190728811422,0.1060221128620582,0.49069616135328564,0.49069616135328564,0.48275862068965525,0.28,0.46298278843778307,-0.13068409121216162,-3.728654124457308,-1.0077845051278882,-0.0016870179948585973,0.07092198581560294,-0.009656652360515161,-0.006666666666666599,0.08510638297872353,0.0456026058631922,-0.023672055427251704,0.3333333333333335,0.008304748149485564,-0.018281535648994485,0.01041666666666674,0.00020781379883616502
1995-07-31,-0.004147620802396057,-0.02028944269240196,-0.05363199924228523,-0.058499954350406336,0.03496958352831081,-0.013948084213231682,-0.13669692737430172,-0.13669692737430172,-0.11627906976744184,0.28,-0.5117365606529694,0.48136217211228716,-0.12304428533545475,137.34920634920636,-0.23379201201684507,0.07947019867549665,-0.009656652360515161,-0.006666666666666599,0.0490196078431373,-0.0031152647975076775,-0.023672055427251704,0.25,0.03921217547000899,-0.018281535648994485,0.01041666666666674,0.04056721379596917
1995-10-31,-0.002023398995386283,0.002674422357041406,0.030249766996728544,0.018828739282568563,-0.025351195670357596,0.02556486514370726,0.024368048533872644,0.024368048533872644,0.026315789473684292,0.28,0.27426792713857506,-0.2624003313658486,-0.6477169640157242,-0.9596145020651675,-0.012322772623840406,-0.036809815950920144,-0.009656652360515161,-0.006666666666666599,-0.028037383177570097,-0.08437499999999998,-0.023672055427251704,0.19999999999999996,-0.023259820813232412,-0.018281535648994485,0.01041666666666674,-0.015873808216442797
1996-01-31,0.011846814508600367,0.014483016651446023,0.036453052427066535,0.03861925648611564,-0.006953786775279913,-0.03548528858932476,-0.0872569341624716,-0.0872569341624716,-0.10256410256410264,0.28,0.6308694472089025,0.10037905376947909,2.0429184549356223,0.7045454545454546,-0.02126679190444125,0.0031847133757960666,0.020585048754063084,0.022051773729625967,0.0,0.03412969283276435,-0.023672055427251704,0.16666666666666674,-0.01869818310107596,0.022346368715083775,0.0,-0.0232310423535379
1996-04-30,0.009441857080483285,-0.0046913355038525895,-0.031117281455576462,-0.044063965298672736,0.04178598289320634,0.016797957895314797,0.3653076673515734,0.3653076673515734,0.40000000000000013,0.28,-0.07894152890269612,0.22110232202092361,-0.47541137752703333,-5.303333333333334,0.0935066816354615,0.060317460317460325,0.018046709129511562,0.024390243902439046,0.04807692307692313,0.05940594059405946,0.01951507983441747,0.0,0.032176882976811205,0.030965391621129434,-0.005154639175257714,0.04117983071091036
1996-07-31,0.03717987997188521,-0.000928346030025784,0.051832862748417474,0.10706525212500795,0.026312485426793097,0.09266567687947092,-0.09441584158415839,-0.09441584158415839,-0.10204081632653061,0.28,0.8817081250376437,0.7031658133946297,2.0885463344685427,-0.7176607281177382,0.02414307004470939,-0.026946107784431073,0.027632950990615246,0.0219780219780219,0.04587155963302725,-0.07165109034267914,-0.0632250580046404,0.1428571428571428,-0.010449320794148398,0.012367491166077826,0.010362694300518172,-0.097506234413965
1996-10-31,0.00652351992056599,-0.0021894229733879778,-0.0021670402943035905,0.02237007317178774,0.013129150646627119,-0.07516712864829611,0.013732178780722526,0.013732178780722526,0.022727272727272707,0.28,-0.5451635618718391,-0.4417520397521625,-0.41698102257559055,-7.386831275720165,-0.1505626697710516,0.05230769230769239,0.014713343480466934,0.017025089605734678,0.01754385964912286,0.006711409395973256,0.014241486068111486,0.125,0.006511791622668017,0.034904013961605695,-0.02051282051282055,-0.024039789997236882
1997-01-31,0.011532068324298761,0.013061446351348094,-0.0034909241732097307,-0.00786995863860307,0.022778532462211842,0.05167863401290762,-0.052976704055220036,-0.052976704055220036,-0.04444444444444451,0.28,0.15517241379310343,-0.06967032967032971,-0.5175194107107306,-1.0206185567010309,0.003654636820465962,0.14619883040935666,0.012499999999999956,0.022907488986783964,0.01724137931034475,0.1266666666666667,0.1068376068376069,0.11111111111111116,0.01101591187270512,0.018549747048903997,0.005235602094240788,0.02106455266138152
1997-04-30,0.0628983259946263,0.024720874265198978,0.11242463306491235,0.13030456094420306,0.026774382608035774,0.08649777240422862,0.2937317784256559,0.2937317784256559,0.30232558139534893,0.28,-0.30149253731343284,1.9375147649421214,-2.608004951516402,-47.479166666666664,-0.1692459414352906,0.07397959183673475,0.011358024691358048,0.003445305770887197,0.025423728813559254,0.056213017751479244,0.026475455046883534,0.19999999999999996,-0.033898305084745894,-0.0033112582781458233,0.005208333333333259,-0.09338952972493342
1997-07-31,0.042302822329063794,0.03496627344688452,0.0940265544209733,0.10963059938695485,0.0014290583408960167,0.1008575062185566,-0.024366197183098626,-0.024366197183098626,-0.0357142857142857,0.28,0.08799930228501651,-0.004825284490731385,-1.1437002822684117,0.708650829224563,-0.3480960642863665,0.1330166270783848,0.03369140625,0.018884120171673846,0.016528925619834656,0.10364145658263313,0.09081139172487918,0.08333333333333348,-0.03920515574650918,0.008305647840531671,0.010362694300518172,-0.06728651822852949
1997-10-31,0.03276891860367881,0.04484446726037694,0.019849996912539414,0.02673896889907379,0.0439218420027474,-0.005861191690698986,0.011837736393821352,0.011837736393821352,0.0185185185185186,0.28,1.1025250501002004,-0.5228494080568912,-3.55625,-2.571222455403987,0.8389830508474576,-0.4779874213836477,0.02361832782239026,0.010109519797809607,0.04065040650406515,-0.4873096446700508,-0.5044334975369458,0.0769230769230771,0.010806782187441799,-0.00658978583196046,0.02051282051282044,0.017641657922350618
1998-01-31,0.009269440253663053,-0.02229121346658458,0.016669150660431953,0.024683582765688383,0.0030285651436112726,-0.0046696031478166145,-0.10764731060065635,-0.10764731060065635,-0.5454545454545454,0.28,-1.1908193221243661,0.5212973156067406,-1.27348934683898,-2.6667501460889893,-0.7604067486765433,0.10040160642570273,0.010152284263959421,-0.006672226855713115,0.0078125,0.05940594059405946,0.04771371769383692,0.0714285714285714,-0.00626728110599073,-0.011608623548922004,0.005025125628140614,-0.045820712766643124
1998-04-30,0.055777245721379876,0.06825266193757007,0.09824680352013626,0.15805562893912528,0.019471542645889794,0.0037171529870285713,0.2730034375249819,0.2730034375249819,0.28,0.28,-2.6605394605394608,-0.3247425549679933,-22.137931034482758,-1.6933787438645698,2.2006040375139087,0.07664233576642343,0.014618547281863847,-0.0033585222502099388,0.03100775193798455,0.07009345794392519,0.041745730550284854,0.06666666666666665,-0.034316453348173015,0.008389261744966348,-0.015000000000000013,-0.07760367418614078
1998-07-31,-0.0014618479678113472,-0.020500758466704183,0.016339010482495198,-0.2202239344491259,-0.017855016345330155,0.024076291481354817,-0.0831449384576739,-0.0831449384576739,0.0,0.0,-0.2047888340753219,-0.010056879070150848,-1.319436892030693,-1.2937012424154868,-0.2019369257511795,-0.023728813559322104,0.0013507429085997114,-0.010109519797809607,0.007518796992481258,-0.05240174672489084,-0.059198542805100174,0.125,-0.0165194006915097,0.009983361064891838,-0.015228426395939132,0.2562056088452809
1998-10-31,0.025758980695784972,0.02332420364653842,0.06409193515288325,-0.05508322785565878,-0.010771655760723697,-0.058625297532049925,-0.08431506849315074,-0.08431506849315074,-0.12499999999999989,-0.12499999999999989,2.870177031320926,-0.23665584145224416,0.3230565538112351,-2.042547958681751,0.2637998630904226,0.01736111111111116,-0.009442446043165464,-0.03319148936170202,-0.007462686567164201,0.009216589861751112,-0.02613746369796699,0.05555555555555558,-0.03554687499999998,-0.0032948929159801743,-0.030927835051546393,0.08294474236418758
1999-01-31,-0.008549678532868143,-0.02793128896113839,-0.008639775365840485,-0.020080118281879833,-0.008457319990352596,-0.022987078085977553,-0.01473558231730121,-0.01473558231730121,0.0,-0.0357142857142857,-0.06036437563531161,-0.12119559288753134,1.7745532523230878,-1.115593300306676,-0.024128422296631924,-0.03754266211604107,0.016341352700862455,-0.005281690140845119,0.007518796992481258,-0.031963470319634646,-0.041749502982107334,0.05263157894736836,0.0,0.026446280991735627,-0.031914893617021156,-0.00801980730932772
1999-04-30,-0.004854235098581294,-0.002550467060840389,-9.337576743206899e-05,-0.0626547508511297,-0.009733708698530186,0.10883136813333993,0.32235044032796845,0.32235044032796845,0.3214285714285714,0.37037037037037024,0.04876425064491974,-0.16894240317775566,-0.1473619126133553,-2.9020408163265303,0.04702795438490259,0.07092198581560294,0.03796337650736947,0.023893805309734395,0.0,0.061320754716981174,0.05290456431535273,0.09999999999999987,-0.004860267314702349,0.01449275362318847,0.01098901098901095,0.06413456321215394
1999-07-31,0.04555160001503933,0.09251458255144662,0.03343553746663441,0.039712184686079066,0.05809041745692345,0.04103284347245717,0.06143070386956029,0.06143070386956029,0.08108108108108114,0.05405405405405417,0.014123621359993566,-0.12606422703510078,-0.9576383853033599,21.740343347639485,1.0213975903614458,0.07947019867549665,0.058950086058519924,0.05099394987035444,0.06716417910447747,0.08000000000000007,0.03645320197044333,0.045454545454545414,0.012006512006512038,0.049206349206349254,0.0,0.05078523353049147
1999-10-31,0.08619723747913355,0.12555341164837208,0.11642538451401574,0.16618588895358077,0.05564329833347914,-0.030247010698552512,-0.08005192557334484,-0.08005192557334484,-0.07500000000000007,-0.07692307692307698,0.36327360926375096,0.9198427619210392,3.296718972895863,-0.31716523544399355,0.345031470532138,-0.036809815950920144,0.03372612759041038,0.02796052631578938,0.05594405594405605,-0.09465020576131689,-0.08840304182509506,0.08695652173913038,-0.028152020912929898,0.036308623298033194,-0.005434782608695676,-0.03484083850931674
2000-01-31,0.0651993985025292,0.018052734865253495,0.08990715540761585,0.14002450896960217,0.03878738499697176,0.05153518556073822,0.023400752587017903,0.023400752587017903,0.027027027027026973,0.0277777777777779,-0.5923438934802572,2.4699545980592896,-7.453187250996016,-1.4815505804311775,-0.12352878615995466,0.0031847133757960666,0.027122641509433887,0.014399999999999968,0.039735099337748325,-0.050000000000000155,-0.05526590198123038,0.08000000000000007,-0.024829298572315306,0.021897810218978186,-0.010928961748633892,-0.10698843640020117
2000-04-30,0.1395474375898671,0.12424876650612338,0.28168861549124946,0.4322419790686911,-0.01987554790503332,0.10036797605455616,0.002527863954957965,0.002527863954957965,0.0,0.027027027027026973,0.6994227791074195,0.7102981168864488,1.601841848021814,-1.9289711579853637,0.13092806439217752,0.060317460317460325,-0.030233448143895725,-0.07886435331230279,-0.006369426751592355,0.019138755980861344,-0.009933774834437026,0.03703703703703698,-0.1398260131551029,-0.0385714285714287,-0.04419889502762431,-0.21506587096047736
2000-07-31,-0.03871512301418123,-0.0642477801120972,-0.05967731421908162,-0.1809492041320505,-0.007970511585745799,0.05585448528973602,0.05266475644699131,0.05266475644699131,0.07894736842105265,0.05263157894736836,-0.373622732168006,-0.8835653426137046,-1.9376730206438344,-5.907630522088353,-0.568158652384614,-0.026946107784431073,-0.017363851617995363,-0.05736301369863006,0.0064102564102563875,-0.023474178403755763,-0.033444816053511794,0.0714285714285714,0.03206709422792309,-0.04457652303120363,-0.011560693641618491,0.1425190073160234
2000-10-31,0.009691528648248182,0.03686757448485811,0.03652193113080626,0.0332892135651317,-0.027608730569485873,-0.037654667326226465,-0.0851978877456584,-0.0851978877456584,-0.07317073170731703,-0.07500000000000007,-0.8232376669752678,-0.17714506570471533,-1.1687895402783637,-1.0916530278232406,0.12058470330034377,0.05230769230769239,0.0016064257028112205,-0.04087193460490468,-0.019108280254777066,0.04807692307692313,0.04498269896193774,0.06666666666666665,-0.037045889101338436,-0.04043545878693622,0.0,0.0034528218971687785
2001-01-31,0.005639306245535325,0.0024555509321333435,-0.04009244099208109,-0.06701181184797733,0.07340968322137797,-0.03531940290269053,0.07742204237086403,0.07742204237086403,0.07894736842105265,0.08108108108108114,7.8593340815563035,0.27101925786754344,-2.9816341829085458,-0.8743131868131868,0.013524999076161226,0.14619883040935666,0.00601443464314344,-0.01609848484848475,0.0714285714285714,0.1697247706422016,0.13907284768211925,0.0625,0.06751054852320681,-0.008103727714748765,-0.005847953216374324,0.07444944944944942
2001-04-30,0.014386140361197786,0.019785896207318965,-0.00041287019619073995,0.013725153687397462,0.03399799609477849,-0.035439561422016874,-0.0154101077050538,-0.0154101077050538,-0.024390243902438935,-0.025000000000000022,-0.21819179933279842,0.26016260162601634,-0.9587037387302187,18.472677595628415,0.25985342910270903,0.07397959183673475,-0.011956954962136335,0.007699711260827691,0.030303030303030276,0.0,0.05232558139534871,0.0588235294117645,0.019297837712159982,0.017973856209150485,-0.0117647058823529,0.005997437987655729
2001-07-31,0.02477448089285561,0.02318341708542704,0.0009448306662089845,-0.05680959863868795,0.05530292256863256,0.10408162508666363,0.27975990126781114,0.27975990126781114,0.2749999999999999,0.28205128205128194,1.048773900831803,0.3869990224828934,45.47786259541985,-1.8819980356391188,0.04578341147189913,0.1330166270783848,0.027430415490116822,0.04871060171919761,0.06470588235294117,0.10196078431372557,0.12615101289134456,0.0277777777777779,0.029653284671532942,0.0658105939004816,-0.017857142857142905,0.08479481391445276
2001-10-31,0.028967361317431273,0.03146156811802747,0.024343820682576123,0.021483898582007388,0.034585528356936734,-0.03144791365843502,-0.1354052513917503,-0.1354052513917503,-0.11764705882352944,-0.14,0.15834014394558538,-0.2279935161040243,-0.6392274085996781,-4.403436207445116,0.592041177772858,0.5639412997903566,-0.00942285041224955,0.019125683060109422,0.03314917127071837,0.4661921708185053,0.47015535568274736,0.05405405405405417,0.005538325210456385,0.04066265060240948,-0.018181818181818077,0.009764166044178735
2002-01-31,-0.04167302575948195,-0.07349793709631725,-0.10692488972143332,-0.18641837916259285,0.03683105695046485,-0.08372251056585844,0.05252484283106873,0.05252484283106873,0.04444444444444429,0.04651162790697683,-0.310216901472563,0.2927697644696001,0.8590549030319585,-1.2351126484060952,-0.08743264383799754,0.2184986595174263,-0.005945303210463715,0.027703306523681803,0.03743315508021383,0.17961165048543704,0.17575083426028915,0.0512820512820511,0.08195637805684064,0.04775687409551388,-0.01851851851851849,0.13881109643328915
2002-04-30,0.055155266314297346,0.062107013184571125,0.04781679578695708,0.0829253704893338,0.06276001495816397,0.01945656327923695,0.034393063583815,0.034393063583815,0.02127659574468077,0.04444444444444429,0.04315834625664028,-0.24729891956782712,-0.817024194338329,-4.632405566600397,0.3480190476190477,0.08800880088008811,-0.0023923444976078345,0.02869565217391301,0.061855670103092786,0.04938271604938249,0.057237464522232884,0.04878048780487809,0.00712685807371205,0.045580110497237536,-0.018867924528301883,-0.019209354120267252
2002-07-31,0.1559503915348519,0.10438697721229895,0.25786654254188535,0.39501702924120163,0.05182120570690274,0.12786213500703347,0.1607059700102449,0.1607059700102449,0.1875,0.17021276595744705,0.5325952870472876,5.858429496200394,-1.8958779443254818,-2.3784138799189973,-0.3558661033474163,-0.07583417593528818,-0.02118305355715422,-0.023668639053254448,0.058252427184465994,-0.12941176470588223,-0.11588366890380308,0.04651162790697683,-0.08997169429842289,0.01981505944517825,-0.03846153846153855,-0.20834516037468065
2002-10-31,-0.02721227669617976,-0.061121528903532174,-0.06591088960663938,-0.12064958392902969,0.020072081772824824,-0.009273641533277144,-0.08377131394182546,-0.08377131394182546,-0.08771929824561397,-0.09090909090909094,-0.005943904402204159,-0.8523199824906982,-10.181356438601734,-1.4949771689497717,0.27346115035317853,-0.07002188183807445,-0.0061249489587587025,0.0025974025974024872,0.02752293577981657,-0.12162162162162171,-0.09463562753036436,0.04444444444444429,0.0484336814041324,0.023316062176165664,-0.026666666666666727,0.06770646587785345
2003-01-31,0.010324100329263564,0.007030143519458409,-0.04620834630956083,-0.0899290472656934,0.0735765473314185,-0.055162861147833975,-0.12414064894688448,-0.12414064894688448,-0.11538461538461542,-0.09999999999999998,-0.5040174400498287,0.28241941459799924,-0.5129515131793037,-0.9158511150328894,0.018070006201336808,0.03176470588235292,-0.05751848808545612,-0.050949913644214195,0.0758928571428572,0.00512820512820511,-0.0044717719396312194,0.042553191489361764,0.06272515363424436,-0.025316455696202556,-0.020547945205479423,0.10650920691778132
2003-04-30,0.02913462631726982,-0.011211874067414862,0.008892794291709638,0.006188561010691318,0.049255640569140224,0.06331583739677349,0.2664733526647336,0.2664733526647336,0.28260869565217384,0.24444444444444446,0.30637531918456196,-0.1417118093174431,0.5560232511525356,-9.90467111534795,-0.15805147121030105,0.03648802736602064,-0.005231037489102031,0.0045495905368517775,0.04979253112033177,-0.03826530612244894,0.03649635036496357,0.061224489795918435,0.019541375872382805,0.014285714285714235,-0.013986013986013957,-0.01729893778452185
2003-07-31,0.025723416577700497,0.06548925969579877,0.034227228053809844,-0.02540779488019962,0.017595534700914683,0.09203622333091976,0.07149060476867208,0.07149060476867208,0.05084745762711873,0.0714285714285714,0.3924634709048962,-1.1391904401245476,-0.001374039245995995,-2.8531206508939086,0.34786977491961424,0.2222222222222221,-0.015337423312883347,0.01449275362318847,0.015810276679841806,0.16445623342175053,0.16847237269772486,0.05769230769230771,-0.007823195775474301,0.001280409731114096,0.014184397163120588,0.09326744904261886
2003-10-31,0.046282470348538496,0.05844448598541918,0.029695999116436944,0.04306881668192597,0.06239480725000157,-0.006279254240161847,-0.05846811332571933,-0.05846811332571933,-0.048387096774193616,-0.06666666666666654,-0.4833624815905744,-11.830108827085853,-1.1757750354731908,-0.31091854419410747,0.17784404353660355,0.18451845184518456,-0.02047174009790842,0.0,0.0661478599221792,0.16628701594533046,0.15669911914696333,0.036363636363636154,0.015375517445298748,0.006393861892583175,-0.006993006993006978,0.014736346516007526
2004-01-31,0.02928529785938294,0.03677900598404249,-0.022685526580411564,-0.028907817426196636,0.0782166510978144,0.012156480409481363,-0.021795273125684744,-0.021795273125684744,-0.05084745762711851,0.0,0.049708253529909596,-0.2304471612795177,-2.758317025440313,-0.6481388329979879,0.05312792728929838,0.08966565349544076,-0.0013630168105406293,0.017857142857142794,0.08029197080291972,0.021484375,0.05931863727454911,0.03508771929824572,0.04736944282663558,0.01270648030495547,0.007042253521126751,0.06764719528603913
2004-04-30,0.030667173417080473,0.04291145354231918,0.04558279487285022,0.12612006032069578,0.0179380859927607,0.11552331356671974,0.1828873154926196,0.1828873154926196,-0.3928571428571429,-0.4107142857142857,0.12619340603386098,-0.3283278926369242,-0.5474401780745688,1.678103407195616,0.13510427309333495,-0.04463040446304045,-0.0022747952684258888,0.007894736842105177,0.020270270270270396,-0.1147227533460804,-0.09042754445705636,0.05084745762711873,-0.01223354958294709,-0.011292346298619749,0.020979020979021046,-0.07387771066011906
2004-07-31,0.023123235393862185,0.07107512975770236,-0.010885775890346228,0.12832273362026947,0.05293495221190092,0.03608859434196465,-0.11430117344695812,-0.11430117344695812,-0.11764705882352955,-0.12121212121212133,0.7140650314607588,-0.3012204341721568,9.627420842299417,-0.5490213523131673,0.05367713241912431,-0.006569343065693456,-0.057911536707706324,-0.039164490861618884,0.0927152317880795,-0.02591792656587477,-0.04866888519134771,0.06451612903225823,0.029086132482642135,-0.04695431472081213,0.006849315068493178,-0.05072497771104123
2004-10-31,0.03983889921116912,0.05724460870501269,0.18751492319528817,0.30995122022038,-0.08176510532630121,-0.02879451612399142,0.04593180863655455,0.04593180863655455,0.06666666666666665,0.06896551724137945,-0.09219000725386328,0.08964451313755806,-0.46154291168898787,2.7950286052475835,0.19332891140054675,0.01689933872152838,0.0029041626331074433,-0.013586956521739135,-0.08181818181818179,-0.0709534368070952,0.02579798863139482,0.030303030303030276,-0.11688548504741059,-0.013315579227696439,0.0,-0.19293129016312416
2005-01-31,0.04307391561499041,0.05300982373614205,0.022804450302718937,-0.09427218548000538,0.06465958206114442,0.041613704257909445,-0.02474994524348395,-0.02474994524348395,-0.03125,0.0,-0.4218504080001937,2.0561702127659576,-1.260327692720924,-0.45230545303321723,0.088730935397209,0.14739884393063596,0.004343629343629418,-0.017447199265381075,0.06270627062706291,0.25059665871121717,0.11892583120204603,0.04411764705882337,0.020648358455502835,-0.021592442645074317,0.006802721088435382,0.16261407484534818
2005-04-30,0.052107285336357556,0.03960678457757538,0.10448304546389475,0.20090364578553555,-0.0014767417824813611,0.0598315243136367,0.1728177870938763,0.1728177870938763,0.19354838709677424,0.16129032258064502,0.2878502324412615,-0.11468486029889535,0.04973173751547666,0.607536066818527,0.1310132506168924,-0.02015113350125941,0.00913022585295531,-0.02336448598130847,0.006211180124223503,-0.0782442748091603,-0.04380952380952374,0.04225352112676051,-0.05098118551486952,-0.011034482758620623,-0.013513513513513487,-0.1342851122115689
2005-07-31,-0.02730489194055552,-0.040737743798655135,-0.0323427524217923,-0.09774233072575034,-0.02160387914957107,0.026903008278596152,-0.1985765806019213,-0.1985765806019213,-0.18918918918918926,-0.19444444444444442,0.5174634146341464,-0.1670249017038008,-8.207981128366423,-1.7172462655724154,-0.08308369923536729,0.0,0.0019047619047618536,-0.034449760765550175,-0.0277777777777779,-0.006211180124223614,-0.02390438247011961,0.04054054054054057,0.005968876572159498,-0.03347280334728031,0.0,0.0631655814519565
2005-10-31,-0.05288039914622855,-0.09883455985727718,-0.06181821897720707,-0.04173607150721903,-0.04287707580401667,-0.045756365038475244,0.28222691250846244,0.28222691250846244,0.26666666666666683,0.27586206896551735,-0.3409412369808409,-0.1602366417018063,0.5905582676521122,2.3532268686203492,-0.303842883355959,-0.012210796915167133,0.044201520912547476,0.04063429137760144,-0.031746031746031744,0.016666666666666607,-0.01224489795918371,0.051948051948051965,0.010595465140919691,0.023088023088023046,0.013698630136986356,-0.05958445423845238
2006-01-31,-1.4245257753731089e-05,-0.0171340653192531,-0.04181461714410195,-0.06956888094066627,0.04584344043877775,-0.025981913553927205,-0.1642648611715013,-0.1642648611715013,-0.1578947368421053,-0.1351351351351351,-0.3240334276330764,0.4767293712058758,-0.6918605648051303,-0.5834294832453664,-0.18181525966720602,0.050097592713077566,0.007737824305871666,0.00952380952380949,0.04590163934426239,0.08401639344262302,0.002892561983470987,0.04938271604938271,0.04571188928496528,0.0,0.013513513513513598,0.05636031649421791
2006-04-30,0.047080297863085985,0.024757984769369523,0.049440535327930135,0.060249013634953164,0.044707992710529165,0.09402288026672445,0.375450592738489,0.375450592738489,0.40625,0.34375,1.4284683471233404,0.027963865205034466,0.9558177063046018,-0.7986917319818493,-0.044734291925303205,0.054522924411400275,0.042908762420957425,0.058490566037735725,0.050156739811912265,0.009451795841209698,0.04655953852492778,0.04705882352941182,-0.0022057349107680313,0.03667136812411842,0.020000000000000018,-0.0334754551740033
2006-07-31,0.019523990491056464,-0.0004824845640547526,0.042141312314730284,0.0747716025600822,-0.0033119523749632895,0.08909919089559803,-0.02226304982167948,-0.02226304982167948,-0.022222222222222254,0.0,0.08254263811580143,0.42394470501110826,0.50955957664732,7.044203747072599,-0.37670331478079677,-0.05757931844888364,0.07968817669987005,0.089126559714795,0.008955223880596996,-0.10299625468164786,-0.10433070866141725,0.04494382022471921,-0.022508038585209,0.0625850340136056,0.019607843137254832,-0.07004470938897167
2006-10-31,0.03320086791979482,0.04553753529092197,0.00032047673079094174,0.013938405364174233,0.0679130654240474,-0.046435177867301225,-0.005056924947496433,-0.005056924947496433,0.0,0.0,-0.6833485818847209,-0.3528188059080508,-1.1157978061743752,-1.1747516285163215,0.10561506147315636,0.10349127182044882,-0.00922583233052543,0.003273322422258529,0.07100591715976345,0.09394572025052206,0.003956043956043986,0.053763440860215006,0.033717105263157965,0.002560819462227748,0.0,0.031153846153846088
2007-01-31,0.014143433670258165,0.012670153500178971,0.08489393021040792,0.14889622757855214,-0.05582109028884963,0.03879987186925282,-0.13137064296625467,-0.13137064296625467,-0.11363636363636365,-0.11627906976744184,-0.8597515169026293,-0.026679524268723886,-0.9130859375,-4.110162432319867,-0.29710159342736076,0.02203389830508473,0.01983805668016192,0.004078303425774976,-0.03867403314917128,-0.04580152671755733,-0.016199649737303035,0.04081632653061229,-0.06901352426412088,-0.007662835249041988,0.012820512820512775,-0.11855029217953506
2007-04-30,0.10454206227983565,0.09474989359142816,0.10105000702345834,0.17577138222630384,0.10850997839812382,0.043662397032820044,0.28367705835331725,0.28367705835331725,0.28205128205128194,0.2894736842105263,10.164400494437578,2.104249229414355,75.56179775280899,-1.8620689655172413,0.3643799173600497,0.012714206744057543,-0.0055577610162763635,-0.020308692120227456,0.10632183908045989,0.052000000000000046,-0.023587004895415986,0.0490196078431373,0.0036317026276435627,-0.007722007722007818,-0.012658227848101222,-0.06890471824529232
2007-07-31,0.013892219803465888,0.0352175336200895,0.006584736806243274,-0.06889213046839016,0.022139611595521247,0.08407853087266637,0.07828729419383773,0.07828729419383773,0.08000000000000007,0.08163265306122458,1.5914157071154413,-0.5750558530444342,-1.9715781234712846,-0.45413592233009714,0.14578190794250045,-0.010371179039301404,0.015169660678642893,0.008291873963515828,0.025974025974025983,-0.1045627376425855,-0.04466727438468554,0.03738317757009346,0.00808854831843342,0.018158236057068677,-0.0064102564102563875,0.11180124223602483
2007-10-31,0.05630101810666588,0.08668228322377991,0.012695893386181378,-0.03321320248222004,0.10476582284559899,0.0017057983803492327,0.0007623007623007716,0.0007623007623007716,0.0,0.0,-0.6890354187732315,-0.5627555703913878,-0.2962590000503499,-3.18340922026181,-0.2778029219544871,0.08935466078323229,0.0035391270153359855,0.00164473684210531,0.10379746835443049,0.06157112526539277,0.029580152671755622,0.04504504504504481,0.0458192567567568,0.007643312101910826,-0.006451612903225823,0.12399509469955028
2008-01-31,0.024402147739253977,0.02770488376953617,0.06555222759815349,0.03957169355038648,-0.01752240471205324,-0.026281641475257578,-0.2135817002515985,-0.2135817002515985,-0.20370370370370372,-0.20754716981132082,0.11939546599496231,0.6095047237331805,-1.012162838949703,-1.593939393939394,0.22846686052341325,0.05721518987341767,-0.03213166144200619,-0.029556650246305494,-0.006880733944954143,-0.04200000000000004,0.002780352177942591,0.0431034482758621,-0.04078336361800927,-0.006321112515802807,-0.025974025974025983,-0.011395320644926654
2008-04-30,0.06044162384623042,0.07418937204745868,0.04621702930757876,0.07942826047838625,0.07615935061027779,0.1485003800587381,0.3497798649838568,0.3497798649838568,0.34883720930232553,0.357142857142857,1.3539808526307175,0.6150243092612355,-81.26470588235294,-0.5313802940531052,0.08715259355997218,-0.005268199233716464,-0.008502024291497934,-0.0025380710659898,0.08314087759815258,0.0020876826722338038,-0.025415896487985257,0.04958677685950419,0.01473374026520724,-0.013994910941475869,0.01333333333333342,-0.004843654199877423
2008-07-31,0.02317539286905901,0.05645736092618536,0.031554385835099286,0.0377809823738291,0.01417447361352453,0.033452429563086916,0.05623328331919897,0.05623328331919897,0.06896551724137945,0.05263157894736836,0.21178045050055627,-0.3166048680201182,-0.18966654452180287,6.0428471084055255,0.5645963548998629,0.12277323062108825,-0.010208248264597763,-0.008481764206955011,0.01705756929637503,0.03541666666666665,0.07871028923660495,0.03937007874015741,-0.00871188550093338,-0.006451612903225823,0.0,0.017990265541248274
2008-10-31,-0.034702464513612696,-0.07575691912335714,0.03593058013547079,0.07723913165488372,-0.11187849223347546,-0.05624096591825778,-0.012579004796903659,-0.012579004796903659,0.0,0.0,-0.2575694554008118,3.6181573999462797,-2.409740435922945,-1.4750664893617023,-0.17143131350696406,-0.17409948542024012,0.03877887788778889,0.009409751924721821,-0.10482180293501053,-0.18712273641851107,-0.20131868131868125,0.045454545454545414,-0.0799330403850178,0.0051948051948051965,0.0,-0.14204442292561892
2009-01-31,-0.07009922528950463,-0.1151456318061943,-0.13256052719545386,-0.3197405037934522,0.00950640632583788,-0.19652339252695117,-0.29542137525541057,-0.29542137525541057,-0.30645161290322587,-0.2833333333333333,-0.18754708961999889,-0.8614584666209126,-1.66700882117081,-1.4871938418474457,0.10080067181142938,-0.2253374870197301,0.0035742652899124483,0.005084745762711895,0.007025761124121788,-0.13613861386138615,-0.24986241056686853,0.04347826086956519,0.08551284967022976,0.021963824289405798,-0.013157894736842146,0.3007900677200903
2009-04-30,-0.014399776705266043,-0.03579387585574745,-0.08455110225405382,-0.15371694784546963,0.06242454660137553,-0.1023749405667812,-0.21291391708341967,-0.21291391708341967,-0.20930232558139528,-0.20930232558139528,1.6367376055165854,-0.1106633081444165,1.1766855823795326,7.217178971559896,0.7524497231319629,-0.05898123324396787,-0.10170162247724568,-0.08768971332209097,0.0627906976744188,-0.06303724928366772,-0.06382978723404265,0.03472222222222232,0.07793840351979875,-0.034134007585335135,-0.053333333333333344,0.13931670281995667
2009-07-31,-0.026332884209174123,0.0052567629391528925,-0.029750423577838303,-0.06352515291474226,-0.023108012830061253,0.01904476269026012,-0.11444469508985633,-0.11444469508985633,-0.11764705882352955,-0.11764705882352955,-0.34870319601760336,0.0779833836858006,0.256860059210817,-0.8173332401062788,0.07843166687932035,0.24501424501424518,-0.14361233480176216,-0.12754158964879858,-0.024070021881838155,0.16819571865443428,0.3910658307210031,0.04026845637583887,0.003304178814383052,-0.0759162303664922,-0.05633802816901401,0.07349231281831581
2009-10-31,0.039229502937040195,0.07142044455477281,0.01071774990780594,0.025766118820063744,0.06595093360905468,0.016042399975315647,0.4676488069966884,0.4676488069966884,0.4666666666666668,0.4666666666666668,-0.02992204483460492,-0.30014012961989844,-0.638324426944171,3.2585645933014353,0.30971486634142265,0.03604118993134997,-0.1265432098765431,-0.08368644067796616,0.06726457399103136,0.0628272251308899,0.22197183098591555,0.03870967741935494,0.025765207283998448,-0.025495750708215192,-0.059701492537313494,0.04447301911053958
2010-01-31,-0.008565072623506143,0.00291545189504383,-0.032411715558144705,-0.0459007978792525,0.012626135337239663,0.01878620818538601,-0.1042263299487981,-0.1042263299487981,-0.09090909090909083,-0.11363636363636365,-0.7828860976306024,0.29896133149793513,-0.5487727825030377,-1.170396836097254,-0.04029459745256103,0.11043622308117063,-0.050647820965842194,-0.020809248554913284,0.010504201680672232,0.039408866995073843,0.22821576763485463,0.03105590062111796,0.021340887629839322,-0.010174418604651292,-0.015873015873015928,0.05119714722363722
2010-04-30,0.03618455037418489,0.08193301577523049,0.03441796204723735,0.075703044397607,0.03768459883681041,0.1410087085723719,0.5971710908738617,0.5971710908738617,0.5999999999999999,0.5897435897435896,3.174347511669187,-0.12244701348747589,1.717255493321844,-4.6601608861928,0.1536770649923036,0.05221282943809058,0.17059553349875922,0.18536009445100365,0.03950103950103956,0.042654028436019065,0.08070570570570568,0.03614457831325302,0.0014792899408284654,0.14096916299559492,0.040322580645161255,0.005774977788546964
2010-07-31,0.05288487194106395,0.09330972713488461,0.15316384734620359,0.2321347176500379,-0.03199613126724332,0.03541665410685679,0.034615229083262644,0.034615229083262644,0.015625,0.048387096774193505,-0.14580446012347237,0.6938192995938084,-0.4276766956039164,-0.148297604035309,0.11345213355666361,0.04820415879017004,0.17594064652888175,0.1643426294820718,-0.02200000000000002,0.009090909090909038,-0.11948593261549145,0.03488372093023262,-0.08068685376661733,0.13899613899613894,0.023255813953488413,-0.11266813892792604
2010-10-31,0.06067331507843243,0.08978569311160589,0.0013176193063106911,-0.003727623980105621,0.12052507724678652,0.04205006181549287,0.03838186437365643,0.03838186437365643,0.06153846153846132,0.04615384615384621,0.15717762454367779,-0.34875883077321923,0.8251835434270676,0.5060281737806167,0.1534525862068965,0.026149684400360806,0.07480847228481302,0.07356715141146286,0.11860940695296529,0.04729729729729737,-0.14477317554240632,0.0393258426966292,0.056437035549307124,0.05084745762711873,0.022727272727272707,0.09385040047060933
2011-01-31,0.0029054012421361186,0.02231585684569848,-0.04690627632268374,0.07754412655845067,0.047789859446511596,0.0003650525508047675,-0.1610080174652765,-0.1610080174652765,-0.17391304347826086,-0.17647058823529405,-0.5172792887529276,6.651671974522293,-0.9477459016393442,-2.3473217044465042,-0.17924447218059725,0.19507908611599278,0.029350104821803003,0.035059760956175134,0.042047531992687404,0.06881720430107507,0.0724169741697418,0.03243243243243232,0.04486692015209126,0.021505376344086002,0.014814814814814836,-0.051255533032722456
2011-04-30,0.09196875193952514,0.12930913947640255,0.09476078073330152,0.18252021527865847,0.08968027716081273,0.10698094413569037,0.38654972072051863,0.38654972072051863,0.4035087719298247,0.4107142857142856,1.4914347955243095,-0.740388117163519,16.885257806826434,-1.9143560021682025,0.19968584242037934,0.08014705882352935,0.005295315682281032,0.009237875288683695,0.09824561403508758,0.03621730382293764,0.006881720430107485,0.03664921465968596,-0.0021834061135370675,0.015789473684210575,-0.007299270072992692,-0.04499869189849137
2011-07-31,-0.009021665431359516,-0.014519133397887463,0.006092119147204977,0.004241644203760719,-0.02146737338217386,0.05194554001665086,0.06400155312161271,0.06400155312161271,0.07499999999999996,0.06329113924050622,0.026880224686353316,-3.531763527054108,3.6692788695793404,-0.7719686260203383,0.037955467507675644,0.0010211027910143056,0.01337115072933548,0.03279938977879482,0.0015974440894568342,-0.0873786407766991,-0.06236651003844518,0.03535353535353525,-0.012582056892779026,0.01761658031088076,0.014705882352941124,-0.01867409369007389
2011-10-31,0.011632049953276047,0.022660236156244906,0.08414899504916717,0.09630343137650033,-0.04976511456482269,-0.02742825165880569,0.04236167074672714,0.04236167074672714,0.058139534883721034,0.0714285714285714,-0.2557797502322221,-1.3659120592076621,-0.9925561980955694,1.8716128387161284,0.10500778810504063,-0.03910234614076835,0.05357856857257115,0.04431314623338256,-0.04465709728867617,-0.04042553191489373,-0.10296127562642365,0.039024390243902474,-0.060572483841181746,0.03665987780040747,0.007246376811594235,-0.06718466477457785
2012-01-31,-0.03709945933130265,-0.05598436306728116,-0.10722910664167762,-0.15227724737792125,0.03064417160646027,-0.045063661545796,-0.21489942088602976,-0.21489942088602976,-0.20879120879120883,-0.22222222222222232,-0.2283743022570468,5.019847493375155,50.66471962616822,-5.223092726069849,-0.4013162901662073,0.18542108987968864,0.02732447817836814,0.02545968882602545,0.026711185308848195,0.23946784922394682,0.10106653123412901,0.032863849765258246,0.07017888735993694,0.018664047151276897,0.007194244604316502,0.11362162701381595
2012-04-30,0.04334749424434192,0.06806929491126423,-0.012552612614494474,0.03136017693358495,0.09012216343879764,0.11422954364304005,0.3181843518329277,0.3181843518329277,-0.3472222222222222,-0.34285714285714275,0.8018287203450756,-0.5677683648810112,-0.42812888637648394,-1.066703495131222,0.04471342508152332,0.0880597014925375,0.024750646472109228,0.034482758620689724,0.08943089430894302,0.06082289803220031,0.04105166051660514,0.036363636363636154,0.044819985304922705,0.014464802314368308,0.021428571428571352,0.03556232364401857
2012-07-31,-0.01378975792251258,-0.012833522462756042,0.08422829839190538,0.04808126932869139,-0.08808191503860063,0.01482609924957945,0.0004933329574605683,0.0004933329574605683,0.0,0.021739130434782483,-0.03605850155231105,-1.0301166005029825,0.30591910165671576,3.5449938195302844,0.19452438895354995,-0.0765432098765434,0.026676279740447173,0.020000000000000018,-0.07910447761194028,-0.15345699831365944,-0.11209570225963672,0.03947368421052655,-0.07524613220815746,0.0076045627376424285,0.006993006993007089,-0.05808572293585923
2012-10-31,-0.010163680103024042,-0.03430994176824831,-0.0765204836672081,-0.10750557145808715,0.04963440122899199,-0.10335351603832332,-0.23764105887491016,-0.23764105887491016,-0.23404255319148937,-0.23404255319148937,-0.17135983236538144,-6.89095928226363,1.4713273586048201,-1.5716500312763468,-0.09309133748765441,0.026143790849673332,-0.0712780898876404,-0.05032679738562085,0.05510534846029169,0.11553784860557781,-0.003493013972055925,0.03797468354430378,0.06045627376425844,-0.047169811320754595,0.0,0.08200936725135444
2013-01-31,0.0036029239158235082,-0.014853879148770566,-0.05655235066999775,0.0900862834294911,0.05129703030417243,0.012036736752203403,-0.06098349749598064,-0.06098349749598064,-0.05555555555555547,-0.05555555555555547,-0.2957401308087352,0.4019447047797564,-0.6732661137179472,-1.5632047195394643,0.05781120281291208,0.015055008685582072,-0.034782608695652084,-0.01720578114246385,0.05069124423963145,-0.03749999999999998,0.07060590886329488,0.03658536585365857,0.047508067407673105,-0.01782178217821795,0.0,-0.09629095230011864
2013-04-30,0.022657080948734754,0.039202587041555326,-0.05376297432567101,-0.056037904294954144,0.07703101037662563,0.039150319779342135,0.37449077991852486,0.37449077991852486,0.38235294117647034,0.3529411764705881,1.3984085821309042,0.5159187766357483,0.4952191683227718,3.002365264402771,0.2187361500960261,0.03166001140901309,-0.025460242851547354,-0.004901960784313819,0.07602339181286566,-0.01855287569573283,0.03788587464920501,0.03921568627450989,0.05305493753208945,0.006048387096774244,-0.01388888888888895,0.10091570791265547
2013-07-31,-0.007994956782172102,-0.016460920686089064,-0.026189402063380496,0.04063280854112428,0.0033785376867834227,0.02134907833915367,0.03961799490278062,0.03961799490278062,0.06382978723404253,0.04347826086956519,-0.08941030783021742,2.1788214541645994,0.9008927675794964,-1.8410721823554241,-0.15095383123475314,0.019076582803428277,-0.036173633440514386,0.004222378606614896,0.009510869565217295,-0.05293005671077511,0.018927444794952564,0.049056603773584895,0.011539086624410944,0.017034068136272618,-0.007042253521126751,-0.05485412045725968
2013-10-31,0.04380071531972596,0.061822818288429504,-0.002715802232486686,-0.009000178408387294,0.07202168842789303,-0.052498126760607944,-0.15173050172843583,-0.15173050172843583,-0.16000000000000003,-0.14583333333333337,0.0039072807355835515,-0.06476841174328474,-0.6780343007915568,-1.5870012547051444,0.10436427558022299,0.029571351058057527,-0.019182652210175233,0.014716187806587344,0.07133243606998652,0.019960079840319445,0.0234409553295003,0.04676258992805771,0.02699228791773778,0.025615763546797954,-0.014184397163120588,0.07144146583626676
2014-01-31,-0.025485665618088627,-0.043446222141336754,-0.00793199925066368,-0.008573601018326937,-0.03539279869067102,-0.02963375732418616,-0.052799064813612184,-0.052799064813612184,-0.04761904761904756,-0.04878048780487798,-0.4673824037849149,-1.2175702736779648,0.963081335791846,-0.5045742134062927,0.04681856744637014,0.08985507246376812,0.002125850340136015,0.02140883977900554,-0.028894472361808976,0.017612524461839474,0.05747623163353488,0.04810996563573866,-0.010168961201501792,0.03554274735830942,-0.014388489208632893,-0.035171222779158406
2014-04-30,0.07017478572552238,0.08894486796626833,0.18494011879522176,-0.01928438214992978,0.003558284395412503,0.07326407873154728,0.15419952005485094,0.15419952005485094,0.1499999999999999,0.17948717948717952,0.48997836237330605,-7.096216124083859,-0.2909265482477197,-2.8031754249719563,-0.08064634395779546,-0.008220502901353899,-0.01909206618582948,-0.028397565922920975,0.019404915912031084,0.02115384615384608,-0.036779730281977896,0.04590163934426239,-0.062272799114904354,-0.011131725417439786,-0.014598540145985384,0.11036409674321135
2014-07-31,0.023398301686879952,0.04940240408703356,0.21777886033079485,0.3278527115572285,-0.10982424391495726,0.07047357241034602,0.08346204110728284,0.08346204110728284,0.10869565217391308,0.08695652173913038,0.11760359740640247,-0.8547383724994059,-0.5726943569515175,-3.784897353687132,0.24429313833315147,-0.0031691857630424813,0.019896193771626436,-0.025748086290883654,-0.07994923857868019,-0.022598870056497078,-0.002969876962240159,0.050156739811912265,-0.13011966964436206,-0.013133208255159512,-0.014814814814814836,-0.20971927341354102
2014-10-31,-0.03727995774323767,-0.1281775467914602,0.039919015073494934,0.06316480199481611,-0.10966170997413427,-0.10732297156949899,-0.233140523054992,-0.233140523054992,-0.21568627450980393,-0.19999999999999996,-0.43772582722578735,6.607544990857472,3.4643841278589145,-2.7864458038353153,-0.3507344358304826,-0.0327708486182442,0.04240882103477506,-0.027857142857142914,-0.10344827586206895,0.052023121387283044,-0.04382978723404263,0.05074626865671639,-0.07517922883162176,-0.020912547528517234,-0.007518796992481258,-0.1799502487562188
2015-01-31,-0.010560439102073937,-0.0061176307590917745,0.04911867524546043,0.07555964967504214,-0.07591628022663177,0.0007275653383849168,-0.11469783902622122,-0.11469783902622122,-0.10000000000000009,-0.1250000000000001,-0.26861950131765655,-1.2391397849462367,-0.912151840135792,-1.3515062906390674,0.18988433599717336,0.003034134007585454,0.03986981285598046,-0.044819985304922816,-0.0707692307692308,0.11721611721611724,0.008900756564307999,0.048295454545454586,-0.06599622878692657,-0.03980582524271836,0.0,-0.07595704665412861
2015-04-30,-0.0023877854344007687,-0.008464814083973704,-0.026479823688881132,-0.07619506694612888,0.027565804629057,-0.04846518266370048,-0.0637593377750858,-0.0637593377750858,-0.05555555555555547,-0.05714285714285705,1.1053244269519666,-2.1443080829454084,9.507289653961005,-1.1822460595446584,-0.029083223434265837,-0.0594907990925132,-0.013693270735524288,-0.07846153846153847,0.0314569536423841,0.013114754098360715,-0.037494486104984626,0.04336043360433606,0.030058322117541447,-0.06471183013144588,-0.022727272727272707,0.07333727266758583
2015-07-31,-0.019664844904628387,-0.02088530277324452,0.032632279080762716,-0.1293503597379263,-0.08126594346368132,0.07347190997389141,0.21327525230742683,0.21327525230742683,0.2058823529411764,0.2424242424242422,-0.3223096974643882,0.3845229289940828,-0.1855628740512889,3.8708708708708706,-0.14590398402432336,-0.06995443580809435,-0.01229670765569213,-0.057595993322203665,-0.057784911717496,-0.09870550161812286,0.006416131989001039,0.04415584415584406,-0.06293554006968638,-0.050810810810810736,0.0,0.12454122828480552
2015-10-31,-0.00521349695556983,-0.01679997205825856,0.02872973945636903,0.043258949035667627,-0.05015212206752451,-0.11766538853883424,-0.31570153922718713,-0.31570153922718713,-0.29268292682926833,-0.29268292682926833,0.12479602144688795,-0.4524207011686143,-0.3370006978940022,-1.2466091245376079,0.04213841114703687,-0.12478386167146982,-0.04016064257028118,-0.07528786536758192,-0.04940374787052815,-0.07181328545780974,-0.07194899817850642,0.042288557213930655,-0.04508482454101792,-0.06150341685649208,-0.015503875968992276,-0.057550043516101046
2016-01-31,-0.006221876562413242,-0.006611407144266779,0.021310702498821277,0.004445204308428874,-0.0457003785830179,-0.03866171003717467,-0.012987012987012991,-0.012987012987012991,-0.0344827586206895,-0.0344827586206895,-0.11226252158894645,0.2987804878048781,-0.9473684210526316,2.025,0.12228398180899447,-0.05992756009219624,-0.023849372384937118,-0.05268199233716475,-0.048387096774193616,-0.009671179883945835,0.015210991167811772,0.04057279236276856,-0.03991238744219994,-0.02669902912621369,-0.03149606299212604,-0.011023894724691119
2016-04-30,0.02001229806026039,0.022052249925499146,-0.057243098513525936,-0.10859574468085109,0.13856616605270622,0.10460170146945091,0.4421052631578948,0.4421052631578948,0.46428571428571397,0.46428571428571397,0.8015564202334631,-0.6901408450704225,38.705882352941174,0.045454545454545414,0.11391265195857714,0.06654991243432562,0.0621517359622803,0.05055611729019205,0.13747645951035792,0.119140625,0.12324794586756882,0.03899082568807333,0.11634980988593147,0.046134663341645954,0.008130081300812941,0.1466005252407352
2016-07-31,-0.019784074094371662,-0.01866070560793076,-0.003819410439721893,0.03838075233912552,-0.04006968641114983,0.039383861368808004,0.08576642335766427,0.08576642335766427,0.09756097560975618,0.07317073170731714,-0.09071274298056153,0.7121212121212122,0.0888888888888888,-1.1660079051383399,-0.016976556184316927,0.12643678160919536,0.0197740112994349,0.020211742059672577,-0.038079470198675525,-0.008726003490401535,0.061962134251291046,0.039735099337748325,-0.020663033605812897,0.023837902264600697,-0.008064516129032251,-0.05497022446174982
2016-10-31,0.0030750307503075724,-0.016539566207784517,-0.007668108533228524,0.03604266274365586,0.01724137931034475,-0.06871000336813737,-0.025210084033613467,-0.025210084033613467,-0.04444444444444451,-0.022727272727272707,0.18408551068883616,1.0619469026548671,-0.24897959183673468,-5.523809523809524,0.078125,0.08134110787172033,0.08587257617728539,0.10283018867924532,0.0223752151462997,0.12323943661971826,0.05834683954619124,0.03821656050955413,0.014143287734755372,0.09545983701979033,0.008130081300812941,-0.050735175311035774
2017-01-31,0.013154227746502434,0.0324269889224571,0.02734297602536162,0.09247426340078091,-0.005097489486427964,-0.0043399638336347746,-0.19827586206896552,-0.19827586206896552,-0.18604651162790697,-0.18604651162790697,-0.3520561685055166,-0.45922746781115875,-0.7047101449275363,0.7947368421052632,0.13005339435545382,0.10730655163116731,0.015670553935860143,0.03592814371257491,-0.005050505050505083,0.08307210031347956,0.008039816232771724,0.03476482617586907,-0.01806127114769096,0.02444208289054184,0.016129032258064502,-0.05497872340425536
2017-04-30,0.03443912636848756,0.057354662504877085,0.039826422372227555,0.06401299756295686,0.027283207377994056,0.10461314929168175,0.2924731182795699,0.2924731182795699,0.2857142857142858,0.2857142857142858,-0.07430340557275539,0.2857142857142858,1.834355828220859,-1.0117302052785924,-0.0013499831252109518,0.08522035549062568,0.024757804090419944,0.01651527663088359,0.035532994923857864,0.09117221418234434,0.038359285985567926,0.035573122529644285,-0.006984866123399325,0.008298755186721962,0.007936507936507908,-0.006243996157540788
2017-07-31,0.05286390469605906,0.06180811808118092,0.043494389316516724,-0.2608031760574133,0.0654613466334164,0.08533377178559687,0.13477537437604004,0.13477537437604004,0.1777777777777778,0.1333333333333333,0.44147157190635444,1.691358024691358,-0.1341991341991342,-32.25,0.04224400135180795,0.049584922593672864,0.011904761904761862,0.012185215272136452,0.07516339869281041,0.013262599469495928,0.024506217995610813,0.03435114503816794,0.01195779601406799,0.0092592592592593,0.0,0.43644272595456757
2017-10-31,0.026620194979037226,0.046307558644656854,0.02328474937788827,-0.14253253460028925,0.031012287887653534,-0.023178306317224617,-0.10703812316715544,-0.10703812316715544,-0.1132075471698114,-0.0980392156862745,-0.25870069605568446,-0.5619266055045872,-0.9525,2.296,0.13359273670557714,-0.02821718683197949,-0.016955017301037878,-0.018459069020866692,0.03039513677811545,-0.09554973821989521,-0.06711888611210293,0.03321033210332103,0.004402224281742306,-0.024464831804281495,0.007874015748031482,0.22022207267833083
2018-01-31,0.04866168077150168,0.06277505604915712,0.1328817092235539,0.04794025536015423,-0.061407491486946686,0.030862282878411973,-1.8686371100164205,-1.8686371100164205,-1.8510638297872342,-1.8695652173913042,-0.2816901408450704,0.3560209424083769,9.894736842105264,-0.6941747572815534,0.03604118993135019,0.07897052353717537,-0.4297782470960929,-0.4448078495502862,-0.06047197640117996,0.04630969609261948,0.060466896287791894,0.03214285714285725,-0.1049596309111881,-0.4472309299895506,0.0078125,0.014166551771680691
2018-04-30,-0.017031858490123453,-0.02398624892569734,-0.03511192885617909,-0.08574712643678162,0.011488692707703363,0.0531066646607492,-2.321361058601134,-2.321361058601134,-2.35,-2.325,0.065359477124183,0.054054054054053946,1.971014492753623,-4.563492063492063,-0.12396466040861398,-0.04097859327217124,0.061111111111111116,0.044182621502209196,0.017268445839874413,0.020746887966804906,0.6643810898592564,0.03114186851211076,0.02886597938144342,0.03402646502835527,0.007751937984496138,0.06756618971552864
2018-07-31,-0.05651551312649161,-0.09886327249439641,-0.1110757985062768,0.1802866482273071,0.0255858440937351,0.035285714285714365,0.46494992846924177,0.46494992846924177,0.4259259259259258,0.4339622641509433,1.130879345603272,-0.15384615384615385,2.0032520325203254,1.507795100222717,-0.35486920895052,-0.017644557823129237,0.23327515997673065,0.23554301833568392,0.033950617283950546,-0.03387533875338755,-0.08911535125758885,0.03187919463087252,0.08717434869739482,0.20475319926873858,0.023076923076922995,-0.23650950304033613
2018-10-31,0.08469088333501973,0.039708625743981596,0.1411333571683948,0.03877290157648061,-0.003963627885287924,-0.03215123499379058,-0.279296875,-0.279296875,-0.2597402597402598,-0.26315789473684204,-0.3925143953934741,4.376623376623376,-1.3318895506226314,-0.9573712255772646,-0.02344894968246214,0.14801990911058205,0.07971698113207548,0.057077625570776336,-0.0029850746268657025,0.1107994389901823,-0.0645084503689598,0.03089430894308931,-0.08179723502304137,0.050075872534142585,0.007518796992481258,0.0008756567425569628
2019-01-31,0.01040111940298516,-0.010850991114149,0.003054750528706851,0.011279737489745756,0.021301498127340723,0.003279155973766823,-0.18563685636856364,-0.18563685636856364,-0.17543859649122806,-0.1785714285714286,0.2559241706161137,-0.6867954911433172,-1.9021207177814028,0.8125,-0.04352176088044024,-0.08030160226201688,0.5640017474879859,0.5777537796976242,0.0239520958083832,-0.07828282828282829,-0.14376590330788797,0.029968454258675115,0.010790464240903352,0.5635838150289019,0.00746268656716409,-0.02187226596675429
2019-04-30,0.018280016618196893,0.013734128012438562,-0.02537872872091207,-0.0947069559926993,0.08285583314233325,0.012931647008668445,0.2512479201331115,0.2512479201331115,0.25531914893617014,0.26086956521739113,0.01132075471698113,0.1645244215938304,-0.6437613019891502,-2.4482758620689653,0.06589958158995812,0.03402336544373852,-0.013966480446927387,0.004106776180698102,0.08333333333333348,0.010958904109588996,-0.35096582466567605,0.029096477794793074,0.0635551142005959,0.012939001848428777,-0.007407407407407418,0.11977170116704983
