Quarter end,Assets,Current Assets,Liabilities,Current Liabilities,Shareholders equity,Revenue,Earnings,Earnings available for common stockholders,EPS basic,EPS diluted,Cash from operating activities,Cash from investing activities,Cash from financing activities,Cash change during period,Cash at end of period,Price,ROE,ROA,Book value of equity per share,P/B ratio,P/E ratio,Cumulative dividends per share,Equity to assets ratio,Net margin,Asset turnover,Current ratio
1994-01-29,0.02798449937859382,0.045126499270971454,0.03318279147774428,1108.7171713365115,0.022119504411650892,-0.07759312927930484,-0.3012255206392581,-0.3012255206392581,-0.3023255813953488,-0.22413793103448265,0.6597769832329268,0.7376762615079828,0.36322667868409186,-0.928,-0.03171102958395133,-0.08927152317880793,-0.02626970227670755,-0.016483516483516536,0.022258414766557877,-0.08556149732620333,0.07154882154882158,inf,-0.005747126436781547,-0.009090909090909038,-0.008000000000000007,-0.9990582126584592
1994-04-30,0.02798449937859382,0.045126499270971454,0.03318279147774428,1108.7171713365115,0.022119504411650892,-0.07759312927930484,-0.3012255206392581,-0.3012255206392581,-0.3023255813953488,-0.22413793103448265,0.6597769832329268,0.7376762615079828,0.36322667868409186,-0.928,-0.03171102958395133,-0.08927152317880793,-0.02626970227670755,-0.016483516483516536,0.022258414766557877,-0.08556149732620333,0.07154882154882158,inf,-0.005747126436781547,-0.009090909090909038,-0.008000000000000007,-0.9990582126584592
1994-07-30,-0.02827445027757569,-0.06191218419384037,-0.06620233326094005,-0.12257770201051155,0.014981021689229435,-0.07759312927930484,-0.3012255206392581,-0.3012255206392581,-0.3023255813953488,-0.22413793103448265,0.6597769832329268,0.7376762615079828,0.36322667868409186,-0.928,-0.0023579677139805577,-0.06544502617801051,-0.02626970227670755,-0.016483516483516536,0.014869888475836479,-0.08556149732620333,0.07154882154882158,1.0,0.04453007921216012,-0.009090909090909038,-0.008000000000000007,0.06915772089182504
1994-10-29,0.09481268037575097,0.16529691815927383,0.16425138255284732,0.48754710554868197,0.021954401044283367,0.12607614859547622,0.5050214782995113,0.5050214782995113,0.5,-0.22413793103448265,-0.5722730983740397,0.010985178727114242,-2.054398530762167,26.213675213675213,-0.06432063350975714,-0.0815437286025521,-0.02626970227670755,-0.016483516483516536,0.021978021978022122,-0.09941520467836251,0.07154882154882158,0.7500000000000002,-0.06661201065792166,-0.009090909090909038,-0.008000000000000007,-0.21664413979532726
1995-01-28,-0.055173334742324,-0.1004458575578806,-0.14552421688815842,-0.34177024168516146,0.052826963917644854,0.4447043032925173,1.3409905121845598,1.3409905121845598,1.3333333333333335,-0.22413793103448265,3.344034587434459,-0.20211213415766704,-5.318922873266913,-2.5003140703517586,0.10313485038214076,-0.06811250423585236,-0.02626970227670755,-0.016483516483516536,0.05222734254992312,-0.0844155844155845,0.07154882154882158,0.4285714285714286,0.11440491875274472,-0.009090909090909038,-0.008000000000000007,0.36665023416317477
1995-04-29,0.03808655636373892,0.06042929306931799,0.057387797834255405,0.17669093678438075,0.019361610833688037,-0.31138562755715604,-0.5932042345304263,-0.5932042345304263,-0.5904761904761905,-0.22413793103448265,-0.8467992969676436,0.043431992018623244,-1.2549383363311528,-1.461796106342893,-0.043174478911830905,-0.036363636363636376,-0.02626970227670755,-0.016483516483516536,0.019464720194647178,-0.0851063829787233,0.07154882154882158,0.30000000000000004,-0.018128078817733817,-0.009090909090909038,-0.008000000000000007,-0.09880662518411643
1995-07-29,-0.024052694088602333,-0.061084107039210855,-0.06273449761763217,-0.14383484181896156,0.014874047678859137,-0.046495431707761936,-0.20145104280782988,-0.20145104280782988,-0.20930232558139528,-0.22413793103448265,3.4516051003835653,0.6169683834778175,-1.8758186477678995,-0.8526745240253853,-0.006647712164290498,0.07094339622641499,-0.007194244604316502,-0.016483516483516536,0.01479713603818622,0.04651162790697683,0.07154882154882158,0.23076923076923084,0.039935781657636005,0.006880733944954143,0.0,0.09663108739159432
1995-10-28,0.1149366500158373,0.1893672958661865,0.2172852371194196,0.6388728312359568,0.01981624812535232,0.11110882752362317,0.320762042813139,0.320762042813139,0.32352941176470584,-0.22413793103448265,-1.1564370269745778,0.035863523475381465,-5.914637670688534,-34.19076923076923,0.22211926529939863,0.07505285412262164,-0.024456521739130377,-0.016483516483516536,0.019755409219190945,0.06666666666666665,0.05577376276512158,0.1875,-0.08529525279814743,-0.011389521640091105,0.0,-0.27426468351735256
1996-02-03,-0.07587247075487047,-0.11092169348057734,-0.1541617728931156,-0.9993059727458159,0.010976499733419631,0.49377714982506005,-0.4287898089171974,-0.4287898089171974,-0.42222222222222217,-0.22413793103448265,-9.014340296730015,-0.2590883575784677,-1.621454350334811,-1.0842681004913322,-0.015315664436993504,-0.05342510652245169,-0.3602599814298979,-0.35567970204841715,0.008763837638376515,-0.07638888888888884,-0.05357142857142849,0.1578947368421053,0.0938818565400843,-0.36866359447004604,0.016129032258064502,1280.0374266554902
1996-05-04,0.04891792149686047,0.07809534557834641,0.07369985670861068,1284.330236408794,0.025917080352996225,-0.30784991322536825,0.935119741988609,0.935119741988609,0.9230769230769229,-0.22413793103448265,-0.742249849857287,-0.05664205457463889,-1.5214614356511764,-14.480748074807481,0.2096779713219945,0.23130193905817187,0.030478955007256836,0.034682080924855585,0.024234110653863716,0.22556390977443597,0.8891509433962264,0.13636363636363646,-0.021793635486981655,0.029197080291970767,0.007936507936507908,-0.9991612453404655
1996-08-03,-0.021089158630255067,-0.05472465123420178,-0.05830711255022303,-0.280206400638382,0.01506278322854393,-0.07773745580753344,-0.2991968227513696,-0.2991968227513696,-0.30000000000000004,-0.22413793103448265,0.5761470093682441,0.3648725906566481,-0.2577118490292143,-1.1573363799575649,-0.027271698540228595,0.008998875140607376,-0.012676056338028152,-0.008379888268156499,0.014285714285714235,-0.018404907975460016,-0.03662089055347495,0.1200000000000001,0.036869085173501626,-0.007092198581560294,0.0,0.31329718765846226
1996-11-02,0.10340591197219418,0.16757063243889148,0.2064857055634144,0.6654453619420237,0.010515890851717336,0.1165776087310102,-0.2000708394474523,-0.2000708394474523,-0.19999999999999984,-0.22413793103448265,-1.1353958698468338,-0.07512790593304008,1.9966693149178023,0.8418049792531119,-0.05163738948348073,-0.08361204013377921,-0.12410841654778881,-0.12112676056338023,0.010563380281690238,-0.09375000000000011,-0.08941684665226779,0.1428571428571428,-0.08423654687202897,-0.125,0.0,-0.2989396774480977
1997-02-01,-0.0654290504023306,-0.12719195076979106,-0.16515274629716747,-0.3322910634436398,0.04186432801277307,0.2945392756007372,2.5130621797710164,2.5130621797710164,2.3928571428571423,-0.22413793103448265,-22.4930211616389,-0.09803096963423052,-2.1055685282811085,-0.683751056040552,-0.01721943664995318,-0.060827250608272654,0.4885993485342017,0.5000000000000002,0.0535714285714286,-0.07586206896551717,0.054079696394687016,0.125,0.11482558139534893,0.5632653061224488,-0.03937007874015752,0.3071513302830029
1997-05-03,0.06992256102405547,0.08790474368949774,0.1530239721875497,0.2910714325629844,-0.0017212711128973268,-0.21783812047100748,-0.4755122618747524,-0.4755122618747524,-0.4526315789473684,-0.22413793103448265,-0.2165922993128876,0.9477793053978121,-1.1981793362970614,-8.25912733748887,0.1271881923424969,-0.02040155440414504,-0.008752735229759279,-0.010683760683760646,0.003720545680033105,-0.0671641791044777,-0.3456345634563457,0.11111111111111116,-0.06686533805177886,-0.0026109660574413773,-0.008196721311475419,-0.15735398975821613
1997-08-02,-0.012272063529887745,-0.04629560261698018,-0.024510054372172796,-0.09884511604674939,-8.589858584384658e-05,-0.04104150608706669,-0.23886848158192864,-0.23886848158192864,-0.23076923076923073,-0.22413793103448265,-0.6828133460795389,-0.1401959219749328,3.356727323497929,-0.8799067713444554,0.013550923234504353,0.13520661157024794,0.00772626931567344,-0.002159827213822907,0.009884678747940523,0.1279999999999999,0.12448418156808816,0.09999999999999987,0.012375249500997887,0.002617801047120505,0.0,0.058309934997500035
1997-11-01,0.11596254404272988,0.19058370565055172,0.21799961439374038,0.5536634591646277,0.01683941262441624,0.09563073924819987,0.00011275991159620524,0.00011275991159620524,0.0,-0.22413793103448265,-2.5614896621493455,-0.1764978833674803,0.9412795231431532,-8.881511746680285,-0.10537384772960057,0.14676761793826443,0.03723986856516981,0.025974025974025983,0.012234910277324706,0.14184397163120588,0.12048929663608554,0.09090909090909083,-0.0889195583596214,0.036553524804177506,-0.016528925619834767,-0.23369071415591502
1998-01-31,-0.0628934359017157,-0.12084358703072473,-0.1325224354979434,-0.32058992468586134,0.018128379106006953,0.3008696591584292,1.5115114889395,1.5115114889395,1.4749999999999996,-0.22413793103448265,-2.680690530180326,-0.20994824761392894,-1.3139675010592695,2.068429237947123,-0.3614159886427819,-0.061198577958354594,-0.007391763463569179,-0.02320675105485226,0.050765511684125686,-0.07453416149068326,-0.11080786026200884,0.08333333333333348,0.08656135035706547,-0.017632241813602012,0.0,0.2940004742708089
1998-05-02,0.043675730040539484,0.07809658055200419,0.09787065597330957,0.1452918960731675,-0.0100554214516132,-0.18778178952826896,-0.43373018010738207,-0.43373018010738207,-0.41414141414141414,-0.22413793103448265,0.8050578626554983,-0.3797537799820053,1.2534307797465694,-2.6751985132623757,0.9481031721368298,0.008385177170678881,0.01276595744680864,0.0,-0.038726993865030646,-0.04026845637583898,-0.00920810313075493,0.0769230769230771,-0.05158334993029268,-0.007692307692307776,0.008403361344537785,-0.05867907931388372
1998-08-01,-0.03556242851574043,-0.0813932946496112,-0.08151527366433142,-0.11681011740924141,0.014964188620151253,-0.1056416060719908,-0.23979705089583003,-0.23979705089583003,-0.22413793103448265,-0.22413793103448265,-0.13944403908099157,0.7120011321822814,-0.1201798186258497,-1.4154102163279714,-0.20217191238726306,0.037017167381974136,0.004201680672268893,0.0,0.05345033905065821,0.0769230769230771,0.010532837670383932,0.0714285714285714,0.05249895002099958,0.0051679586563306845,-0.008333333333333304,0.04010434918039185
1998-10-31,0.586457920629365,0.3911756900033545,1.195279618955476,1.3783497586140507,-0.0193279762265538,0.34349858823904755,-2.047115504943061,-2.047115504943061,-2.0444444444444443,-2.0444444444444443,-0.3157034877108085,22.34550921716128,-19.722423578083838,-0.4532046613255645,-0.13855949799289435,-0.17796171753750634,-0.35564853556485354,-0.4276457883369331,-0.019310867095797102,-0.22077922077922085,-0.1949724095646841,0.06666666666666665,-0.3818834796488427,-0.390745501285347,-0.05882352941176461,-0.4150788005839853
1999-01-30,-0.0842010449495858,-0.16773770736282378,-0.13413370239492484,-0.586234471999761,0.027018157280206623,0.2807219515766841,-2.4828801912160143,-2.4828801912160143,-2.4680851063829787,-2.4680851063829787,-0.3036612822798773,-0.9886198509705504,-1.023638308943028,-2.8194028194028196,0.29264417068380655,-0.04027690371302706,-0.21590909090909094,-0.2867924528301886,0.025868725868726017,-0.01666666666666672,0.4988575780654987,0.0625,0.12136862491930267,-0.27004219409282704,-0.0267857142857143,1.011456
1999-05-01,0.04633754400304535,0.11491774613980055,0.05926870447112709,0.29113495861225336,0.022054377900294186,-0.1784602595411945,-0.10078175370728559,-0.10078175370728559,-0.08695652173913038,-0.08695652173913038,1.050278844693271,-0.3951227101240714,0.26905560882070945,5.703678848148374,1.5176585958757474,-0.14327868852459025,0.01656314699792949,-0.05820105820105825,0.022205494919081747,-0.1694915254237288,0.061991869918699205,0.0588235294117645,-0.023028209556707036,-0.023121387283237094,-0.03669724770642202,-0.13649813866174543
1999-07-31,-0.03841786938962222,-0.09064552614104959,-0.06546329748772928,-0.2605530481233439,0.014219455338665865,-0.10805891463828643,-0.4591679737097617,-0.4591679737097617,-0.46031746031746024,-0.46031746031746024,-0.4647820242795,3.231867283950617,0.24435735196902453,-1.3980251183108847,-0.23993175372090347,0.241484883275928,-0.09368635437881878,-0.1573033707865169,-0.06038291605301915,0.2142857142857142,0.19377990430622005,0.05555555555555558,0.05450795521508556,-0.12426035502958566,-0.02857142857142858,0.22981686871292228
1999-10-30,0.06099675914419045,0.14844109989780052,0.09854174684828276,0.4694579332574278,-0.006334438527292319,0.09556835404668074,-0.039164779318345055,-0.039164779318345055,-0.02941176470588236,-0.02941176470588236,-0.24097767406909376,0.483544534597502,-0.06368661379476093,1.1697953584085972,-0.6849421852669871,-0.23119605425400735,0.6426966292134833,0.6800000000000002,0.09326018808777436,-0.17647058823529405,-0.15991983967935863,0.05263157894736836,-0.06342553785973737,0.6486486486486487,0.009803921568627416,-0.21848034515819748
2000-01-29,-0.09295099724707756,-0.14464825081007615,-0.12363574575325997,-0.47176296018251873,-0.032114630583006565,0.23896803548821555,-0.2586524088766241,-0.2586524088766241,-0.33333333333333337,-0.33333333333333337,3.499309590183154,-0.30272025236076117,0.651383335134551,-2.634115241949081,3.5526002290950744,-0.2205292702485966,-0.22845417236662102,-0.2222222222222222,0.0849462365591398,-0.2857142857142857,-0.5338740458015268,0.04999999999999982,0.0674224343675418,-0.22540983606557385,0.009708737864077666,0.6192685170986045
2000-04-29,0.039727695825972686,0.0965664590467985,0.06953063395583792,0.4589955020639185,-0.013773133194532439,-0.19118103398389874,0.7915858860023264,0.7915858860023264,1.1818181818181817,1.1818181818181817,-0.45938551335576183,-0.24438536449229598,-0.282357945714239,-0.6933275725312922,0.23931038994368992,-0.14917695473251036,-0.11879432624113473,-0.11734693877551017,-0.013875123885034646,-0.2142857142857142,0.1136131013306041,0.04761904761904767,-0.05142537730575747,-0.12169312169312174,0.0,-0.24840779411416525
2000-07-29,-0.04472306789350278,-0.09263274363390439,-0.06541950398964214,-0.15534226861133404,-0.004431571573943471,-0.11486442037917444,-0.7005302456444108,-0.7005302456444108,-0.6875,-0.6875,-0.059220779220779174,-0.010088836187625128,-0.00880012767024596,-0.20537892169232064,0.1534410440276599,-0.16142684401451024,-0.1428571428571429,-0.1502890173410405,0.012730318257956341,-0.1636363636363637,-0.06985294117647067,0.045454545454545414,0.042133176193282385,-0.1506024096385542,0.009615384615384581,0.07424791305717426
2000-10-28,0.03559007148632576,0.08899516727544188,0.06285124661995667,0.41588008052559866,-0.014230419107252534,0.07339899954593854,-0.5691985256919853,-0.5691985256919853,-0.5333333333333332,-0.5333333333333332,-0.2424473577848998,0.054257324640641036,1.567207949030522,-4.80637222472148,-0.506357677441158,-0.10310021629416,-0.227699530516432,-0.22448979591836726,0.03076414158121077,-0.10869565217391308,0.04150197628458496,0.04347826086956519,-0.04806333050607858,-0.23404255319148926,0.0,-0.2308662248548472
2001-02-03,-0.11605071998440175,-0.23365199940157455,-0.15420979460547624,-0.3801523641184269,-0.040861022920614,0.3453299802290839,-13.053850025163563,-13.053850025163563,-12.714285714285712,-12.714285714285712,1.2677622729697844,0.294000409782629,-0.20009049003489687,-1.3737025424259066,0.38332846028225664,0.04662379421221874,-1.0638297872340425,-1.0614035087719298,-0.007381258023106518,0.024390243902439046,0.3425047438330173,0.04166666666666674,0.084942084942085,0.0,0.03809523809523818,0.23634145411567342
2001-05-05,0.06253100123914668,0.16249540969444398,0.0968265817031182,0.548266961105148,0.0029401251796701278,-0.2786097891926087,-1.403504376991914,-1.403504376991914,-1.4146341463414633,-1.4146341463414633,-0.3996659895886834,-0.17577118509881817,-0.6763719247548484,0.2301638978289584,0.34088565831529016,0.44930875576036877,3.0476190476190483,3.2857142857142856,0.015195602974458433,0.45238095238095233,0.0,0.040000000000000036,-0.05611825896523415,0.0,0.0,-0.24916738620944856
2001-08-04,-0.06783446580549368,-0.15600799294626122,-0.0982372683455518,-0.25180478885130775,-0.010062360855823904,-0.047911560066635106,-1.6417066188390301,-1.6417066188390301,-1.6470588235294117,-1.6470588235294117,-0.9190939047209021,0.4461578763534755,1.4005848965183083,-4.1285293005671075,-0.7953480325253264,-0.10492845786963434,1.4588235294117644,1.4666666666666668,-0.0066878980891719175,-0.11475409836065564,0.0,0.03846153846153855,0.06206496519721583,0.0,0.01834862385321112,0.12805979957286007
2001-11-03,0.07279425685672569,0.19411139843711078,0.12445896497416342,0.5871209398456632,-0.016635695278305884,0.02408188135014755,1.156194571351787,1.156194571351787,1.1818181818181817,1.1818181818181817,3.426320098239869,-0.2536621300131632,-0.8904883762840151,-0.9414474511055039,-0.22755537186977515,-0.06216696269982247,0.861244019138756,0.8513513513513513,-0.016672010259698555,-0.05555555555555558,0.0,0.03703703703703698,-0.0835608956854178,0.0,0.009009009009008917,-0.24765164203014645
2002-02-02,-0.07517945905018475,-0.15499465587433503,-0.13300026760696404,-0.42421428013058415,0.039266997354703514,0.35337303780897944,-3.530810649117559,-3.530810649117559,-3.5208333333333335,-3.5208333333333335,4.471940938025,0.11203520921653021,10.483478146392839,-10.23322050689342,2.7200252930590008,-0.017676767676767624,-1.7043701799485862,-1.7080291970802919,0.03325725464623419,0.0,0.0,0.03571428571428559,0.12395709177592362,-0.18518518518518523,-0.008928571428571397,0.46757646147890064
2002-05-04,0.04189745254792565,0.11717101733516677,0.054199777493428414,0.22537715325659358,0.021583370090732412,-0.24589368835007586,-0.4276146011859031,-0.4276146011859031,-0.4297520661157025,-0.4380165289256198,-0.7386803746215056,-0.27058173034950384,-1.7538189926457521,0.5571431126052824,1.13855910041841,0.24742930591259626,0.3941605839416058,0.42268041237113385,0.019880088355948233,0.196078431372549,0.6141342756183745,0.034482758620689724,-0.019618239660657344,0.40909090909090895,0.0,-0.08830706324605941
2002-08-03,-0.10624850341848047,-0.0633694930714066,-0.05578544556213971,-0.23948570086973953,-0.19223548142142854,-0.04861793970209516,-0.8852904735682819,-0.8852904735682819,-0.8840579710144927,-0.8823529411764706,-0.23595796281325787,0.14442449630959509,-2.6887209240432215,-2.1976067158951276,-0.6376003472795417,0.34415249871200415,0.3010471204188483,0.2753623188405798,-0.19523514851485146,0.32786885245901654,-0.04028021015761818,0.03333333333333344,-0.09626825310978915,0.25,0.018018018018017834,0.23158998842592582
2002-11-02,0.1145810042212807,0.2530246648853647,0.17400309586299412,0.8879897327390347,-0.00377573050893798,-0.013050777347995757,-1.7653765376537653,-1.7653765376537653,-1.75,-1.75,-2.447040234749732,0.49970367788042536,-1.7800632198917516,-0.9262974185877029,-0.1296711824945591,-0.16481410502108085,0.32595573440643855,0.2897727272727273,-0.003844675124952013,0.03703703703703698,-0.3330291970802921,0.032258064516129004,-0.10592459605026927,0.29032258064516125,0.008849557522123908,-0.3363190508355114
2003-02-01,-0.09080060888107278,-0.15174039158810737,-0.14318669335143397,-0.45712275260978363,0.032162009879451725,0.33085746133481964,88.78459427675422,88.78459427675422,89.16666666666667,89.16666666666667,-3.8843641539601452,-1.332004463144192,-2.646509426338332,-3.548920114493885,0.37976622017174866,-0.21248279027076633,-3.576631259484067,-3.511013215859031,0.03087610961018905,-0.2142857142857142,-0.38577291381668943,0.03125,0.1352074966532797,0.0,-0.00877192982456143,0.5625470153546617
2003-05-03,0.046693255713209814,0.11880484983472561,0.06936611800887449,0.3758281526203635,0.002515683271236302,-0.2403711057162995,-1.053154354797514,-1.053154354797514,-1.0536044362292052,-1.0536044362292052,-0.5248314207973501,-1.2418694206196395,-0.9025094833086755,1.7018528916339135,0.7436567478715332,-0.19638694638694643,0.14016489988221426,0.0982456140350878,0.016847622613253455,-0.21212121212121215,0.0,0.030303030303030276,-0.04245283018867929,0.0,0.0,-0.1868203443588582
2003-08-02,-0.06887906425805634,-0.11693678722152745,-0.08982226950453831,-0.24783989741050072,-0.025350545312287975,-0.05095398837098397,-3.067682451024683,-3.067682451024683,-3.0689655172413794,-3.0689655172413794,-0.3267866923695236,7.210594876248372,3.879279344073648,-1.923533968110028,-0.39388042865200223,0.010152284263959421,0.13068181818181834,0.1357827476038338,-0.022091310751104598,-0.019230769230769273,0.0,0.02941176470588225,0.046798029556650356,0.0,-0.008849557522123686,0.17405537175692154
2003-11-01,0.07821128589762316,0.16520603464192551,0.12291706499369703,0.7431934227795776,-0.008559228223033566,0.024977853423062024,-0.6854765026019942,-0.6854765026019942,-0.6833333333333333,-0.6833333333333333,-0.8090890840122146,0.2979709838348581,-1.11408208839722,-0.5900234225572523,-0.26641896697263556,0.10911701363962667,0.02192782092279577,0.035161744022503605,-0.00865963855421692,0.13725490196078427,0.0,0.028571428571428692,-0.08029411764705896,0.0,0.008928571428571175,-0.3315634918280783
2004-01-31,-0.08611604482824486,-0.16090837620565834,-0.13434942543324524,-0.16448347992483348,0.019915993932743126,0.30296109230800616,-4.231828228607515,-4.231828228607515,-4.2105263157894735,-4.2105263157894735,8.89683418197919,-0.6766263751188375,-7.751146714904063,-2.260010478257615,0.4576054653522761,0.04595469255663431,-1.0187751452838623,-1.0190217391304348,0.01747056589441698,0.051724137931034475,0.0,0.0277777777777779,0.11576590981771662,-0.9400000000000001,0.0,0.0042600399378744935
2004-05-01,0.015454453426613224,0.04360068538749484,0.011591039770004752,0.04319254659314842,0.022662852795386268,-0.19340955018890382,0.050531499140221925,0.050531499140221925,0.049180327868852514,0.049180327868852514,0.8870179402290623,0.7955060898782025,2.717552942077109,-2.857439857439857,-0.5831307926128064,0.10581683168316847,3.1428571428571432,3.2142857142857144,0.022396416573348343,0.09836065573770503,17.090200445434295,0.027027027027026973,0.0071653768988249045,3.250000000000001,0.026548672566371723,0.0003976845919315686
2004-07-31,-0.0430366178984074,-0.08889801573493616,-0.061407059192431945,-0.1217229781115744,-0.009131933091936495,-0.0986925654997991,-1.4841523752836576,-1.4841523752836576,-1.484375,-1.484375,-1.1285277791772492,0.38511379850763716,-1.3045345029962316,-1.1676153928152648,0.23446609904119997,0.09960828203693328,0.6149425287356323,0.6271186440677965,-0.014968966776195747,0.07462686567164178,-0.7370267774699908,0.026315789473684292,0.035571997723392146,0.6274509803921569,0.0,0.037367491166077516
2004-10-30,0.06896676260565604,0.15107829340182244,0.12341560148540398,0.7286215045840383,-0.026222989592854407,0.016463640823750403,-0.28203158016059016,-0.28203158016059016,-0.25806451612903225,-0.25806451612903225,-2.286910004842168,0.4302119395423456,-0.9782347770226866,-2.6727931823963367,-0.31771896553806755,0.06310432569974567,-0.0462633451957295,-0.03125,-0.003706449221645758,0.06944444444444442,-0.34808052434456926,0.025641025641025772,-0.089035449299258,-0.03614457831325302,0.008620689655172376,-0.3341139402197053
2005-01-29,-0.1453651415446785,-0.30696778860666896,-0.24377156936843658,-0.5060505946628495,0.05310993318562196,0.3561151735508392,-6.812339469178082,-6.812339469178082,-6.739130434782608,-6.739130434782608,2.65851429800043,-8.094910851340181,-142.08466019417475,-17.795194464509752,7.821046668082998,0.14121589277166113,0.9328358208955223,1.0215053763440864,0.03943452380952395,0.1558441558441559,0.20574506283662464,0.02499999999999991,0.23197586726998476,0.95,0.025641025641025772,0.4030308843276422
2005-04-30,0.05448855072079262,0.12446440818821602,0.08154037976954354,0.2885241855165308,0.015309091894556648,-0.21741438430487436,-0.6497914767862568,-0.6497914767862568,-0.6515151515151515,-0.6515151515151515,-0.6414988074773862,-1.1600667700726284,-0.9457104871274701,-1.0966579440606297,-0.08570029382957889,0.07802013422818788,-0.14092664092664098,-0.11702127659574468,0.014674302075876833,0.03370786516853941,-0.46098868374032154,0.024390243902439046,-0.03697355533790403,-0.1282051282051282,0.016666666666666607,-0.12729012852064525
2005-07-30,-0.07046745200990323,-0.16384736572921765,-0.10654247339156886,-0.1530396314842205,-0.014811340659564132,-0.061631204454356325,-1.3243690851735015,-1.3243690851735015,-1.326086956521739,-1.326086956521739,-1.9911341220185241,-0.0586302623233762,4.833899508188409,5.514168618266979,-0.6105942732708738,-0.05642023346303504,0.12808988764044948,0.16265060240963858,-0.005996472663139407,-0.0652173913043479,0.08066298342541423,0.023809523809523725,0.059750826341215424,0.13235294117647078,0.024590163934426146,-0.012794401796438426
2005-10-29,0.06910648238271366,0.18794979583981597,0.144092049836251,0.41000865263484565,-0.03580872711665928,0.020821832307057697,-0.7828835399951374,-0.7828835399951374,-0.8,-0.8,-2.69677339324356,0.042898166556218253,0.15204846082981338,-0.626557135410113,-0.5855642556357917,-0.12082474226804119,0.1334661354581672,0.17616580310880825,0.0074520936834634455,-0.11627906976744184,-0.22137014314928416,0.023255813953488413,-0.09812859884836855,0.13636363636363646,0.040000000000000036,-0.15747989843419385
2006-01-28,-0.07501166940964854,-0.1605229986934401,-0.14665154320556484,-0.28661945166182023,0.04392433743967605,0.3538300486478536,-37.75363941769317,-37.75363941769317,-42.333333333333336,-42.333333333333336,0.993298458239241,-0.8256269592476488,-0.9803857962989506,-3.1787918170878458,3.078456976522756,0.10131332082551592,-0.07908611599297011,-0.07048458149779735,0.03980274744628387,0.09210526315789469,-0.03676953381483916,0.022727272727272707,0.12849162011173187,-0.08000000000000007,0.007692307692307665,0.17674389401645008
2006-04-29,0.04472532585669642,0.11700463013124063,0.059595866738782366,0.16812126980142783,0.024544325435871484,-0.21415802186973953,-0.37723815037120545,-0.37723815037120545,-0.3790322580645161,-0.3790322580645161,-0.6796488811550734,3.297479501973884,1.3134615384615387,-0.9918832459946448,0.0061266008537885774,0.08645655877342429,0.1870229007633586,0.2037914691943128,0.025067750677506773,0.03614457831325302,0.14383094751192926,0.022222222222222143,-0.019094766619519032,0.18633540372670798,0.01526717557251911,-0.04375200085369757
2006-07-29,-0.05331954580982756,-0.13851991698912824,-0.09735545032990389,-0.21994444498329846,0.008486698015169436,-0.08147379374376174,-0.7435215838483993,-0.7435215838483993,-0.7402597402597402,-0.7402597402597402,-1.1002925836407582,-0.24619124339297327,14.811138819617623,-86.09853021230266,-0.5181899846524594,0.12622500980007834,0.18327974276527326,0.20078740157480324,0.004626569729015095,0.10465116279069764,-0.06436233611442199,0.021739130434782483,0.065128574861812,0.19371727748691114,0.007518796992481258,0.10439683071085826
2006-10-28,0.0875376556741514,0.2267907374126359,0.15271016224436385,0.5281878674666645,0.005665458812846413,0.020005249570880235,-0.13467285559865205,-0.13467285559865205,-0.15000000000000002,-0.15000000000000002,-6.004058853373922,0.6206081967827815,-0.9650487886944819,-0.6781597431009556,-0.34614140941582794,0.10650887573964485,0.0720108695652173,0.09508196721311468,-0.001315789473684159,0.10526315789473695,-0.07133757961783438,0.02127659574468077,-0.07536101083032487,0.09210526315789469,0.0,-0.19724144899712026
2007-02-03,-0.08863689409393516,-0.19333839635588423,-0.19442995249782624,-0.38843355395953627,0.06369673196164527,0.38790987737006977,10.388860313028143,10.388860313028143,10.411764705882351,10.176470588235293,5.347054648687012,-0.35436140675613137,27.772563176895307,-2.9668269995229766,1.041204137248919,0.019502988361119744,0.26615969581749055,0.3053892215568863,0.06324110671936767,0.01904761904761898,-0.06584362139917699,0.02083333333333326,0.1673987310883358,0.2931726907630523,0.00746268656716409,0.3190257410787338
2007-05-05,0.042338270141632384,0.08538483850836442,0.06543351404541986,0.29849710627715265,0.017152998141056308,-0.26215117631991747,-0.7230548870579583,-0.7230548870579583,-0.7216494845360825,-0.7210526315789474,-0.8520470918994905,0.666487484097547,-0.998724383103304,-1.566712141882674,-0.2890759508026022,0.041653810552298776,-0.09609609609609604,-0.07110091743119262,0.014560099132589821,-0.01869158878504673,-0.184287812041116,0.020408163265306145,-0.024247491638796026,-0.0652173913043479,0.0,-0.1641377994083405
2007-08-04,-0.03965722077118938,-0.12359602123722446,-0.06561334072384917,-0.15807062054050303,-0.010008638227023803,-0.06490299803625055,-1.586292051067002,-1.586292051067002,-1.574074074074074,-1.5849056603773586,-1.0255074497948606,0.22173001451534868,-563.155737704918,-0.17992474901478273,-0.33345901461044847,-0.02962085308056872,-0.19490586932447407,-0.1777777777777777,-0.006412213740458084,-0.04761904761904767,0.05310531053105305,0.020000000000000018,0.03084832904884327,-0.17607973421926904,-0.007407407407407418,0.040986413974198
2007-11-03,0.10550068588625994,0.28651672703677233,0.24806342873969678,0.6425000748906597,-0.048196327741631406,-0.0091535929217067,-0.549352300723198,-0.549352300723198,-0.5161290322580645,-0.5161290322580645,-21.93968253968254,-0.19202302269707028,-0.22528906580347896,-0.5892930918263063,-0.20546961686573983,-0.29670329670329665,-0.13755158184319116,-0.1351351351351352,0.013829133374308578,-0.29000000000000004,-0.14017094017094012,0.019607843137254832,-0.13902743142144636,-0.125,-0.007462686567164201,-0.216769028295679
2008-02-02,-0.10801571712516633,-0.22382301842613705,-0.1943151651229703,-0.32508928174503204,0.013983399477301317,0.3238827433831484,-5.17458777885548,-5.17458777885548,-5.2,-5.2,9.034263189812007,-0.6345961136284419,-3.806914853572235,-1.8404277848369335,0.21733891946657913,-0.20442708333333337,-0.6650717703349283,-0.6666666666666667,0.013943619278569352,-0.21126760563380276,-0.07554671968190851,0.019230769230769162,0.1368573497465606,-0.6543778801843319,-0.03007518796992481,0.15010852061891766
2008-05-03,0.040960793566434894,0.11873042605650452,0.07676119628132683,0.1822821047653631,0.0007473814799743295,-0.22517268311901995,-0.9431184521797905,-0.9431184521797905,-0.9365079365079365,-0.9365079365079365,-0.8160084207133432,0.39377589650341305,-1.0359065825382032,-1.3067279828650624,-0.05476201187691199,0.03000545553737055,-0.7428571428571429,-0.75,-0.0008968609865470656,0.0,1.8999999999999995,0.018867924528301883,-0.0386411889596604,-0.7466666666666666,-0.007751937984496138,-0.053752967675168906
2008-08-02,-0.052384986061179695,-0.11800154493665627,-0.07663198382790282,-0.17143218361412638,-0.023080377902932825,-0.040423048138108375,-15.236910508726327,-15.236910508726327,-13.75,-13.75,1.001833958339036,-0.7379857561434652,-7.81531279178338,-6.008420620250565,0.29016098901752674,-0.2298728813559322,-0.9814814814814815,-0.9583333333333334,0.0011968880909634105,-0.2142857142857143,1.5672969966629586,0.0185185185185186,0.030918727915194344,-0.9473684210526315,0.0,0.06446217189912518
2008-11-01,0.1020149112433677,0.3059416376247621,0.21218361468937452,0.5166627299325697,-0.02383478713709153,-0.06194276360022222,0.4624413145539905,0.4624413145539905,0.4901960784313726,0.4901960784313726,-1.9377709105328647,1.7637743857644272,-2.9456104778605874,-2.2890182891823176,-0.28990399247433807,-0.38101788170563955,-180.99999999999997,-81.99999999999999,-0.02390914524805754,-0.38636363636363635,11.998266897746968,0.0181818181818183,-0.11418166238217653,0.0,-0.0078125,-0.13894596881421495
2009-01-31,-0.18215572639056188,-0.32706459003823163,-0.26701804653633543,-0.4806803649074942,-0.06177584131609748,0.35187338801111245,1.6635990725878367,1.6635990725878367,1.6973684210526314,1.6973684210526314,-5.504403487795631,-0.2520747807082312,-4.71469010097596,-1.6307819558439904,0.25752321579323323,-0.5388888888888889,4.566666666666667,4.567901234567902,-0.06154317207593385,-0.5185185185185186,0.0,0.01785714285714257,0.14703748488512702,0.0,0.007874015748031482,0.2957815680494138
2009-05-02,0.03945515276102629,0.14505781811822116,0.07250246419550987,0.21201862827185014,0.0028314857304048147,-0.27713768357613966,-1.0513096927980288,-1.0513096927980288,-1.048780487804878,-1.048780487804878,-0.8626801026799732,-0.8322934765439899,-0.8776732671390497,-0.7020375226951785,0.061018559639755,0.3204819277108433,0.0059880239520957446,0.008869179600886845,-0.001957585644371873,0.3846153846153846,0.0,0.01754385964912286,-0.035209782837866355,0.0,0.0,-0.05525161150533564
2009-08-01,-0.06795798659339825,-0.1456975963947993,-0.1144949381503908,-0.2696827373464731,-0.012801834250355193,-0.0312775210839491,-4.478663708730262,-4.478663708730262,-4.6,-4.6,2.315669126140355,2.4657405227219216,2.463831897353251,1.3986120514556535,0.13794278260700277,0.697080291970803,-0.025793650793650813,-0.01758241758241763,-0.013403072899640378,0.6666666666666667,0.0,0.01724137931034475,0.05922202797202791,0.0,0.0,0.16977237543718826
2009-10-31,0.05529063699134085,0.18127521549647363,0.10502899639549912,0.3364835088743203,0.0024127373867501856,-0.04793485790088181,-1.3005214390216453,-1.3005214390216453,-1.3055555555555556,-1.3055555555555556,-0.44327214298917916,0.5803383382023235,-0.12431552199277052,-4.022016794862748,-0.3663324836187576,0.37526881720430083,-0.2718940936863544,-0.250559284116331,0.002650762094102088,0.3999999999999999,0.0,0.016949152542372836,-0.050134103569218214,0.0,0.03125,-0.11611606705224986
2010-01-30,-0.05064645644835486,-0.10240793869694065,-0.12065118954539955,-0.2885124414242297,0.031395732969973666,0.3491754399774596,8.925602296841843,8.925602296841843,8.818181818181818,8.818181818181818,2.736955022603632,-0.087485490735566,-0.961336466741596,-7.249060128429655,3.6126732994046735,0.2799061767005475,-1.425174825174825,-1.4298507462686567,0.030072703238598786,0.2857142857142858,0.0,0.016666666666666607,0.08644656820156382,111.0,-0.030303030303030276,0.2615759995563689
2010-05-01,0.008839146678036425,0.06061802919528625,0.04216401184246199,0.14043551419855338,-0.02445854200094355,-0.207407294315738,-0.3858440023140579,-0.3858440023140579,-0.37037037037037035,-0.37037037037037035,-0.7256122149091331,-0.608310562517667,27.64059196617336,-1.1360045737175655,-0.10651959507511133,0.40989615149663994,0.6019736842105263,0.6319444444444444,0.05197305101058691,0.37037037037037024,-0.9724222222222222,0.016393442622950838,-0.032986805277888775,0.6160714285714288,0.015625,-0.06997802197802183
2010-07-31,-0.05021752542423219,-0.11263366426274879,-0.06722057937852577,-0.15533967298351237,-0.03206809660157628,-0.044500672814179465,-0.8601793832166114,-0.8601793832166114,-0.8529411764705882,-0.8529411764705882,-0.3974941775746329,4.432282896319461,-0.13453163061932527,1.4887490727257742,-0.2967054923746135,0.07842287694974015,0.3121149897330595,0.3148936170212766,0.00396462336078085,0.027027027027026973,-0.33601933924254634,0.016129032258064502,0.01902005375232574,0.30939226519337004,0.0,0.05057188770205112
2010-10-30,0.0676104747059143,0.21045305393418245,0.15974572086936045,0.5258428907751787,-0.027165002732495336,-0.03224974980380302,1.1061804335090804,1.1061804335090804,1.1999999999999997,1.1999999999999997,-0.37488889348244003,-0.6860774067841644,-0.3213250031984306,-0.47458132320634117,-0.22166333664007298,-0.054640417838489275,0.05790297339593109,0.05177993527508096,0.034629404617253945,-0.06578947368421062,-0.2754854368932039,0.015873015873015817,-0.08865895719212824,0.04641350210970474,0.007692307692307665,-0.20672125247435658
2011-01-29,-0.07171444694085916,-0.14609486987415143,-0.11869655707552151,-0.2646224078137165,-0.014100677276625118,0.4391124886356703,6.619567484875878,6.619567484875878,7.181818181818182,7.181818181818182,10.706325849012929,0.5488080124135986,1.4487487629011735,-4.701559020044543,1.0541709799603876,0.48363790905227355,0.2322485207100593,0.21846153846153848,0.021432765707574797,0.43661971830985924,0.40536013400335014,0.015625,0.062110418521816646,0.18145161290322576,0.03053435114503822,0.16117506947201266
2011-04-30,-0.008524596460216638,0.008252415204891506,0.06320105480085658,0.18949798607334833,-0.08714968946480606,-0.24046430378987738,-0.3002454894731559,-0.3002454894731559,-0.26111111111111107,-0.27222222222222225,-0.8328131046775382,-0.3412723712373059,0.5444316140620991,-2.112691006516359,-0.5710170088933295,0.23804067602406187,0.20288115246098437,0.1742424242424241,0.007760850819201082,0.21568627450980382,-0.07985697258641244,0.01538461538461533,-0.07943827289876348,0.15358361774744012,0.022222222222222143,-0.15238095238095228
2011-07-30,-0.03678683144879791,-0.06691080443667174,-0.07632888777412972,-0.16823990492806395,0.013698097973450007,-0.01868434343090586,-0.7709221800539927,-0.7709221800539927,-0.7593984962406015,-0.7557251908396947,0.1124928192477952,0.32450743173176644,-0.9400779244514966,-1.164565744165285,0.21905259869895288,0.23021749190189733,0.08383233532934131,0.06666666666666665,0.07016543069024528,0.22580645161290325,0.0038860103626943143,0.01893939393939381,0.05236794171220405,0.04437869822485219,0.021739130434782705,0.12186689714779586
2011-10-29,0.12921913429078513,0.23107521200334258,0.1944419960630026,0.5796175013558176,0.05334197154155773,-0.04101621158219859,11.990093936806149,11.990093936806149,12.6875,12.468749999999998,-0.8401828564485754,1.407954486142283,1.6016220712602247,-3.2673362472488297,-0.4074195794457597,-0.09196915553883767,1.0,0.9778225806451615,0.07915778251599148,-0.15131578947368418,-0.14645161290322573,0.01858736059479571,-0.06707053223712678,0.9660056657223799,0.0,-0.22064714946070862
2012-01-28,-0.08712776624769725,-0.192483439794515,-0.15990582791344432,-0.32999909934113336,0.008880227064780533,0.4248704625737372,-0.37986860731644245,-0.37986860731644245,-0.3378995433789954,-0.3410672853828306,33.74170863822104,-0.9248710278753197,5.507473821640777,-2.6117825599518745,1.1081563783687245,0.023612261806130963,0.0782688766114179,0.07849133537206932,0.024944430723635502,-0.054263565891472965,-0.5170068027210885,0.018248175182481674,0.10505565862708699,0.06772334293948123,0.014184397163120588,0.2052194543297745
2012-04-28,0.04874368836848442,0.14775567951579704,0.061290491447208995,0.1737698250387194,0.034961177260054654,-0.21356082075365868,-0.3287230734437723,-0.3287230734437723,-0.33793103448275863,-0.3345070422535211,-0.7306742307576582,10.444316214656665,-0.8674088571522159,-0.7759502582938187,0.11777216950845393,0.1046135167948199,0.011528608027327136,0.02930056710775042,0.047469879518072355,0.08196721311475419,-0.026604068857589924,0.017921146953404854,-0.013011542497376682,0.02564102564102555,0.0,-0.022145669291338543
2012-07-28,-0.05637070048631165,-0.12281188626078043,-0.06365867789392021,-0.14292482334204837,-0.048161279993972905,-0.015579102818722323,-0.6733941863280797,-0.6733941863280797,-0.6666666666666666,-0.6666666666666666,-0.44791899412971503,-0.01197499117632228,2.190562949695828,-4.337447469049332,-0.3516444940862038,0.22018684740795003,0.016884761502743872,0.022956841138659367,-0.013342535081665496,0.15909090909090895,0.144694533762058,0.01760563380281699,0.008717839676801953,0.014473684210526416,0.006993006993007089,0.02343007325392832
2012-10-27,0.06990675969890137,0.21343309939352872,0.11159360442145827,0.2991306473091411,0.02371384883429295,-0.025463846281951974,0.5638579072915995,0.5638579072915995,0.609375,0.6031746031746033,0.23350319174377754,-0.4622489857365212,-0.1897406116918312,-0.5718871948452673,-0.23219284699107257,0.07476354901666427,-0.365296803652968,-0.35727109515260325,0.021217066915364846,0.0915032679738561,0.0393258426966292,0.01730103806228378,-0.04321247892074187,-0.3722438391699092,0.0277777777777779,-0.0659490766036499
2013-02-02,-0.11199427464382661,-0.23275185566490764,-0.1652175763960203,-0.32561882918055296,-0.04795512159480897,0.4739168900894477,2.3277610586634787,2.3277610586634787,2.3009708737864076,2.376237623762376,3.5163455228777662,-0.7258837485172005,2.55710975201873,-0.9805506240228941,-0.005881693030113655,0.15309400754295277,0.07390451275343368,0.07960893854748607,-0.04885844748858448,0.12574850299401197,0.7513513513513514,1.7176870748299322,0.07204230006609369,0.02892561983471076,0.04729729729729737,0.13770108218777422
2013-05-04,0.05246466558517904,0.18990402016112817,0.09967241886124545,0.2901738459372507,0.0026596622127474934,-0.2745033776119492,-0.2739852455665467,-0.2739852455665467,-0.2647058823529411,-0.2668621700879765,-0.5480038305319817,-2.773931106110438,-0.6130522823360322,-44.45776566757493,0.2571175237788168,-0.002059357964869779,0.08587088915956143,0.08150064683053038,0.02376380220835328,0.05319148936170226,-0.08410493827160503,0.006257822277847103,-0.047266748869708164,0.05823293172690769,0.02580645161290329,-0.07769036968481668
2013-08-03,-0.036069286297627845,-0.07096664081207094,-0.08273888819618991,-0.194177503983478,0.01793192822773948,-0.045668722603327994,-0.6886699087108609,-0.6886699087108609,-0.6839999999999999,-0.6839999999999999,-1.0376831923318575,-4.205210772833723,-0.9633943138820426,-2.323688005517587,-0.2707331461034381,0.05498907501820827,0.016264722378014573,0.02511961722488043,0.029073856975381007,0.030303030303030276,-0.03032855939342871,0.006218905472636926,0.05608283002588421,0.017077798861480087,0.0062893081761006275,0.1528598505964991
2013-11-02,0.08580771147542898,0.23538053446106733,0.23405234603231384,0.6280768319304655,-0.0687613820705596,-0.006507796697776125,0.39398755857608725,0.39398755857608725,0.4303797468354429,0.4303797468354429,-9.003489724699495,-0.2566444424148324,3.6533902323376006,-0.9345617317575728,-0.024293313403965344,-0.06512484179035782,0.03200883002207511,0.011668611435239118,-0.028708133971291794,-0.09313725490196079,-0.08427454387489142,0.007416563658838138,-0.14236111111111105,0.003731343283582156,0.006250000000000089,-0.2411992263056093
2014-02-01,-0.09174524626590419,-0.18521710451406204,-0.20438055226496654,-0.4005822349040583,0.06388386014942027,0.37941503392670506,1.3413934103955336,1.3413934103955336,1.3893805309734515,1.3893805309734515,6.963640327503512,0.212761600524225,7.812971265539026,-46.66123778501629,1.1368813754821034,0.10006153846153842,-0.11818181818181828,-0.11534025374855816,0.0638048322777387,0.1351351351351351,0.08349146110056926,0.007361963190184007,0.1712312455346512,-0.1003717472118959,-0.012422360248447228,0.35929135865409134
2014-05-03,0.059960170230666465,0.17020749857242334,0.09682629744741678,0.2732673699844921,0.021866311413981654,-0.23579154990558893,-0.06229114540477909,-0.06229114540477909,-0.05185185185185193,-0.05185185185185193,-0.5076607199890496,-0.38656625692286906,-0.6025748492609015,-0.4059463229815634,0.31605337066806105,0.022376370552696256,-0.024257125530624646,-0.019556714471968717,0.03858875413450935,-0.04285714285714304,0.12346760070052532,0.0073081607795368875,-0.03599023993493289,-0.018595041322314043,-0.0062893081761006275,-0.08091889357712145
2014-08-02,-0.05205278899726151,-0.10747366974361294,-0.11367385886566195,-0.24786831053140368,0.016291221112125776,-0.04762420359310837,-0.6915466096003868,-0.6915466096003868,-0.6875,-0.6875,-1.1731321705929234,1.5282135975777593,-0.9592418578265234,-2.024057000280198,-0.24592974259887657,0.18527029984679366,-0.013673088875077566,-0.003989361702127825,0.01974522292993619,0.14427860696517425,0.17537022603273567,0.007255139056832061,0.07213668002531093,-0.004210526315789442,0.006329113924050667,0.18664558253417662
2014-11-01,0.07049927434696746,0.17692358710101597,0.22901974462360886,0.6289127013621587,-0.08283242883740538,-0.009084611683085608,0.6032685999593601,0.6032685999593601,0.625,0.625,-3.7144131606180637,0.20239520958083834,57.62812276945039,0.8687947882736156,-0.6094819637021897,0.039516203489982527,0.0100819155639571,0.020026702269692942,-0.040599625234228665,0.01739130434782621,0.03846153846153855,0.007202881152461149,-0.1432225063938618,0.014799154334038,0.0,-0.27747925890899705
2015-01-31,-0.042918081609008674,-0.07461475398991235,-0.12551930906787423,-0.2708157624237313,0.06414587230903002,0.4538670067718644,1.3626224402962106,1.3626224402962106,1.4461538461538463,1.4461538461538463,4.280769331895985,-0.5635277073524085,-0.5998563393313692,-3.1742383043993585,3.3933363075483403,0.028954614086508457,0.03243917654398021,0.028795811518324665,0.06380208333333348,0.07264957264957261,0.005108556832694733,0.007151370679379987,0.111825487944891,0.018750000000000044,0.012578616352201255,0.2690980485483103
2015-05-02,0.07263353549615825,0.16865701991377025,0.09076432454699446,0.23726594700465253,0.05332174498704978,-0.25974923333009103,-0.16031113495286997,-0.16031113495286997,-0.16352201257861632,-0.16352201257861632,-0.7727758179876372,0.4409177661604846,-0.9593208993823592,-0.8272572478523397,0.13342348768550982,0.10384117393180836,-0.017522658610272024,-0.01653944020356246,0.07547939616483057,0.03984063745019917,0.03621346886912313,0.007100591715976323,-0.017967781908302394,-0.008179959100204415,-0.012422360248447228,-0.055459190848999085
2015-08-01,-0.1052160561310882,-0.2075066800607719,-0.124356302618438,-0.255943143018861,-0.08410435456366683,-0.0387835018575472,-0.726661251608546,-0.726661251608546,-0.7180451127819549,-0.7180451127819549,-1.32100402090432,0.28777102709551095,76.95923709798055,-6.2438277334323375,-0.6172889415281608,-0.09282139505786668,0.0012300123001229846,-0.010349288486416475,-0.047040971168436974,-0.15708812260536387,-0.1042305334150827,0.007050528789659394,0.023554153522607812,-0.020618556701030966,0.012578616352201255,0.06506849315068486
2015-10-31,0.09440873331066313,0.22978171351857601,0.24765720266273994,0.6328382564951995,-0.06719570689959631,-0.05028874599895283,0.5273455759599333,0.5273455759599333,0.5866666666666667,0.5866666666666667,-1.7275674937711185,-0.2015517742548577,-0.7091330355986434,-0.7344035966511496,-0.42839034584353963,-0.18670804241013716,-0.019656019656019708,-0.030065359477124187,-0.014928343949044631,-0.14545454545454561,-0.1813826146475016,0.008168028004667427,-0.14752414218204235,-0.025263157894736876,-0.006211180124223614,-0.2468428165338553
2016-01-30,-0.11747469171400482,-0.22408968273783036,-0.19223762802712885,-0.43551717608302953,-0.012024290718183117,0.4376367243460655,0.8386017838405038,0.8386017838405038,1.0,1.0,16.213257024909698,-0.5021423170629253,3.0636266182897662,-2.3696269343036507,1.0264608930176804,-0.1951245363010069,-0.12155388471177941,-0.1320754716981133,0.009900990099009688,-0.18617021276595735,-0.18394648829431448,0.00810185185185186,0.11930585683297168,-0.13822894168466526,0.012499999999999956,0.3745823536691002
2016-04-30,0.04139589329021831,0.12811623103596848,0.06922311526720515,0.19790579540371867,0.00930593965927784,-0.273271028213933,-0.07935318946554903,-0.07935318946554903,-0.08823529411764708,-0.08823529411764708,-0.9450147846348809,-0.011474856564292923,-0.7761304880721435,-1.5114783133350849,-0.2590785186499662,0.012773242033184085,-0.08202567760342361,-0.09472049689440998,0.049819927971188616,0.006535947712418277,0.12909836065573765,0.008036739380022695,-0.030792420327304004,-0.11027568922305764,0.012345679012345512,-0.05829132157003969
2016-07-30,-0.04536861909864898,-0.07758031841605695,-0.062938137018134,-0.15115914682526455,-0.023904918951971665,-0.03252345825992642,-0.8439513889785745,-0.8439513889785745,-0.8387096774193549,-0.8387096774193549,2.2993655828707373,0.33486969386593834,0.18143253385544145,-0.5802812077855363,-0.14676335573148824,-0.17800026004420755,-0.05205905205905215,-0.06518010291595189,-0.014865637507146978,-0.22077922077922085,-0.11615245009074404,0.007972665148063829,0.022439457898244752,-0.06760563380281692,0.0,0.08670713637015437
2016-10-29,0.08878982297200522,0.20374644283136223,0.18016142219685372,0.49679915167700894,-0.018370030802353776,-0.055251049538203145,0.8867830836712738,0.8867830836712738,0.9142857142857146,0.9142857142857146,-0.41171433721908424,1.186452960484249,-0.453160244901717,1.1653671804170442,-0.3724600389863548,0.05789307181271752,-0.09426229508196715,-0.09357798165137621,0.005803830528148701,0.07500000000000018,0.1273100616016427,0.00790960451977396,-0.09843546284224247,-0.09365558912386707,0.0060975609756097615,-0.19577743567187145
2017-01-28,-0.07076383026928745,-0.12080841266568665,-0.1132767134949304,-0.14591221372376662,-0.010821302783945441,0.4105752242276013,1.496183875778577,1.496183875778577,1.671641791044776,1.671641791044776,8.987027910421082,-0.46728534664275134,1.7296068692650897,-6.579111539105678,3.3113366964041653,-0.02840909090909083,-0.12941176470588245,-0.13967611336032382,0.04904789382573571,-0.03100775193798455,0.06284153005464477,0.007847533632286963,0.06459387804290184,-0.12,-0.024242424242424176,0.029369940931962324
2017-04-29,0.058323319966174125,0.13864632919478037,0.11690780796593203,0.26541166206015876,-0.015724195113941408,-0.26769245657815877,0.16507345188725653,0.16507345188725653,0.18435754189944142,0.18435754189944142,-0.8019928305148017,0.18042746303615864,-0.06768439989719865,-1.1707447946176965,-0.13114111561018493,-0.17266851338873512,-0.048856548856548776,-0.0729411764705884,0.061789512284561754,-0.20799999999999996,-0.07455012853470433,0.007786429365962189,-0.06995698437853748,-0.05303030303030298,-0.018633540372670843,-0.10015408320493069
2017-07-29,-0.08884044710631234,-0.15905878507718585,-0.114613240788899,-0.09145776954849738,-0.05187551910421839,0.007527149635825348,-1.2576091218967753,-1.2576091218967753,-1.2735849056603774,-1.2735849056603774,-1.7138983225939748,-0.13483598933465613,-0.08257710246882266,2.6566455696202533,-0.5519153777518317,0.1590401785714286,-0.16502732240437157,-0.17766497461928932,-0.046278708340528385,0.09090909090909105,0.17037037037037028,0.007726269315673218,0.04065238558909434,-0.18399999999999994,0.0,-0.07439773264052896
2017-10-28,0.1029513233680106,0.23348105232593497,0.18544228259016293,0.3599906295816624,-0.007533438446242324,-0.04576481920467823,-1.8512295081967212,-1.8512295081967212,-1.8620689655172415,-1.8620689655172415,-1.6031654155738446,-0.01655617272890164,-0.6858969736304416,-0.8784136256550796,-0.1497605282443426,0.07398491413898256,-0.04319371727748689,-0.061728395061728336,0.011044722071338109,0.12037037037037024,0.32357594936708867,0.010952902519167473,-0.10035087719298241,-0.05882352941176483,0.006329113924050667,-0.09307221229905593
2018-02-03,-0.11176001744961839,-0.20311640569936018,-0.22779736761338432,-0.31904911919215995,0.07387434169869245,0.5099830400359675,9.837265286470872,9.837265286470872,10.32,10.32,5.560996821207941,-0.17629267937178883,3.7450830335960816,-4.56729771143295,0.6283410820317261,-0.08965929468021516,0.8372093023255816,0.8585526315789473,0.09563037249283668,-0.09917355371900816,-0.049013747758517634,0.010834236186348933,0.2090483619344774,0.7968750000000002,0.03144654088050314,0.1702890905254273
2018-05-05,0.029482444178310363,0.18240414925909798,0.06837762987948182,0.22947751324659693,-0.015261495590271346,-0.293218242410651,-0.48878861153951114,-0.48878861153951114,-0.4893992932862191,-0.4893992932862191,-0.7468221936804962,0.6150409201504092,-0.6780852848203341,-1.2914923098240267,-0.11248048420557355,0.21060407091267241,0.06552494415487709,0.08672566371681412,-0.003922850604772821,0.11009174311926584,-0.39786297925832814,0.010718113612004254,-0.04344086021505389,0.05797101449275344,0.024390243902439046,-0.038285851664863535
2018-08-04,-0.05258097196772782,-0.09347931414312138,-0.09108464082439693,-0.1518482909576786,-0.004525333425282607,0.006696070703852142,-1.035606098227144,-1.035606098227144,-1.0346020761245676,-1.0346020761245676,-2.278565109855392,0.24200175304042948,-2.6713426853707416,1.3503351238294434,-0.2978715713502539,0.12149152542372876,0.04891684136967167,0.07328990228013033,0.00016409583196597133,0.12396694214876036,0.019832985386221136,0.010604453870625585,0.05080935251798557,0.05205479452054784,0.017857142857142794,0.06880819948753203
2018-11-03,0.11275822510278766,0.23395869445394246,0.23749054060569463,0.41401774423690463,-0.029381166861951913,-0.030480300285132267,-3.5889121338912133,-3.5889121338912133,-3.7,-3.7,-2.201465666963189,-0.4322828220452991,-2.464898081534772,-0.2235458296254348,-0.3294035882519498,-0.022609116189094336,-0.033311125916056006,-0.019726858877086473,0.004593929450368961,-0.022058823529411797,-0.07574206755373591,0.010493179433368471,-0.12772785622593064,-0.03645833333333326,0.023391812865497075,-0.1273535259034031
2019-02-02,-0.13927453487319152,-0.2261606724522549,-0.25762527394577195,-0.3910618934492849,0.03267445037027561,0.4137467224297491,10.469090909090909,10.469090909090909,10.962962962962962,10.962962962962962,2.497855186921929,-0.2169994561417139,1.3749207063782767,-2.1813445859706704,0.5802881416653871,-0.15747154873824842,-0.2949689869055824,-0.28637770897832815,0.04033970276008492,-0.16541353383458646,-0.13510520487264677,0.01038421599169248,0.1996566102526367,-0.2918918918918918,0.005714285714285783,0.27083891718038067
2019-05-04,0.10130621335099788,0.1832285437371366,0.16491384995219582,0.2633120343640034,0.03487110495173629,-0.27176958917855154,-0.0769863078043167,-0.0769863078043167,-0.07430340557275539,-0.07430340557275539,-0.8375259131334648,-0.74761857511411,-0.9211873169050491,-0.4492977311313474,0.20222008112769108,0.0779621200998386,-0.019550342130987275,-0.010845986984815648,0.05934065934065935,0.03603603603603589,0.49423815620998734,0.010277492291880685,-0.060314864035984406,-0.011450381679389388,0.0,-0.06337656859643581
