Quarter end,Assets,Current Assets,Liabilities,Current Liabilities,Shareholders equity,Revenue,Earnings,Earnings available for common stockholders,EPS basic,EPS diluted,Cash from operating activities,Cash from investing activities,Cash from financing activities,Cash change during period,Cash at end of period,Price,ROE,ROA,Book value of equity per share,P/B ratio,P/E ratio,Cumulative dividends per share,Equity to assets ratio,Net margin,Asset turnover,Current ratio
1996-03-31,0.01126111769780258,0.034280781799124416,-0.21419194607060488,-0.14897231543624156,5.175861017982323,0.06637318292291461,5.10443864229765,5.10443864229765,3.0,2.422222222222222,133.56,-0.17952635599694422,-1.2896582937316134,-1.0375722543352601,0.0708446866485013,0.0229147571035746,-0.1185991759858741,-0.4627737226277373,4.8,-0.8235995232419547,0.03557692307692295,inf,5.110047846889953,0.0738461538461539,-0.017964071856287456,0.2152866242038216
1996-06-30,0.01126111769780258,0.034280781799124416,-0.21419194607060488,-0.14897231543624156,5.175861017982323,0.06637318292291461,5.10443864229765,5.10443864229765,3.0,2.422222222222222,133.56,-0.17952635599694422,-1.2896582937316134,-1.0375722543352601,0.0708446866485013,0.0229147571035746,-0.1185991759858741,-0.4627737226277373,4.8,-0.8235995232419547,0.03557692307692295,inf,5.110047846889953,0.0738461538461539,-0.017964071856287456,0.2152866242038216
1996-09-30,0.4693683737230694,0.5530849478390463,0.4684960267292757,0.3770855410700644,0.47191103653621536,0.19808724370441722,7.099657827202737,7.099657827202737,6.0,2.422222222222222,0.24702734839476803,14.108566108007448,-64.165625,102.96153846153847,6.877862595419847,0.0229147571035746,-0.1185991759858741,-0.4627737226277373,0.47214854111405824,-0.8235995232419547,0.03557692307692295,inf,0.0019577133907595634,0.0738461538461539,-0.017964071856287456,0.12780196742460892
1996-12-31,0.09860153859353105,0.11983264883122868,0.11692045166299003,0.08531085579297759,0.04533059144351559,0.12204243955665306,-0.7858161271584728,-0.7858161271584728,-0.7916666666666667,2.422222222222222,0.0040524433849822294,-0.6073854042128357,-0.7143793598179389,-1.0415587618695277,-0.03628337639965551,0.12007168458781359,-0.1185991759858741,-0.4627737226277373,-0.25945945945945936,-0.2398648648648648,0.03557692307692295,inf,-0.04845642829230179,0.0738461538461539,-0.017964071856287456,0.031815257024379706
1997-03-31,0.060843737309578705,0.18775207083690382,-0.2781195804773309,0.08256245362354697,1.1140465295300004,0.056428137295671865,2.0009861932938855,2.0009861932938855,1.3714285714285714,2.422222222222222,-0.1989553656220323,-0.7010108620581403,-0.9414108171307323,3.222551928783383,-0.15897665065355826,0.29279999999999995,-0.1185991759858741,-0.4627737226277373,1.1046228710462285,0.7466666666666668,0.03557692307692295,inf,0.9926078028747434,0.0738461538461539,-0.017964071856287456,0.09721452328159641
1997-06-30,-0.012796886540816343,-0.166826987822005,-0.07682444349111017,-0.07702735636385794,0.055135512388042374,0.03978198334595007,-0.26413079198159706,-0.26413079198159706,-0.3373493975903613,2.422222222222222,2.963989330171903,0.6541369172616547,-9.420546932742054,-0.7203092059030218,-0.05286928799149837,0.3768564356435644,-0.1185991759858741,-0.4627737226277373,0.008092485549132888,-0.346055979643766,0.03557692307692295,inf,0.06883759274525958,0.0738461538461539,-0.017964071856287456,-0.09731607199242176
1997-09-30,1.2796080595367707,0.7106390348092131,2.5191017849674453,1.1937453585279312,0.128992057824026,0.7896956212797186,0.22228424695768667,0.22228424695768667,0.16363636363636358,2.422222222222222,0.2887584582601219,26.738288688587026,-36.55095233915562,-7.321608040201005,0.3528751753155681,0.44719101123595517,-0.343906510851419,-0.4627737226277373,0.13876146788990806,0.4357976653696498,0.3147632311977717,inf,-0.5048206710374084,-0.35386819484240684,-0.07317073170731703,-0.22023226528613404
1997-12-31,0.5303260276959982,1.673172838756268,0.5320142908496013,0.7518468366809599,0.5254409985353117,2.7450436084353034,-1.302612349287541,-1.302612349287541,-1.078125,2.422222222222222,0.9914425782496445,-0.7991276668291422,-0.9530950640937013,-1.0516693163751987,1.5283018867924527,0.0975155279503106,-0.41526717557251913,-0.4627737226277373,-0.22960725075528698,-0.035230352303523005,0.5798022598870056,inf,-0.0031152647975076775,-0.6452328159645233,0.506578947368421,0.5259285842454693
1998-03-31,0.3871041752466402,0.4409583009321443,-0.19396218175131585,0.29376956538542465,0.12054215023238979,-0.48459084601099955,-5.495019619680049,-5.4687594325384845,-10.6,2.422222222222222,-0.5856287599597967,2.263377345378735,15.719970523212968,-459.74615384615385,2.4453419714613744,0.15082059988681373,-0.09399477806788514,-0.2663043478260869,0.10849673202614385,0.4943820224719102,0.3844434510505139,inf,-0.19218749999999996,-0.11875000000000002,-0.17030567685589526,0.11376999059266235
1998-06-30,0.317822337559869,0.15687655612383455,0.46306791852913287,0.5374995021308799,0.5547486227776923,0.29504772213426933,3.118184260005372,3.137318473488686,2.9166666666666665,2.422222222222222,1.0951945723626393,-0.7930362778227721,-1.1235274487951996,-1.6526485235675838,-0.4632192799761976,-0.046717482173592284,0.9807877041306436,0.8185185185185184,0.41627358490566024,-0.14097744360902253,0.1811430416532127,inf,0.17988394584139256,1.1063829787234045,-0.13157894736842102,-0.2475320698938922
1998-09-30,0.0782309504542642,0.1133321115979542,0.1473237633958011,0.08821434122584315,0.03169770087032098,0.260355152840702,-0.5383348552048004,-0.5389940084567286,-0.5638297872340425,-0.5064935064935066,-0.4997147746719909,1.968609789832338,-4.393368673224935,-0.6652278916807974,-0.2888943085825777,-0.2455506835181842,-0.036857419980601325,-0.050916496945010103,0.024146544546211457,-0.4660831509846828,-0.5349917987971569,inf,-0.04303278688524581,-0.023569023569023573,-0.030303030303030165,0.023081240353584942
1998-12-31,0.08951592582805024,0.10720698905715209,0.09381255468004568,0.10907640942932462,0.015411462672145992,0.024264955004834166,-0.04379613605057753,-0.04125646292230323,-0.03658536585365846,-0.02631578947368418,1.5602656113756792,-0.46448519008846745,-0.6939068261872038,-2.7535686876438987,0.7124060736444986,-0.11897435897435904,0.13544813695871105,0.09656652360515006,0.05447154471544713,-0.1393442622950819,-0.15814226925338037,inf,-0.06809421841541763,0.3655172413793104,-0.19374999999999998,-0.0017143248988548132
1999-03-31,0.022369560117632803,-0.017843737367904344,0.028256020355931222,0.018147963317718174,0.03319603947109595,0.16296068455367352,-0.22901045321907432,-0.22901045321907432,-0.21518987341772156,-0.18918918918918926,-0.04316103848471353,0.09937505968233085,0.06848071449602511,-0.43196638802573417,0.2363169585958269,0.07140085370585947,-0.06430155210643018,-0.05675146771037176,0.0316114109483423,0.014285714285714235,-0.1710893854748604,inf,0.010569852941176627,-0.10606060606060608,0.054263565891472965,-0.03537573842560782
1999-06-30,0.029978255225237005,-0.013872070214767551,0.03184970323412184,-0.006668809961754452,0.044115476577028634,-0.02978010485732574,0.5401236046567335,0.5401236046567335,0.532258064516129,0.44999999999999996,-0.05532054704505318,0.3861796071997299,0.4710542632098651,-1.8138531473919408,-0.1555647192235755,-0.13654473017022817,-0.2355450236966824,-0.25311203319502085,0.04484304932735417,-0.164319248826291,-0.17270429654591402,inf,0.013642564802182733,-0.2768361581920904,0.03676470588235281,-0.007192195399843282
1999-09-30,-0.1283495017754459,-0.06767459059961667,-0.2351169909689791,0.06747184841029963,-0.04556210508460201,-0.03287679068753102,-0.052819858773758055,-0.052819858773758055,-0.05263157894736836,-0.04597701149425293,0.6189461785931658,-2.73862520800117,-6.566468935373088,-1.458771182429234,0.0845163765739998,-0.011744966442953086,0.00929944203347799,0.019444444444444597,0.03218884120171661,-0.050561797752809,0.2118126272912424,inf,0.0951099147599821,-0.007812500000000111,0.02127659574468077,-0.12659589728876786
1999-12-31,-0.038796663922872954,-0.12998748197131738,-0.003496587139576457,-0.20619612274280907,-0.1351099973637363,0.04237195719276188,-0.13750862097277416,-0.13750862097277416,-0.033333333333333326,-0.036144578313252906,-0.7338363901644334,-1.1620113969012922,-0.9262257843786106,-8.64114733801073,-0.5954747201852566,0.024193548387096753,0.019656019656019597,0.02452316076294281,-0.16008316008316015,-0.01183431952662728,0.0008403361344537785,inf,-0.10036870135190501,-0.03543307086614167,0.0625,0.09600065697626681
2000-03-31,0.36457519250282644,0.18041873173111966,0.5620675444808534,0.2708774683428057,0.02880103840595094,0.23604031885551047,-0.02665448176071894,-0.02665448176071894,0.011494252873563315,0.02499999999999991,0.9140406927862788,2.9998269767901724,-5.267267267267267,-1.1985470847173836,0.2922679387795666,0.11728139245752178,0.07409638554216857,-0.005319148936170137,0.13778877887788776,0.3293413173652697,0.09571788413098248,inf,-0.24590163934426224,-0.01224489795918371,0.013071895424836555,-0.07118237674209504
2000-06-30,0.013211424968008423,0.01705159731202177,0.0200163105729807,0.02365581155495411,0.004395871442814503,0.028844284760293215,0.31183006024567717,0.31183006024567717,0.3181818181818181,0.2682926829268293,0.16034719049794433,-0.5457202711638168,-0.6056529988686876,4.0050326441784545,1.1319715753530009,0.07344213649851628,0.05440269209197979,-0.0267379679144385,0.047860768672951526,-0.05405405405405406,0.0022988505747125743,inf,-0.009057971014492794,-0.04958677685950408,0.019354838709677358,-0.0064536947402388245
2000-09-30,0.0020458436541308522,0.01643613265627808,0.018081722313681103,0.008745345361726109,-0.06469163053997795,0.00389931634728935,-0.06990129126532074,-0.06990129126532074,-0.025862068965517238,-0.028846153846153855,0.03968806783767409,-0.38158395908151055,-2.1183220763965753,-1.7149224121531645,-0.37958847974142906,0.11644782308223922,0.05425531914893611,-0.06043956043956045,-0.04152249134948094,0.06666666666666665,0.061926605504587284,inf,-0.06642291285801338,-0.060869565217391286,0.0,0.007632348164988478
2000-12-31,0.026256632159304738,0.04828677804051229,0.02741879630186861,0.11316667567920047,0.061015777956927364,0.03327483580992907,-0.08830036230722371,-0.08830036230722371,-0.07964601769911495,-0.05940594059405946,0.5447342741876757,1.1877873341985437,-0.6264972630133112,-0.5481430797886494,-0.2764611484522176,-0.05168678427731355,0.012108980827447047,-0.05847953216374269,0.04981949458483759,-0.013392857142857206,-0.09863210943124556,inf,0.03394255874673635,-0.04629629629629628,-0.012658227848101222,-0.058340048348106244
2001-03-31,-0.00972125747061614,-0.032994225674292776,-0.022907485179585407,0.001177297587682924,0.02184752985812377,-0.009079477182344364,-0.22380868647793217,-0.22380868647793217,-0.22115384615384615,-0.18947368421052624,-0.39198400950378554,-0.8102936888567148,2.009085501054567,-0.15697821149154534,-0.3221150755384121,0.007180156657963455,-0.03389830508474578,-0.037267080745341574,0.02063273727647874,-0.040723981900452455,-0.03194888178913746,inf,0.032196969696969724,-0.043689320388349606,0.0064102564102563875,-0.03414341947629651
2001-06-30,0.004605303752116541,0.03536786422300442,-0.019100684108266153,-0.01664116951987349,0.0723499178807514,0.0357594387229101,0.5678039055774546,0.5678039055774546,0.5555555555555554,0.4415584415584417,0.06584170698424519,1.7170871316514735,-0.7192897323915817,-1.1845125237002296,0.08767603964151927,0.08716785482825662,-0.012899896800825594,0.003225806451612856,0.05997304582210239,0.06603773584905648,0.10148514851485158,inf,0.06727828746177367,-0.005076142131979711,0.006369426751592355,0.052892708425622326
2001-09-30,0.019093488697590644,0.09223878337025204,0.02113429252870591,0.043443999239555886,0.05834464870532341,0.018765953712786665,-0.14972690229170882,-0.14972690229170882,-0.15873015873015872,-0.14414414414414423,-0.3260831611720546,0.21681036164319423,-2.2089762468788017,0.5267712276906436,0.1230708867381638,0.16154992548435176,-0.06481965499215891,-0.025723472668810254,0.04704386522568327,0.09734513274336298,0.14007490636704123,inf,0.03839541547277947,-0.0357142857142857,0.012658227848101333,0.04678559407606864
2001-12-31,0.7564014925988409,0.6570824212312762,1.2917333660391241,0.6341468163731367,1.1251828727436095,0.07535235847328359,-0.19332472299639725,-0.19332472299639725,-0.26415094339622647,-0.2210526315789474,1.8208372012694025,17.402798929161122,55.65519250119155,17.596882748848742,2.0379255463685415,0.08929946112394149,-0.2856344326439352,-0.19801980198019808,0.33576199149969654,0.040322580645161255,0.107095926412615,inf,0.20971302428256067,-0.06878306878306872,-0.13750000000000007,0.014067524115755736
2002-03-31,-0.019937916459506155,-0.04203054411598017,-0.04732316481611987,-0.048478973380438384,0.0587452909450632,0.36404119885783204,-0.6611190696890537,-0.6611190696890537,-0.8846153846153846,-0.8378378378378378,-0.36570899406110324,-0.9622399247376926,-1.0888513955618702,-2.0576201451456217,-0.7094812164579607,0.0749116607773852,-0.31690140845070414,-0.24691358024691357,0.05227272727272725,-0.1976744186046513,0.13768545994065273,inf,0.08029197080291972,-0.2272727272727274,-0.021739130434782483,0.006738010305192166
2002-06-30,0.03717156811404987,-0.027182444800184835,0.035429829500897236,0.06290418085119698,0.05595549926691801,0.030224125049025385,8.10443864229765,8.10443864229765,8.000000000000002,5.0,1.5403781416281568,4.9648657377503,-1.9745410551785807,-1.8035083927670916,1.962262491203378,0.07911461757615612,0.14432989690721643,0.22404371584699456,0.05097192224622038,0.02898550724637694,0.26760563380281677,inf,0.018158783783783772,0.2573529411764708,-0.029629629629629672,-0.08472440944881887
2002-09-30,0.0014410508491766727,-0.01170571588463254,-0.016857128038262004,0.020623076605889468,0.052964940946027106,-0.027603664211495293,-0.06183511546287568,-0.06183511546287568,-0.06172839506172845,-0.05555555555555547,-0.3045729158750665,-0.778013265523176,-2.1574135046148863,-1.407876451338145,-0.27018559762435046,-0.08346872461413479,0.08208208208208201,0.1473214285714286,0.04315659679408146,-0.13145539906103276,-0.17325102880658438,inf,0.051430941518042284,0.18128654970760216,-0.03053435114503822,-0.031658637302133696
2002-12-31,-0.03947563501198925,-0.0395393232253235,-0.03896989698131026,0.04560138386393553,-0.0541703191361389,-0.09343538951935226,-0.6295870391126508,-0.6295870391126508,-0.75,-0.7205882352941176,0.4747025638924176,-1.7860901076692568,1.4321702715054516,-1.0150024729350993,-0.06626248652167721,0.11699534677598034,-0.015726179463459777,0.015564202334630295,-0.07171000788022064,0.07567567567567557,-0.004479840716774541,inf,-0.014990138067061176,-0.03465346534653457,0.0551181102362206,-0.08146766169154218
2003-03-31,-0.0017095936262678801,-0.023291837827366324,-0.001745373462605948,-0.06904032116251879,-0.002136563595171448,0.03494201582465695,1.483947027154478,1.483947027154478,2.8421052631578947,2.4210526315789473,-0.7014908092236585,-2.10135195035461,-0.8700847490125398,-71.02197802197803,-0.41650688513160183,0.06605832176155535,0.2998120300751881,0.31800766283524906,0.03140916808149408,0.14572864321608026,0.11649999999999983,inf,-0.0008009611533841277,0.33333333333333326,-0.014925373134328401,0.049134345681400404
2003-06-30,0.01253094461995441,-0.00013587306644424757,-0.004256134731122407,-0.018886319552088415,0.4182708433194169,0.03622303925910941,0.32558654621968386,0.32558654621968386,-0.17808219178082196,-0.16923076923076918,1.3662089830114033,1.5710864709315193,-0.30556703465375756,-1.0639778196275371,0.045668409260642306,0.11481205805731287,-0.05061460592913958,0.05232558139534893,0.23662551440329227,0.08333333333333348,-0.13837886251679354,inf,0.4008016032064128,0.06153846153846154,-0.007575757575757569,0.019083617590117008
2003-09-30,0.01414474564257362,0.065910516208189,-0.013260626489966176,0.07829366144835537,0.06514207825322327,0.037918231670335034,0.45797181014214283,0.45797181014214283,0.3166666666666669,0.40740740740740744,-0.20560079730385405,-1.1310452784408875,5.20262688089773,-7.560098119378577,-0.2865050173195729,0.026205975630111844,0.10967250571210974,0.22651933701657456,0.056572379367720416,-0.17004048582995968,-0.011954261954261747,inf,0.05035765379113011,0.22101449275362328,0.007633587786259444,-0.01139858874615518
2003-12-31,0.036320608750191274,0.026416534842877537,0.04201380180506753,-0.06292094348988775,0.02650623518208195,0.08820260372594979,-0.2915718472192662,-0.2915718472192662,-0.30379746835443033,-0.2894736842105263,0.520143285158926,-17.45212924804396,-1.8116952091171372,-4.385641281316216,1.3595095095095093,0.028952504879635743,0.08647906657515447,0.18918918918918903,0.020157480314960674,-0.029268292682926744,-0.13466596528143093,inf,-0.009534186870062689,0.1483679525222552,0.030303030303030276,0.09525988286969267
2004-03-31,0.06324758285120025,0.057356763351062545,0.06977760188667914,0.02319050096847808,0.05182056250302325,-0.02317116795561358,-0.19993529228244922,-0.19993529228244922,-0.21818181818181825,-0.20370370370370372,-0.5084755885674572,0.35603612891983527,1.2203132255477227,-1.7369951772631889,-0.4246441677449462,0.07508694277584582,-0.08780795957043586,-0.015151515151515138,0.05125038592158071,0.05527638190954787,-0.09057750759878413,inf,-0.010726072607260662,-0.015503875968992165,0.0,0.03341966747430858
2004-06-30,0.026608123933982375,0.08388360762095859,0.019618445725339217,0.10142584559115186,0.0390483301509057,0.14453147461147386,0.11312824956672451,0.11312824956672451,0.13953488372093026,0.09302325581395343,-0.6213947220166359,-0.6404957018292994,-0.6102249177709755,-1.1245316948898547,0.09191122253354966,0.03161299808851625,-0.06094182825484762,-0.05192307692307696,0.03436123348017617,-0.01904761904761909,0.03275401069518713,inf,0.012232415902140525,-0.07611548556430447,0.02941176470588225,-0.01592691405934199
2004-09-30,-0.0004474215482672683,-0.005975775499195923,0.039388478907005586,-0.18343421814774263,-0.07002142121272203,-0.012139042615810669,-0.47852036381093255,-0.47852036381093255,-0.4693877551020408,-0.46808510638297873,3.1615802065705783,-0.14696990006404242,-1.448807375249988,-8.188527878058565,-0.6050916703244757,-0.04062143671607743,-0.23893805309734517,-0.2535496957403651,-0.015332197614991494,-0.0728155339805826,-0.009708737864077555,inf,-0.06948640483383683,-0.2642045454545455,0.014285714285714235,0.21730200460072302
2004-12-31,0.01666752302467045,0.0003358631683425539,0.010001034733342129,0.02727736115508428,0.029680432435778892,0.0067015449982776865,1.4599173964968153,1.4599173964968153,1.6153846153846154,1.56,0.8243967076573608,0.08427760803142736,1.6114770133681122,-1.8858880642821272,1.3573871409028726,-0.08319714752637053,0.0339147286821706,0.01902173913043481,0.022202998846597488,-0.0680628272251308,0.19346405228758168,inf,0.012691853600944603,0.019305019305019266,0.0,-0.026186137544712107
2005-03-31,-0.002753608389906237,-0.014830020094912078,-0.020396131205827617,0.03548271642206524,0.031026211728295117,-0.017142857142857126,-0.3304574740312939,-0.3304574740312939,-0.3529411764705883,-0.328125,-0.2270839017604267,-0.4771021867250652,0.12074146211534775,-0.9032501889644746,0.0557086899753374,0.09123318748987197,-0.016869728209934487,-0.021333333333333204,0.15007052186177705,0.0674157303370786,0.030120481927710774,inf,0.033809385018944926,-0.037878787878787956,0.021126760563380254,-0.04858271536489023
2005-06-30,-0.0840084240356509,-0.11984556976351601,-0.054654210880194176,-0.16739156050746928,-0.1374092375921292,-0.04373570115207337,0.308941492816895,0.308941492816895,0.2954545454545454,0.2790697674418605,-0.1751512710747829,0.28374341760847477,-0.4120552258869489,1.1888020833333335,0.10983234849525902,0.11286011286011277,0.07435653002859866,0.054495912806539426,-0.13735589894530298,-0.03157894736842093,0.11270600744284964,inf,-0.05835917676910063,0.051181102362204856,0.0,0.057036713286713336
2005-09-30,-0.007223221801376467,0.03435621291345137,0.0398570566314127,0.11099614532653601,-0.10108793201650235,0.00890574329334104,0.19881589880897432,0.19881589880897432,0.22807017543859653,0.21818181818181825,-0.3206189233337955,-2.39337203444719,1.8902292679845893,-0.9773944080904223,0.0023525770004644286,-0.017080330931411813,0.2750665483584738,0.24031007751937983,-0.10122263292578904,0.13586956521739113,-0.05876731963688486,0.0,-0.09431137724550909,0.23220973782771526,0.006896551724137945,-0.06898215147129771
2005-12-31,0.0023966360090224015,0.03153189646743315,0.05548204879245788,0.0731684763070315,-0.12003536631682654,-0.058242364864073415,-0.31830565583634174,-0.31830565583634174,-0.2571428571428571,-0.28358208955223885,-0.29092360926270966,-1.736595191571046,-0.9929634404842551,-96.53947368421052,-0.2242364349464192,0.0032582134129786056,0.0006958942240780086,-0.05625000000000002,-0.1271749446377728,0.11961722488038284,-0.18071065989847712,0.0,-0.12231404958677683,-0.05167173252279633,-0.006849315068493178,-0.03878608438193931
2006-03-31,-0.005066882393753747,-0.041162706301016705,-0.029589451620595897,-0.10654955026245683,0.06277085528976079,0.03992027179486346,-0.2544661140218327,-0.2544661140218327,-0.25,-0.22916666666666663,-0.7136386386386386,-0.200406679833121,-31.28385093167702,-1.4436028095303677,0.12822452229299364,0.038024357239512696,0.04589707927677322,-0.015452538631346546,0.06052917723812978,0.18803418803418803,0.11586121437422547,0.0,0.06817325800376639,-0.028846153846153744,0.01379310344827589,0.0732327121515477
2006-06-30,-0.01183023960401175,-0.09293080219069438,-0.004400896456061565,-0.04616059865295208,-0.0305962381213023,-0.044014432276941684,-0.45317472344294585,-0.45317472344294585,-0.46153846153846156,-0.43243243243243246,9.486454601066153,-0.09081874250971911,-4.59095104292717,-0.16144054641415706,0.07187466920715568,-0.028940164254986245,-0.13896276595744683,-0.179372197309417,-0.012303485987696594,-0.08273381294964033,-0.001110494169905829,0.0,-0.01904090267983083,-0.17161716171617158,-0.006802721088435382,-0.049077993829375055
2006-09-30,-0.024373186624038312,0.06259701720269728,-0.04721122425526392,0.3926098951551831,0.03487292329564151,0.016105677263342333,1.4523001247055563,1.4523001247055563,1.5238095238095242,1.4285714285714288,-0.3200926693695233,-1.419576260288066,0.008555893171277695,3.6990003702332466,0.41780235696885915,0.05759162303664933,-0.11428571428571432,-0.1202185792349727,0.03252595155709348,0.07058823529411762,0.265703168426904,0.0,0.06074766355140171,-0.11952191235059761,-0.006849315068493178,-0.23692748811589814
2006-12-31,0.0010298367283692045,0.010486631266776847,0.04059862003750192,-0.009794217707234432,-0.09347702904392186,-0.0027329501404405043,0.03062449677227974,0.03062449677227974,0.037735849056603765,0.019607843137254832,-0.17163991591746186,-3.411248611164323,-0.523394230442514,-1.9399621809013552,-0.27699094497329924,0.051916730134552,0.017436791630339954,0.018633540372670954,-0.05965147453083108,0.01831501831501825,0.15898111550285465,0.0,-0.0942053541172484,0.009049773755656076,0.01379310344827589,0.02046870364876896
2007-03-31,0.018646790857486106,0.025386249447179265,0.008291649649832866,-0.00504206333292434,0.047037165379222534,0.047328638888435304,-0.1252861117583366,-0.1252861117583366,-0.09090909090909094,-0.09615384615384626,0.021025997662133866,1.627494597686539,-1.4060123574144487,-1.57116512992456,0.21881824020552343,0.08084952334982498,0.0625535561268209,0.05487804878048763,0.03884533143264424,0.14748201438848918,0.054187192118226646,0.0,0.027684249906472225,0.04484304932735439,0.006802721088435382,0.03052325581395343
2007-06-30,0.025456414673420857,0.08997564174629935,0.4069106042955217,-0.133613121203895,-0.9816643687965424,0.08133704015098009,-0.5547477279849578,-0.5547477279849578,-0.56,-0.553191489361702,-0.7646875543446756,-0.6880518129701749,-0.4561896400351185,-1.0774875256824186,-0.013911577172366574,-0.1254884447917829,0.32741935483870965,-0.008670520231213952,-0.9818181818181818,-0.15673981191222575,-0.1768511861969807,2.419354838709677,-0.9821623589370222,-0.03433476394849799,0.03378378378378377,0.2581100141043726
2007-09-30,0.009756965983891641,0.06621158594097665,0.013203905624310508,-0.14136525549067125,-0.6885453550968708,0.09605664560801364,-0.7718890765765766,-0.7718890765765766,-0.7727272727272727,-0.7619047619047619,0.5459892224788299,0.08426868275661525,-0.2839306856097299,-15.356060606060606,0.20253299845027528,-0.28316098557385416,0.1130012150668287,-0.28279883381924187,-0.6981132075471699,38.38289962825279,-0.2829694323144104,0.0,-0.6938775510204082,-0.3111111111111111,0.03921568627450989,0.24177877428998507
2007-12-31,-0.01507049318482323,-0.06792477855377166,-0.020766168477403313,-0.05736385838360636,3.7386080044366397,0.03687023468972628,4.034711508793582,4.034711508793582,3.8,3.8,1.580587977532566,0.22180504898805697,-6.536900646324966,-2.642612137203166,-0.2766520019552948,-0.06892252894033835,0.4399563318777291,-0.23983739837398366,3.8125,2.084292996035492,0.2734470158343483,0.0,3.8666666666666663,-0.28387096774193543,0.05660377358490565,-0.011194703581101417
2008-03-31,-0.0027405124950308224,-0.032771229986736206,-0.057934523607476196,0.048744471944717205,7.514170909161839,-0.047885749755624984,-0.05708595066646238,-0.05708595066646238,-0.08333333333333326,-0.125,0.22151727757581363,0.37564751675495334,-0.2421885604148003,-1.676331218376034,0.25866994317309167,-0.07440703902065804,1.7949203942380594,-0.25668449197860976,6.467532467532467,-0.807681713848508,0.19273075083692026,0.0,7.520547945205479,-0.2792792792792793,0.03571428571428581,-0.07772840708503248
2008-06-30,-0.0005460444497290551,-0.00919570327289021,-0.020075301193371087,0.2536537381987809,0.2937415234045673,0.008319575165097959,0.588619524242818,0.588619524242818,0.4545454545454546,0.4761904761904763,-0.007696147503175155,-0.2867916901573253,0.6500331357131344,-1.2527015793848713,-0.0519328387348692,-0.13184542260797694,-0.39400515394005153,0.2086330935251799,0.288695652173913,-0.8836728198599618,0.18604651162790686,0.0,0.2958199356913185,0.1875,0.02298850574712641,-0.20967529039070754
2008-09-30,0.009360007223707001,0.03908243895561303,0.0017896101147800714,0.11830474936727042,0.09576723043386637,0.02968839593380812,-0.2277385701135317,-0.2277385701135317,-0.21875,-0.22580645161290325,-0.08970154671013675,0.1637931034482758,-0.14186468091573223,5.639097744360902,-0.363673805601318,0.03784813139728649,-0.196284691136974,0.267857142857143,0.08502024291497956,-0.1956224350205198,-0.09026369168356996,0.0,0.08560794044664988,0.25263157894736854,0.00561797752808979,-0.07089770354906055
2008-12-31,-0.005041784985500675,-0.029064614836004754,0.0038539133753017207,0.040977825558335956,-0.09786778798760165,-0.0357608252998981,0.7578141555414282,0.7578141555414282,0.72,0.7916666666666667,0.8166009121687792,0.31231577598359594,0.8472816049788752,-1.7969280860702153,0.4554611650485436,-0.17591743119266057,-0.06015037593984951,0.22535211267605648,-0.10074626865671632,-0.23979591836734693,-0.3325901151988109,0.0,-0.09371428571428575,0.24369747899159666,-0.011173184357541888,-0.06722991191802985
2009-03-31,-0.017628212412388766,-0.067189083394264,-0.0383370271760477,0.21111466880408503,0.19153437447378696,-0.12254380483212546,0.14895797230300922,0.14895797230300922,0.13953488372093026,0.11627906976744184,-0.28918650411638314,-0.6112890625,-0.19352210086623067,1.3995026201261211,0.7508824592123182,0.08433064291678272,0.12888888888888883,0.2528735632183907,0.19087136929460558,0.2058165548098434,-0.08853006681514475,0.0,0.21311475409836067,0.28378378378378377,-0.02824858757062154,-0.2298130661013683
2009-06-30,0.0010336771405097256,-0.012937214521815177,-0.08634018447863379,-0.27155463662743606,0.8189970758695342,-0.008010542602161053,-0.15873619599716704,-0.15873619599716704,-0.22448979591836737,-0.20833333333333326,-0.10640649208533326,1.2979097578132852,-0.29239900147740583,-1.364635771394729,-0.1563774902770061,-0.016683778234086177,-0.1590551181102362,0.07033639143730896,0.5586527293844368,-0.17439703153988861,-0.1985339034819793,0.0,0.8170478170478173,0.10526315789473695,-0.029069767441860517,0.35506067809333164
2009-09-30,0.10208219134551988,0.11261491804504775,0.11179154037014283,0.24586893523478404,0.05761644413037281,0.03439431675695914,-0.22590150133295916,-0.22590150133295916,-0.26315789473684204,-0.2894736842105263,-0.07296668121635386,4.749841471147749,-5.3007067689021685,0.4811694244239164,-0.2743677555321391,0.03158444270425487,-0.1379525593008739,0.02857142857142847,0.05663189269746649,-0.33932584269662924,-0.015243902439024293,0.0,-0.04061784897025189,0.08571428571428563,-0.053892215568862145,-0.10700766318899457
2009-12-31,0.028042952702066914,0.0735391615295291,0.020448699553991645,-0.05752716137207958,0.06846219129651954,0.08189991948821485,0.012345679012345734,0.012345679012345734,0.0,0.0,0.02154777786497153,-0.6512592339066199,-0.9010401553536751,-1.621547529298883,0.23517361201151354,-0.10045546558704466,-0.23026792179580013,-0.0888888888888888,0.06346967559943595,-0.1462585034013606,-0.11842105263157887,0.0,0.03935599284436497,-0.05701754385964919,-0.03797468354430378,0.13916459884201804
2010-03-31,-0.010639167224740675,-0.015234789612325383,-0.017911689112444784,-0.07160785242048662,0.022862981556897477,-0.009445931341036329,-0.18599053037838698,-0.18599053037838698,-0.14285714285714302,-0.11111111111111116,-0.5460626972492334,-0.7654300793858502,-1.746193752114582,-0.9692358584187892,0.005857406785354291,-0.07201125175808709,-0.2662276575729069,-0.17073170731707332,0.021883289124668526,-0.12749003984063745,0.034240561896400346,0.0,0.03384968445209413,-0.16744186046511622,0.0,0.06071882374296633
2010-06-30,0.0023849015680457164,0.019065524962721847,-0.002157528072606163,-0.04145773397607988,0.02343454480579421,-0.005941500777340791,0.09458171420192096,0.09458171420192096,0.04166666666666674,0.04166666666666674,1.4449160908193486,0.5090651294686439,2.4087130658202978,55.551971326164875,0.27834943958589875,-0.19793876932403764,-0.13076923076923075,-0.12132352941176461,0.020116807268007797,-0.21461187214611877,-0.031409168081493966,0.0,0.021087680355160954,-0.11173184357541888,-0.006578947368421018,0.06306152134850684
2010-09-30,0.017614483925689095,0.058732419179610584,0.009665197251356838,0.05492329814918406,0.05300699242068552,0.033667912949506995,-0.45752115569250007,-0.45752115569250007,-0.48,-0.48,-0.1699554130207822,-0.32212004990527243,-0.29076095992905837,1.5892381797439472,0.6670204254902281,-0.1878306878306879,-0.17109144542772858,-0.14225941422594146,0.05279898218829526,-0.20348837209302317,-0.0858895705521473,0.0,0.034782608695652195,-0.1572327044025158,0.013245033112582849,0.0036220218931100057
2010-12-31,0.005134904299749721,0.049382116865078096,0.007727276353286072,0.038152490365696456,-0.005046674774787374,0.028702445540955912,-1.7618126440566348,-1.7618126440566348,-1.923076923076923,-1.923076923076923,0.01652490549255048,1.66982503976369,-0.42130845211302825,-1.2470565197170342,-0.09885406464250734,-0.1596091205211726,-0.442170818505338,-0.4292682926829269,-0.010271903323262888,-0.2043795620437956,-0.02684563758389258,0.0,-0.009978991596638731,-0.4402985074626866,0.006535947712418277,0.010826850589461978
2011-03-31,-0.0049603684557868455,0.0012823364621830091,-0.016815573963240626,-0.03258302595829876,0.045238325469732166,-0.029262608493053843,-2.364903560430061,-2.364903560430061,-2.166666666666667,-2.166666666666667,-0.7458128819677062,-1.4525655537493936,1.071569395306128,-2.6449024076092345,0.18044279239623062,0.075858250276855,-0.1945773524720893,-0.17948717948717963,0.04456654456654463,0.09174311926605494,0.9142857142857141,0.0,0.050397877984085016,-0.17333333333333334,0.006493506493506551,0.034988892415106276
2011-06-30,-0.01100667041462522,-0.04479295260771665,-0.006005118511814289,0.055625696729014296,-0.03102922683414988,0.0816281697418959,-2.9994854134505005,-2.9994854134505005,-3.0,-3.0,2.8314552349191837,-0.6527004663758087,1.008200354609929,-0.5664377785808938,0.06627443397876798,0.21255790015440046,-1.2534653465346535,-1.2604166666666667,-0.03331385154880184,0.15966386554621836,0.5156973751930005,0.0,-0.02020202020202022,0.0,0.02580645161290329,-0.09513223457263331
2011-09-30,-0.2450628392615788,0.03639311099559195,-0.051917458477103384,0.000732557420473734,-1.0415229333514187,0.03394832315187779,29.497040365846416,29.497040365846416,28.96428571428571,28.96428571428571,-0.5312883866212754,-6.029943686376435,-1.1437381927718664,-2.1219783273131423,-0.06973671712418072,-0.13412563667232602,0.0,84.6,-1.0417170495767836,-0.10869565217391297,0.0,0.0,0.0,0.0,0.09433962264150941,0.035665875974246086
2011-12-31,-0.026532340889778627,-0.04664931775449155,-0.019487410754386425,0.015555110397349026,0.6396244965272271,-0.033646974592741796,-0.9935903802474136,-0.9935903802474136,-0.9940405244338498,-0.9940405244338498,2.03806813927368,0.15198131183189267,-4.838941330563209,-1.8816245666171372,0.06609054032729667,-0.043627450980392,0.0,0.07429906542056064,0.6231884057971018,0.0,0.0,0.0,0.0,0.0,0.09770114942528729,-0.06126789366053165
2012-03-31,0.0007418718631411192,0.00382620510603493,-0.007115991863337445,-0.04590977719114542,-0.490009477939612,-0.024860180447167757,-4.836641685233948,-4.836641685233948,-5.199999999999999,-5.0,-0.9841176731553185,-0.6191326125351599,-1.5839549165862725,1.1710674157303371,0.1345917754307755,0.17683239364428482,0.0,0.07698999565028264,-0.4910714285714287,0.0,0.0,0.0,0.0,0.0,0.09424083769633507,0.05219588706866518
2012-06-30,-0.03569267840000889,-0.08192228286326053,-0.04390862455010558,-0.0215385715146732,-0.9411363119168626,-0.02756297731180235,0.4825911358656918,0.4825911358656918,0.4285714285714286,0.4999999999999998,72.07635009310987,-0.05123046347866622,-6.28838521204795,-5.524453357484798,-0.5367165736825545,0.24128919860627174,0.0,0.023828756058158485,-0.9473684210526315,0.0,0.0,0.0,0.0,0.0,0.0861244019138756,-0.06178053830227748
2012-09-30,0.017444158577628155,0.06522791902113245,0.007773665251129547,0.10625728342748508,-17.29284793814433,0.005678444180522657,-0.35117956022433905,-0.35117956022433905,-0.33333333333333326,-0.33333333333333326,-0.5101761717887298,-0.7802373994672736,-0.6203574245015981,-1.1344743276283618,0.15578929932085472,0.03157894736842093,0.0,-1.083629191321499,-19.333333333333336,0.0,0.0,0.0,-0.9536082474226805,0.5161290322580647,-0.008810572687224627,-0.037072998499426246
2012-12-31,0.006571904933840189,0.30734871685302556,-0.06642227086643593,-0.13176238264810614,6.0628003084649915,-0.37026143624500996,-0.22798496199335916,-0.22798496199335916,-0.2500000000000001,-0.2500000000000001,-0.2496488337813232,9.1499176276771,-1.1007807168947938,-0.10675172780435938,0.13185238265854538,0.13741496598639458,0.0,0.320754716981132,5.981818181818181,48.43089430894309,-0.1266553480475382,0.0,5.977777777777778,0.46808510638297873,-0.10222222222222221,0.5057292144101202
2013-03-31,-0.11850645611262423,-0.27011709759222213,-0.22652766743638353,0.14824089312919608,1.3864082399415434,0.45434815226830794,16.50986386094622,16.50986386094622,16.666666666666668,16.533333333333335,-2.158704846425848,-17.305782920212398,-131.1297421089316,-1.3053207951434354,-0.032478632478632474,-0.541267942583732,0.0,3.0,1.3802083333333335,-0.934375,-0.6493001555209954,0.0,1.707006369426752,2.992753623188406,0.004950495049504955,-0.36430049920857177
2013-06-30,-0.3374769156380021,0.051511099224391454,-0.3421706735442206,-0.28676833034265214,-0.2239304828518267,-0.2262190597670677,-1.1154474680524964,-1.1154474680524964,-1.1132075471698113,-1.1140684410646389,0.3028761767991064,-1.0338912672359057,-1.1381100059453988,-2.5091617933723196,-0.6602146315927235,0.19556714471968717,0.0,-0.09196428571428572,-0.2297592997811817,-0.4962406015037595,-0.6895787139689579,0.5186320754716982,0.17176470588235282,-0.11252268602540838,0.024630541871921263,0.47423865159931045
2013-09-30,-0.08209966106818467,-0.15710391887319675,-0.11927814121362512,-0.20264390988342973,0.06738602333726873,-0.011960717239001606,-8.299454897133813,-8.299454897133813,-15.700000000000001,-15.5,-0.8963579859463267,-0.22082826333235428,1.1353887919332943,85.45982950142083,12.890883179909872,0.12649945474372948,0.0,1.0255653883972466,0.0625,0.4577114427860698,0.3750000000000002,0.0,0.16265060240963858,0.9366053169734152,0.04807692307692313,0.05710016889697278
2013-12-31,-0.08088628430138312,-0.19248696482080574,-0.10877661209351885,-0.10801622521623344,0.011642925729435483,-0.2234518712580632,-1.0907617074580844,-1.0907617074580844,-1.09297052154195,-1.0942528735632184,4.331388478581979,1.2445341949380722,-1.4892106676491268,-2.027491439737545,-0.9535226771736508,-0.11665053242981605,0.0,0.11310679611650487,0.0053475935828875,-0.16723549488054612,-0.49090909090909096,0.0,0.10060449050086362,-0.04751847940865894,0.16513761467889898,-0.09469673692619673
2014-03-31,0.02191149678181481,0.07995755619632616,0.04760864671197895,0.051987806735997344,-0.05319361906161846,0.36974695512970546,-0.7622952995196008,-0.7622952995196008,-0.7804878048780488,-0.7804878048780488,-1.4543615886516963,-0.680154027014707,-1.186210919890748,-1.1191932233553463,2.445352583223959,-0.1375342465753424,-36.3046875,-0.5481901439162669,-0.037234042553191404,-0.14344262295081966,-0.0663265306122448,0.001087125330019978,-0.07336210278540611,-0.5920177383592018,0.11023622047244097,0.02660874287265802
2014-06-30,-0.0209957107564952,-0.024706587645499156,-0.02688644996808598,-0.07815318111121661,-0.0019458302159635066,0.02256646618596858,-0.9279812416257258,-0.9279812416257258,-0.8888888888888888,-0.8888888888888888,-1.2296106588615507,-0.6473390091137532,-0.46284640141266264,-0.9508892629729928,0.0348565392807052,0.027954256670902122,0.17459614959061742,0.23359073359073368,-0.0055248618784530246,0.06698564593301448,1.721311475409836,0.0010859447719517856,0.019475021168501305,0.15760869565217384,0.06382978723404253,0.057987304945781526
2014-09-30,-0.0047914581343134754,0.0012838262643131149,0.0029934408359644227,0.03978739920472729,-0.029337690851286347,-0.00860072125918332,23.76279069767442,23.76279069767442,16.0,16.0,-4.02788474306201,2.6937147718813144,-1.9023329798515376,-15.596621957277694,-0.49165049193494414,-0.050679851668726794,-1.1752072343632254,-1.176056338028169,-0.030555555555555558,-0.04484304932735428,-0.19678714859437763,0.0010847667751432422,-0.02491694352159457,0.0,0.043333333333333224,-0.037060183738516383
2014-12-31,-0.007259784435945549,-0.027603130629108796,0.0035728824452812002,0.008680648134746116,-0.04255348375073831,0.009154840558214694,-1.3303906836964687,-1.3303906836964687,-1.2941176470588236,-1.2941176470588236,3.599175547077139,0.46821375100771623,2.927664825478905,-0.5228873838614165,-0.461439715611731,0.04296875,-0.6688172043010753,-0.6799999999999999,-0.045845272206303744,0.07981220657277,0.0,0.0010835913312694512,-0.035349233390119306,0.0,0.08306709265175716,-0.035955347871235666
2015-03-31,-0.09247749523764137,-0.11802027015575478,-0.08374947136699595,-0.10143608605187737,-0.12228407283068554,-0.1437344441999543,-14.973848777714611,-14.973848777714611,-16.6,-16.6,0.5025411203814065,-0.6535670863238812,0.8822429347256924,-1.9768171766887797,0.8369392494805037,0.09550561797752821,3.4058441558441555,3.3472222222222223,-0.12312312312312312,0.14782608695652177,0.0,0.0010824184320394892,-0.03267108167770427,0.0,0.0,-0.018446209775144662
2015-06-30,-0.0018253380635104843,0.023077684333712156,-0.014341026032910542,0.00818502097735574,0.04279277234034429,-0.017581757415048638,-1.359628424193111,-1.359628424193111,-1.358974358974359,-1.358974358974359,-0.2753349113777851,-0.005434167327068917,-0.8350541685544189,4.523148824302615,2.5164359861591694,-0.00512820512820511,-0.29108327192336036,-0.3003194888178914,0.041095890410958846,0.13257575757575757,0.0,0.0010812480691999582,0.04472843450479225,0.0,-0.014749262536873253,0.01474622770919054
2015-09-30,-0.004825982823678299,0.003942494797184004,0.01344256363871299,0.05347724354877248,-0.06638463588246668,0.009424203829243583,-0.23703759568611182,-0.23703759568611182,-0.2142857142857143,-0.2142857142857143,-0.5598903600952782,0.6830392714854867,1.978797224363917,-1.5542877541846258,-0.39666004352351214,-0.05956471935853369,-0.604989604989605,-0.6164383561643836,-0.03453947368421051,-0.09698996655518399,0.0,0.0010800802345316551,-0.062035823503713394,0.0,-0.0119760479041916,-0.04704291990537346
2015-12-31,0.012497541864402217,0.008004632340697704,0.011094178883880534,0.0048786857224254465,0.01763071935051208,-0.005337088734632012,-0.08664063658379872,-0.08664063658379872,-0.09090909090909083,-0.09090909090909083,0.7136916250472571,1.7540495755977141,-0.878397178723955,-0.927653078262529,-0.04756378691172547,0.07125456760048698,-0.5947368421052631,-0.5952380952380952,0.013628620102214661,0.11111111111111094,0.0,0.0010789149198522363,0.005123428039124356,0.0,-0.021212121212121127,0.003120788708419031
2016-03-31,-0.02992901545283555,-0.029022897037110584,-0.054529331741412834,-0.12323220391261258,0.0594752742418021,-0.07119251705153007,1.1212662337662338,1.1212662337662338,1.15,1.15,-0.46322206095790996,-0.8298379174852653,0.14101370227484367,-8.867128255852291,0.3928771363651331,0.07049459920409307,-13.142857142857142,-13.294117647058822,0.05882352941176472,0.053333333333333455,0.0,0.001385681293302632,0.09221501390176079,-0.6924882629107981,-0.015479876160990669,0.10747366188220342
2016-06-30,0.0346573129327985,-0.06864069105189863,0.043871498490721805,-0.036863496530714635,0.0047737858769301145,-0.01598869082215082,-0.14872069590061476,-0.14872069590061476,-0.13953488372093026,-0.16279069767441867,0.7107722258273848,11.880935199884544,-5.6077882709572116,-3.5474623863207744,-0.7185412849459187,-0.06266595857673929,0.06256684491978604,0.06220095693779926,0.01904761904761898,-0.11392405063291144,2.905,0.0013837638376381634,-0.028850233347475607,0.09160305343511443,-0.022012578616352307,-0.03300772521228379
2016-09-30,0.011943976107318344,0.046457000772726964,0.010796064067004618,0.06069197053063502,0.015811760491952098,0.06264266102982052,-0.564711875580594,-0.564711875580594,-0.5675675675675675,-0.5555555555555556,-0.25022443070464917,-0.8178080043024246,-1.5541357759166012,-1.0715308052973596,0.18261234775304502,0.0016997167138810276,-0.07347760442878704,-0.0563063063063064,0.015576323987538832,-0.017857142857142794,-0.06466069142125475,0.0013818516812529325,0.003494975972040182,-0.04195804195804198,-0.01607717041800638,-0.013402878647827854
2016-12-31,0.015023453334018777,0.038135136142279036,0.009054674397286133,0.24230981143798314,0.03503540496601909,0.027185163806798363,1.2601542062508604,1.2601542062508604,1.25,1.25,0.2275923708662877,0.9450218313756842,-0.1334246575342466,-3.340846366145354,-0.3614603309894169,0.08144796380090513,0.10429114611624124,0.12649164677804303,0.03220858895705536,0.06545454545454543,0.13826146475017098,0.0,0.02002612102742707,0.13868613138686126,-0.009803921568627527,-0.16435789332797968
2017-03-31,-0.03088257469514355,-0.04463977026912136,-0.03254945329164982,-0.025754110407449016,-0.025434194406409927,-0.011061893182835125,-1.2972495507294934,-1.2972495507294934,-1.3055555555555556,-1.3055555555555556,-0.6214575176866544,-0.8834735044896926,-0.6531246706713036,-2.3364118687364908,0.7565072302558398,0.04864016736401666,-0.41219872110182,-0.413135593220339,-0.026745913818722267,0.017064846416382284,-0.07937462417318086,0.001379944802208044,0.005548442168160417,-0.41666666666666663,0.00990099009900991,-0.019380155361576
2017-06-30,-0.012468425095219615,-0.04280319921532416,-0.023139638050813316,-0.03448380234710691,0.022156977750589446,-0.034556538453444086,-2.808279536837791,-2.808279536837791,-2.7272727272727275,-2.7272727272727275,0.8734213964290898,6.501695835029168,-1.546559319459213,-1.0053668578150272,-0.002311443227154708,-0.07481296758104738,-0.2309623430962343,-0.21660649819494582,0.021374045801526798,-0.05033557046979864,0.573481384715872,0.0013780431786862835,0.034804753820033785,-0.23076923076923084,0.013071895424836555,-0.008656594528378858
2017-09-30,0.0049966963990750735,0.049933735020654124,0.008619131013866577,-0.007887434151210515,-0.006236322591995247,0.005656238938466451,-0.9216864056213521,-0.9216864056213521,-0.8947368421052632,-0.8947368421052632,-1.241263753293042,-0.4899719685324171,8.309616453585326,97.0958904109589,-0.2272683995049034,-0.2555256064690027,-0.24265505984766056,-0.23502304147465436,-0.007473841554559102,-0.2720848056537103,-0.0444167704441677,0.001376146788990562,-0.011074651353568443,-0.24285714285714288,0.003225806451612856,0.05832440892989532
2017-12-31,-0.0011497137085207942,0.0034001591856933633,-0.028602849298189126,-0.15039036579493192,0.08525391368225299,-0.0013537226081481446,36.85672937771346,36.85672937771346,27.999999999999996,27.000000000000004,-7.268486551585709,0.5643571377916461,-2.247671363744925,0.09426057813154598,-0.32183341547560373,-0.23606082548877627,0.43678160919540243,0.4819277108433735,0.08433734939759052,-0.22815533980582525,-0.003909643788010397,0.0013742556115436955,0.08668602239734557,0.49056603773584917,0.0,0.1809761033704369
2018-03-31,-0.023609839170326774,-0.01740990843031376,-0.02896721760372145,-0.06826144199227901,-0.008517456440840454,0.023519416309172536,-1.005065178332505,-1.005065178332505,-1.0,-1.0,-0.5010759023490534,-0.7205449023074482,-0.6408164241960184,-2.482006125574273,0.7033066860465116,-0.04075829383886265,0.129,0.16260162601626016,-0.011111111111111072,-0.1132075471698114,-0.33144352376798947,0.0013723696248857387,0.01526717557251911,0.1518987341772151,0.006430868167202508,0.054574215660427194
2018-06-30,-0.03564875073321461,-0.058717343080639806,-0.030234836604148385,0.027708323354249442,-0.0686558213912295,-0.014782578400379331,150.29811320754717,150.29811320754717,-inf,-inf,1.1001463301927963,1.098223700218996,2.905735793751249,-1.2317230689744252,-0.09567999999999999,-0.05731225296442688,-0.812223206377325,-0.8111888111888111,-0.0688202247191011,-0.049645390070921835,-0.1917808219178082,0.0013704888076748745,-0.03421052631578947,-0.8131868131868132,0.015974440894568787,-0.08406250000000004
2018-09-30,-0.0013153413079523002,-0.0049190008067585556,0.017255310320889228,0.0029223321484501685,-0.05490590366000836,-0.029296392531890092,-0.3409487703895845,-0.3409487703895845,-0.34090909090909094,-0.34090909090909094,-1.0117593848937132,-0.044300127565812364,-1.3758549523273467,0.35600148643626905,-0.14346937170716367,-0.04612159329140453,-2.099056603773585,-2.111111111111111,-0.05580693815987936,0.02238805970149249,4.246166263115415,0.001368613138685859,-0.05371739976644607,0.0,0.00943396226415083,-0.007847151142954645
2018-12-31,-0.10022247120573613,-0.028084219632426022,0.01899975594985226,0.08564856051863146,-0.47076785477210314,0.018697342120074012,8.843967605207387,8.843967605207387,8.827586206896553,8.827586206896553,-35.474012474012476,0.8728714152813171,-0.2952441459430024,-1.6552480131542888,0.10975441817764509,-0.3538461538461538,25.330472103004293,22.499999999999996,-0.4712460063897763,-0.3138686131386862,0.0,0.0004555808656037108,-0.41176470588235303,0.0,0.04049844236760114,-0.10474552957359007
2019-03-31,0.1528483468429429,0.025191827070636164,0.21199827027985996,0.09410774290667567,-0.1924511486664906,-0.06947260401766275,-0.7632834455264361,-0.7632834455264361,-0.7649122807017543,-0.7649122807017543,-3.1724158726329756,-0.4689328985162948,5.119317450096587,-1.6704307820995399,-0.06630542686962282,-0.34013605442176875,0.46666666666666656,0.18794326241134773,-0.19335347432024175,0.24468085106382986,0.0,0.0,-0.29930069930069925,0.0,-0.020958083832335328,-0.06299454559422302
