Quarter end,Assets,Current Assets,Liabilities,Current Liabilities,Shareholders equity,Revenue,Earnings,Earnings available for common stockholders,EPS basic,EPS diluted,Cash from operating activities,Cash from investing activities,Cash from financing activities,Cash change during period,Cash at end of period,Price,ROE,ROA,Book value of equity per share,P/B ratio,P/E ratio,Cumulative dividends per share,Equity to assets ratio,Net margin,Asset turnover,Current ratio
1994-12-31,0.0555283480881521,0.12078683998619577,0.06830100461237132,0.11090964037473561,0.038114953726254175,-0.07463938275746396,-0.13869863013698636,-0.13573883161512024,-0.12380952380952381,0.010869565217391353,0.5440900562851783,-21.205882352941178,2.1052631578947367,64.38095238095238,0.11072056239015815,-0.020311149524632643,-0.019120458891013437,-0.05128205128205121,0.032032032032031976,0.017621145374449254,0.09241245136186782,inf,-0.016483516483516425,-0.0029268292682926855,-0.025316455696202556,0.008907499048344203
1995-03-31,0.0555283480881521,0.12078683998619577,0.06830100461237132,0.11090964037473561,0.038114953726254175,-0.07463938275746396,-0.13869863013698636,-0.13573883161512024,-0.12380952380952381,0.010869565217391353,0.5440900562851783,-21.205882352941178,2.1052631578947367,64.38095238095238,0.11072056239015815,-0.020311149524632643,-0.019120458891013437,-0.05128205128205121,0.032032032032031976,0.017621145374449254,0.09241245136186782,inf,-0.016483516483516425,-0.0029268292682926855,-0.025316455696202556,0.008907499048344203
1995-06-30,-0.07316463828116637,0.32690136508262335,-0.04938490655311101,-0.07304134929270945,-0.0564222873900293,-0.07463938275746396,-0.13869863013698636,-0.13573883161512024,-0.12380952380952381,0.010869565217391353,0.5440900562851783,-21.205882352941178,2.1052631578947367,64.38095238095238,6.5174050632911396,0.051610057344507965,-0.019120458891013437,-0.05128205128205121,-0.032977691561590694,0.017621145374449254,0.09241245136186782,1.1363636363636362,0.018074268813670802,-0.0029268292682926855,-0.025316455696202556,0.431482040446725
1995-09-30,-0.03962416727636797,-0.06025680693069302,-0.045417781372487975,-0.10814380044020544,-0.037170561909497746,-0.11473626971179984,0.13518886679920472,0.13518886679920472,0.1684782608695652,0.010869565217391353,0.24058323207776433,-1.0803008248423096,0.6174334140435835,-1.1568341830541393,-0.13597137444748475,0.04614093959731558,-0.019120458891013437,-0.05128205128205121,-0.011033099297893756,0.08225108225108224,0.09241245136186782,0.5319148936170213,0.002259522272433756,-0.0029268292682926855,-0.025316455696202556,0.0536636794939378
1995-12-31,-0.05445068163592626,-0.13128652563997034,-0.0584631428012774,-0.07847976307996052,-0.04958037443511942,-0.21437346437346438,-0.27670753064798603,-0.2732049036777583,-0.25116279069767433,0.010869565217391353,-0.055827619980411414,1.1419939577039275,0.14371257485029942,0.9597523219814241,-0.3084043848964677,-0.06535685645549327,-0.019120458891013437,-0.05128205128205121,0.0020283975659229903,-0.05600000000000005,0.09241245136186782,0.3472222222222223,0.005152979066022523,-0.0029268292682926855,-0.025316455696202556,-0.05728437062237335
1996-03-31,0.06280213722330585,0.07921167329922296,0.08355254049563898,0.21246206034636672,0.018204048362994163,0.2984102163148292,0.15254237288135597,0.146987951807229,0.18012422360248426,0.010869565217391353,-0.3340248962655602,0.038081805359661436,-1.5150523560209423,-1.5450236966824644,0.24304332511447702,0.13170313170313164,-0.019120458891013437,-0.05128205128205121,0.011133603238866252,0.13135593220338992,0.09241245136186782,0.25773195876288657,-0.04197372636975327,-0.0029268292682926855,-0.025316455696202556,-0.10990818871729557
1996-06-30,-0.025096756174440404,-0.0785776997366111,-0.057049766817862335,0.0,0.023082054703135402,0.03894018466479321,0.1470588235294117,0.1470588235294117,0.1578947368421053,0.010869565217391353,0.32242990654205617,-0.2649456521739131,-2.6035578144853875,-2.385507246376812,-0.2708982714650042,0.06444275966641388,0.03469785575048734,-0.05128205128205121,0.04304304304304307,0.05243445692883908,0.09241245136186782,0.20491803278688514,0.04949832775919738,0.041095890410958846,0.0,-0.07858335320772714
1996-09-30,0.02250961774576421,0.019723677941877016,0.027032520325203313,-0.017375938742453245,0.012128325508607096,-0.03554868624420404,-0.14102564102564108,-0.14102564102564108,-0.12727272727272743,0.010869565217391353,0.2956419316843346,-0.16081330868761556,-0.598256735340729,-1.145397489539749,0.0540225417800233,-0.09508547008547008,-0.0516201959306708,-0.05128205128205121,0.02207293666026877,-0.1316725978647687,-0.13624220837043644,0.17006802721088432,-0.01019757807520727,-0.05639097744360899,0.0,0.03778956904361319
1996-12-31,-0.012447966698687196,-0.08148009717809757,-0.03502869582426282,-0.10025475797991912,0.024867929390542498,-0.01782852564102566,-0.1279317697228145,-0.1279317697228145,-0.125,0.010869565217391353,-0.2654545454545455,0.03083700440528636,1.2642998027613412,-6.820143884892087,-0.2983038348082596,0.06887052341597788,-0.022248708780293835,-0.014157014157014203,0.04131455399061035,0.04508196721311464,0.10103092783505163,0.14534883720930236,0.03799098518995514,-0.056772908366533814,0.051948051948051965,0.020825539344057953
1997-03-31,-0.011632148502411566,0.011190233977619535,0.003281378178835004,0.0319786808794138,-0.059718380688961514,0.018152151743830336,0.10513447432762835,0.10513447432762835,0.13095238095238093,0.010869565217391353,-0.12747524752475248,-0.5897435897435898,-0.5374564459930313,-0.9728059332509271,-0.011560693641618491,-0.015095729013254844,-0.012190166598943564,-0.005221932114882422,-0.03606853020739409,-0.05490196078431364,-0.02434456928838946,0.12690355329949243,-0.048697270471464216,-0.012671594508975814,0.0,-0.020095284632299037
1997-06-30,-0.04367259903223164,-0.10613682092555332,-0.029095121286454084,-0.07230471271788252,0.0033426928733788497,0.0749198717948718,0.26327433628318575,0.26327433628318575,0.3052631578947369,0.010869565217391353,0.7843971631205673,2.0208333333333335,1.5819209039548023,30.59090909090909,-0.36948431685273786,0.04897196261682235,0.018922254216371837,0.02493438320209962,0.026192703461178857,0.08713692946058083,0.04894433781190011,0.1306306306306304,0.04923377893707204,0.004278074866310044,0.024691358024691246,-0.03646450165181081
1997-09-30,-0.024698769349513316,-0.10534608891389985,0.010877956347813855,-0.0076548364648573175,0.02558635394456288,-0.09485650391352962,-0.2609457092819615,-0.2609457092819615,-0.2540322580645161,0.010869565217391353,-0.34578696343402227,1.7999999999999998,-0.9219547775346463,0.30791366906474815,-0.7664418212478921,0.0776906628652887,-0.0226079935405733,-0.001280409731113985,0.030993618960802216,0.05343511450381677,0.040256175663311966,0.11553784860557781,0.05158483530142943,-0.018104366347177825,0.024096385542168752,-0.09846034415836469
1997-12-31,0.05693559023961314,0.08692917348094098,0.09261316301027489,0.2868162692847125,-0.009095634095634075,-0.011117974058060476,-0.15402843601895733,-0.15402843601895733,-0.1459459459459459,0.010869565217391353,0.053462940461725506,-0.4538177339901478,-0.897196261682243,-0.9537953795379538,-0.15162454873646214,0.032738095238095344,-0.01776125567947129,-0.021794871794871717,0.006189213085764811,0.0,0.041336851363236615,0.10357142857142865,-0.06264775413711587,-0.02386117136659449,0.0,-0.1553530424799081
1998-03-31,-0.021464226289517496,0.005208333333333259,-0.02764010674799844,-0.09918256130790193,0.023603461841070095,0.0054132833645637035,0.17927170868347342,0.17927170868347342,0.18354430379746844,0.010869565217391353,-0.10380622837370246,-1.3945885005636978,88.9090909090909,-4.238095238095238,0.5787234042553191,0.0057636887608070175,-0.02733389402859543,-0.007863695937090465,0.01581722319859402,0.0,0.019425675675675658,0.09385113268608425,0.0460277427490543,-0.008888888888888835,0.0,0.11587800526718195
1998-06-30,0.00284815507566738,0.0017271157167531026,-0.009409919623603269,-0.031306715063520896,0.003586984370996582,0.005798301925864502,0.009501187648456089,0.009501187648456089,0.010695187165775222,0.010869565217391353,0.371943371943372,-2.7485714285714287,-0.5520728008088979,-0.9779411764705882,0.008086253369272267,0.029608404966571245,-0.09252053610030264,-0.0858652575957729,0.007785467128027745,0.01449275362318847,0.03728251864125931,0.08579881656804744,0.000904159132007365,-0.058295964125560484,-0.03529411764705881,0.034107346783403214
1998-09-30,-0.009410368360815546,-0.023563218390804552,0.004947555907381718,0.022326307572209103,-0.03637988256318614,-0.11179740580605313,-0.26117647058823534,-0.26117647058823534,-0.25396825396825395,-0.24731182795698936,-0.949343339587242,-1.3088235294117647,-0.1128668171557562,-50.333333333333336,-0.39572192513368987,-0.10482374768089064,-0.06193425440686051,-0.07225433526011571,-0.02403433476394856,-0.11428571428571421,-0.027156549520766737,0.07901907356948223,-0.027401385124962485,-0.03928571428571437,-0.024390243902438935,-0.04490907752337492
1998-12-31,0.019726988745774277,-0.053560918187168904,0.04168307732703158,0.044899205864386005,-0.015896145184792654,0.029439035697728322,-0.5414012738853503,-0.5414012738853503,-0.5460992907801419,-0.5,18.425925925925927,-6.407407407407407,-0.6666666666666667,-0.30405405405405406,-0.4557522123893806,0.06217616580310881,-0.13458608430675467,-0.13862928348909642,0.0,0.08870967741935498,0.13382594417077187,0.07323232323232332,-0.0349845201238389,-0.12391573729863692,-0.025000000000000022,-0.09419563709242262
1999-03-31,-0.028577423415862335,-0.06542288557213927,-0.043922112294410454,-0.07746273019584915,0.015614483779782029,-0.005404188245890618,1.2847222222222223,1.2847222222222223,1.328125,1.1,-0.057197330791229795,-0.7974559686888454,4.702290076335878,-1.3106796116504853,0.26016260162601634,0.01333333333333342,-0.06279342723004688,-0.06690777576853535,0.0070360598065084545,0.014814814814814836,0.16727009413468497,0.06823529411764717,0.04555662495989754,-0.04950495049504955,-0.012820512820512886,0.013020168496298057
1999-06-30,-0.0019007300531340698,-0.008517434122970458,-0.011007118375955693,-0.05053865652724965,0.0197481776010604,0.04573239755490155,0.24620060790273546,0.24620060790273546,0.24832214765100669,0.24489795918367352,-0.08594539939332657,1.2222222222222223,-0.49129852744310576,0.96875,0.40645161290322585,0.23267008985879323,-0.007514088916718897,-0.007751937984496027,0.017467248908296984,0.22262773722627727,0.3163771712158807,0.0638766519823788,0.021785823872353394,0.0014880952380953438,-0.012987012987012991,0.04427083333333348
1999-09-30,0.033196277861934576,0.0962416107382551,0.05164945018327227,0.02185883530785926,-0.001949571094359226,0.01602078371941973,-0.2195121951219512,-0.2195121951219512,-0.21505376344086025,-0.21311475409836067,-0.09845132743362828,0.6130434782608696,-1.2078947368421054,1.3968253968253967,0.6926605504587156,0.04451965633949495,0.0006309148264984632,0.0,0.0017167381974247942,0.02686567164179099,0.050424128180961425,0.0600414078674949,-0.033933933933933846,-0.01634472511144136,0.013157894736842035,0.0728018663019867
1999-12-31,0.06815516085790874,0.08326190767723762,0.0626108998732573,0.027922926192031294,0.08386508659981762,0.10803324099723,-0.16562500000000002,-0.16562500000000002,-0.17123287671232879,-0.17361111111111116,-0.6515337423312884,0.6590296495956873,12.772151898734178,-0.0927152317880795,0.3712737127371273,-0.004735792622133528,0.07061790668348045,0.083984375,0.06855184233076272,-0.005813953488372103,-0.012113055181695809,0.056640625,0.0146098849860119,0.05891238670694876,0.025974025974025983,0.05383923215356945
2000-03-31,0.007176752029491418,-0.019441618627783375,-0.0132991412213741,0.03383637807783946,0.049261083743842304,0.03480769230769232,0.5543071161048689,0.5543071161048689,0.5289256198347108,0.5378151260504203,-0.16549295774647887,-0.9025182778229082,-1.3602941176470589,-3.0291970802919708,-0.5494071146245059,-0.025294264963686364,0.025912838633686652,0.03603603603603611,0.03608660785886131,-0.08771929824561397,-0.10581289736603083,0.05360443622920519,0.04166666666666674,0.012838801711840153,0.025316455696202445,-0.05151558275224122
2000-06-30,0.042052799626197235,-0.029855907780979796,0.04545179812632205,0.1293792255685311,0.03755868544600949,0.046273926779409,0.26987951807228905,0.26987951807228905,-0.5783783783783785,-0.5792349726775956,1.6708860759493671,0.125,0.3571428571428572,-0.8633093525179856,-0.16666666666666663,-0.07631038026721482,0.03903559127439715,0.045217391304347876,0.034055727554179516,-0.10897435897435903,-0.1289994921279839,0.050877192982456076,-0.004117647058823559,0.029577464788732355,0.012345679012345512,-0.1410352588147038
2000-09-30,0.012330916971825756,0.07188688212927752,0.010290801873157118,0.011972789115646254,0.016775190376338234,-0.020603907637655405,-0.37760910815939275,-0.37760910815939275,-0.3846153846153847,-0.37662337662337664,-1.169036334913112,-3.637037037037037,-0.5789473684210527,-1.526315789473684,0.10526315789473695,-0.19666203059805298,-0.03867403314917128,-0.0266222961730449,0.01646706586826352,-0.2230215827338129,-0.25364431486880457,0.048414023372287174,0.004430005906674639,-0.03283173734610123,0.012195121951219523,0.05921397379912663
2000-12-31,0.02041192972095085,0.026493736836270987,0.03284692417739632,0.05848346329658516,-0.0029306414848583318,0.1757344940152339,-0.25914634146341464,-0.25914634146341464,-0.25,-0.25,-5.214953271028038,-2.5758426966292136,-1.5,-0.75,0.023809523809523725,0.06267313019390586,-0.039080459770114984,-0.03418803418803418,-0.2415316642120765,0.04629629629629606,0.0625,0.04617834394904463,-0.022934431049691395,-0.06930693069306937,0.03614457831325302,-0.03017810026385237
2001-03-31,0.2816060770482909,0.26900647948164136,0.35375921103662256,0.23993395147974095,0.15175266710211188,0.13928736695974075,-3.8189300411522633,-3.8189300411522633,-3.111111111111111,-3.111111111111111,-2.29490022172949,-0.6844919786096257,5.517857142857143,-7.8,0.1348837209302325,0.07689801238188321,-0.7404306220095693,-0.7504424778761062,0.14466019417475717,0.42035398230088505,0.0948529411764707,0.025875190258751957,-0.10141438459223595,-0.7492401215805471,0.0,0.02338037748682198
2001-06-30,0.042816821902342594,0.01770062122372562,0.06269951706638288,0.03995082974800246,0.0007561436672967048,-0.005686433793663737,-1.4087591240875912,-1.4087591240875912,-1.4078947368421053,-1.4078947368421053,-2.172945205479452,9.548022598870057,0.5643835616438355,0.2058823529411764,-0.16803278688524592,0.06989409984871409,-0.6129032258064516,-0.6312056737588653,-0.003392705682781938,-0.06542056074766356,1.7938213566151782,0.04896142433234418,-0.04018754186202267,-0.6242424242424243,-0.023255813953488413,-0.021350834925645934
2001-09-30,0.029907705632392423,0.06313236892716789,0.05318493414465064,0.03752955082742315,-0.023894975443898736,-0.08374183006535951,-0.7964285714285715,-0.7964285714285715,-0.8064516129032258,-0.8064516129032258,-0.5240875912408759,-0.8393144081414033,-0.7802101576182137,-7.7560975609756095,1.3645320197044337,-0.12245475113122173,-1.6130952380952381,-1.576923076923077,-0.024680851063829667,-0.12,0.9125000000000001,0.048090523338047975,-0.052337752965806006,0.0,-0.03571428571428559,0.024702886247877975
2001-12-31,-0.06667192263218757,-0.18924020764511562,-0.07978937360588001,-0.22861482958321466,-0.033091436865021806,-0.056917818397978936,-1.6491228070175439,-1.6491228070175439,-1.6666666666666667,-1.6666666666666667,3.177914110429448,0.10000000000000009,-6.147410358565737,-1.9386281588447654,-0.5416666666666667,0.13148565903963894,2.6019417475728157,2.533333333333333,-0.028795811518324665,0.15909090909090895,0.0,0.044534412955465674,0.036082474226803996,0.0,-0.06172839506172845,0.05103139756441055
2002-03-31,-0.0046177671406447685,-0.003977493209157967,-0.0004371150407311841,0.033230769230769175,-0.01481036725707996,-0.013236684525685494,-3.8378378378378377,-3.8378378378378377,-4.0,-3.75,-0.8906020558002937,0.06969696969696959,-1.1726006191950464,-1.0538461538461539,0.06363636363636371,-0.1361435488464825,-2.0700808625336924,-2.047169811320755,-0.02515723270440262,-0.10784313725490202,0.0,0.04263565891472876,-0.010305614783226558,1.4516129032258065,-0.03947368421052633,-0.03602112398518176
2002-06-30,0.049616701083420534,0.0665238141618778,0.06142164268108452,0.12209648600357359,0.020924327069578474,0.15250718620249115,1.2666666666666666,1.2666666666666666,1.166666666666667,1.3636363636363638,1.6241610738255035,0.22662889518413598,-0.5336322869955157,3.6428571428571432,0.2777777777777777,0.060006594131223334,-0.09068010075566746,-0.10810810810810811,0.01751152073732709,0.08424908424908417,-0.08157365510306702,0.04213135068153662,-0.027289048473967847,-0.09868421052631582,0.0,-0.049550286181520686
2002-09-30,-0.00854332300229077,-0.01726027397260277,-0.0018352747293906013,-0.10392781316348199,-0.02775843199681627,-0.024386864348067028,-0.46218487394957986,-0.46218487394957986,-0.46153846153846145,-0.46153846153846145,1.0537084398976981,-0.2909930715935335,-3.8173076923076925,2.0923076923076924,0.6722408026755853,-0.07402799377916014,0.21329639889196672,0.21212121212121215,-0.028079710144927383,-0.08783783783783772,0.04461475297659789,0.03923900118906065,-0.019564414913252004,0.1824817518248174,0.013698630136986356,0.09669649002064684
2002-12-31,0.07540502337718813,0.08549391320509248,0.18461538461538463,0.049164790901552013,-0.21960704052394597,0.006817213463996552,-7.3203125,-7.3203125,-7.357142857142857,-7.357142857142857,-0.04732254047322537,0.736156351791531,-3.569965870307167,3.8955223880597014,1.968,-0.054081289889150175,-1.8287671232876712,-1.7583333333333333,-0.21435228331780065,-0.029629629629629672,-0.21511856412943797,0.03775743707093815,-0.27409638554216864,0.0,0.0,0.03467210542830257
2003-03-31,0.008214953743491238,0.0011985275233283854,0.013873930947101654,0.022018970189702003,-0.01140833988985046,0.13993511073494136,-1.0939431396786157,-1.0939431396786157,-1.0898876404494382,-1.0898876404494382,0.0797385620915032,-0.36772983114446534,-1.0703851261620185,-0.5457317073170731,0.30121293800539073,0.0,0.1570247933884299,0.05494505494505475,-0.023724792408066353,0.2748091603053433,0.0,0.037486218302094754,-0.019709543568464882,0.0,0.04054054054054057,-0.02039423805913565
2003-06-30,0.01529320329932049,0.04745617785378364,0.008872781804548868,0.059219975693293625,0.041252155458283646,0.01992327682217554,4.171052631578948,4.171052631578948,4.375,4.375,0.012106537530266248,-0.3056379821958457,4.169811320754717,-0.22818791946308725,0.1786639047125842,0.07279829545454541,-0.3833333333333334,-0.4374999999999999,0.03888213851761857,0.0988023952095809,0.0,0.03506907545164717,0.02539682539682553,0.0,0.012987012987013102,-0.011067254856435227
2003-09-30,-0.004741091932735753,-0.0007346938775509848,-0.009754738015607556,-0.045269635965369814,0.014012738853503182,-0.03215239019655425,-0.15521628498727735,-0.15521628498727735,-0.16279069767441867,-0.16279069767441867,0.27751196172248793,-0.05555555555555558,1.2043795620437958,-0.1594202898550725,0.12741652021089633,0.0893743793445878,-0.9613899613899614,-0.962962962962963,0.011695906432748426,0.04904632152588562,0.0,0.03490759753593431,0.01909184726522195,0.0,0.0,0.046642667084050515
2003-12-31,0.03934995658106932,0.06216812351932033,0.011351909184726505,0.04162569649295311,0.15263819095477382,0.044502945969662866,1.7981927710843375,1.7981927710843375,1.8055555555555558,1.75,-0.016853932584269704,3.0,-0.5132450331125828,-1.6,-0.06780982073265784,0.14402917046490438,-213.79999999999998,-213.99999999999997,0.16763005780346818,0.1298701298701297,0.0,0.032738095238095344,0.1088607594936708,2.271604938271605,0.025641025641025772,0.019739793629430125
2004-03-31,-0.00021484328376020212,0.01768958621750505,-0.010204081632653073,0.00136354101111813,0.03313351498637607,0.11725876140182434,-0.4951560818083961,-0.4951560818083961,-0.504950495049505,-0.4949494949494949,-0.9095238095238095,-0.5497737556561086,-0.44557823129251706,1.6781609195402298,-0.19481605351170572,0.08472775564409041,0.1578947368421053,0.21126760563380276,0.002970297029702973,-0.07126436781609191,-0.6334501752628943,0.03170028818443815,0.03333333333333344,0.18301886792452837,0.02499999999999991,0.01627804663440391
2004-06-30,0.007210734921923478,0.026148730350665117,-0.004029990627928748,-0.06776998009846025,0.0442029749973627,0.05747126436781613,0.46055437100213226,0.46055437100213226,0.45999999999999996,0.43999999999999995,5.568421052631579,-2.2035175879396984,3.484662576687117,-1.7896995708154506,0.19106957424714444,-0.0352595494613126,0.07386363636363624,0.12596899224806202,0.040473840078973256,-0.03712871287128716,-0.21311475409836067,0.03165735567970196,0.036676977463544036,0.08612440191387538,0.03658536585365857,0.10072150072150077
2004-09-30,0.02761710601175804,0.05913978494623651,0.01681252156456825,0.10943820224719092,0.06213376439684781,0.023161316537992693,-0.09927007299270074,-0.09927007299270074,-0.09589041095890405,-0.09722222222222221,0.32852564102564097,-1.638830897703549,-0.43365253077975374,-0.7065217391304348,0.04707933740191805,0.057614213197969555,0.04497354497354511,0.09810671256454384,0.057874762808349356,0.015424164524421524,-0.06192129629629628,0.029783393501805033,0.03367433930093777,0.05580029368575645,0.04705882352941182,-0.045293654955427476
2004-12-31,0.05850192622667194,0.10493011612544323,0.02310516087238179,0.06400648166902978,0.16712641491486724,0.0857823669579032,0.6628849270664505,0.6628849270664505,0.6363636363636365,0.6153846153846154,0.3534378769601929,0.39869281045751626,-0.7850241545893719,5.537037037037037,0.2939217318900915,0.11783057355411564,-0.040144665461121165,0.012539184952978122,0.18385650224215233,0.05822784810126569,0.004935225169648172,0.02892199824715158,0.10268041237113423,-0.03198887343532697,0.04494382022471921,0.03844833504977685
2005-03-31,0.0018960444589735115,0.05720578980490876,-0.02764879696074296,-0.010565391205025754,0.09079054604726977,0.06794074615947321,0.3187134502923976,0.3187134502923976,0.30555555555555536,0.32380952380952377,-0.04278074866310155,0.3948598130841121,0.5280898876404494,-0.6473087818696883,0.08011583011583001,0.11957921854873343,0.20422004521477,0.28482972136222906,0.054545454545454675,-0.055023923444975975,0.0963781461019031,0.028960817717206044,0.08863126402393418,0.24281609195402298,0.032258064516129004,0.06849586776859518
2005-06-30,-0.023601322544157366,-0.04321685814631826,-0.05392415268690498,-0.07974987974987979,0.04923789599521822,-0.019607843137254943,-0.06504065040650409,-0.06504065040650409,-0.07092198581560272,-0.06474820143884885,0.2737430167597765,-0.5678391959798995,7.588235294117647,-1.783132530120482,-0.0580875781948168,-0.10469798657718121,0.062265331664580925,0.13975903614457819,0.04597701149425282,-0.15189873417721522,-0.31410974244120937,0.0273178807947021,0.07488835451734799,0.11560693641618514,0.02083333333333326,0.039663387166635644
2005-09-30,0.01893644039476916,0.04834193989920976,0.007571288102261597,0.01693497804725075,0.04415011037527594,-0.016506550218340577,-0.366798418972332,-0.366798418972332,-0.36641221374045807,-0.36923076923076925,-0.20175438596491224,0.2945736434108528,-0.3253424657534246,-1.087179487179487,0.005376344086021501,-0.04026558149496673,-0.03652430044182631,0.029598308668076,0.043269230769230616,-0.08059701492537319,-0.16653061224489785,0.02739726027397249,0.02460850111856816,0.01658031088082912,0.010204081632652962,0.03088917985954054
2005-12-31,0.0043072348426875795,0.03287833827893172,-0.015191438144497527,0.09611430921052633,0.04507945168110217,0.05825415149631463,0.3682896379525593,0.3682896379525593,0.37349397590361444,0.35365853658536595,-0.13919413919413914,-1.278443113772455,-0.47208121827411165,35.88235294117647,0.19723183391003452,-0.020754295916090126,-0.038214613268113706,0.015400410677617993,0.05661619486504277,-0.06168831168831168,-0.05778648383937335,0.025882352941176467,0.040548970679975094,-0.006116207951070374,0.02020202020202011,-0.05767565383061013
2006-03-31,-0.00805503548569686,-0.00821650195357393,-0.034980511329854025,-0.07014911375785426,0.04417906551814155,0.008643114877905589,0.10766423357664223,0.10766423357664223,0.09649122807017552,0.11711711711711703,-0.2563829787234042,-5.774193548387097,0.6201923076923077,-1.6650717703349283,-0.10956384655806617,-0.02689152233363723,-0.07310870947234571,-0.02831142568250755,0.03676012461059197,-0.07958477508650519,-0.03950103950103945,0.02828746177370034,0.052757793764988126,-0.037948717948718014,0.00990099009900991,0.0665972307315279
2006-06-30,0.012707400579404782,0.007936967730722388,-0.007872668149922935,-0.031568330811901135,0.05068433222923563,0.04068219633943437,-0.157331136738056,-0.157331136738056,-0.1519999999999999,-0.15322580645161288,0.7682403433476395,-0.08108108108108103,0.57566765578635,-0.4556354916067147,-0.06698141044555916,-0.06206088992974257,-0.09705075445816203,-0.06139438085327786,0.05288461538461542,-0.09398496240601506,-0.030303030303030276,0.028252788104089266,0.03730068337129833,-0.07569296375266521,0.019607843137254832,0.04078350278591536
2006-09-30,0.00940554363608781,0.02770433383147486,0.015387269277212345,0.05061445532180797,-0.0011896264572923698,-0.01199136621632424,-0.4995112414467253,-0.4995112414467253,-0.5,-0.49523809523809526,-0.21601941747572817,0.1519607843137254,-0.5254237288135593,-0.8766519823788547,-0.008855154965211942,-0.0888888888888888,-0.10026585643752361,-0.07427937915742788,0.003424657534246478,-0.13692946058091293,-0.0345982142857143,0.026753434562545086,-0.010430963491627865,-0.09111880046136112,0.019230769230769162,-0.02180032010596611
2006-12-31,-0.021383944865491555,-0.0375279642058165,-0.043491556522034625,0.05085249801744651,0.01625774178180084,-0.009952261509830862,0.904296875,0.904296875,0.9433962264150944,0.9245283018867925,0.28998968008255943,0.24468085106382986,1.1071428571428572,12.464285714285714,-0.12029355456285895,0.09180597423951764,-0.056986070071760264,-0.029940119760479056,0.022184300341296925,0.09134615384615374,0.17225433526011558,0.026760563380281654,0.03855755894590862,-0.03807106598984755,0.009433962264151052,-0.08412322274881512
2007-03-31,0.009850595642921345,0.035737114300656625,0.0062519981528186275,0.028676539949061386,0.015235862877233997,0.016018306636155666,-0.002051282051282022,-0.002051282051282022,-0.01941747572815533,-0.019607843137254943,-0.5711999999999999,-0.5042735042735043,-0.4171374764595104,0.007957559681697646,-0.13783097569822267,0.08283132530120474,-0.08281110116383161,-0.06666666666666665,0.01112966054535347,0.05726872246696035,0.10749506903353057,0.026063100137174278,0.005341880341880323,-0.0725593667546175,0.0,0.006899525657611205
2007-06-30,0.01922659135346505,0.011501346499102283,0.013026441204504469,0.03594681338835404,0.029148629148629146,0.06700450450450446,0.06783144912641315,0.06783144912641315,0.07920792079207928,0.07000000000000006,1.66044776119403,2.9827586206896552,0.10500807754442643,0.0552631578947369,-0.1687000420698359,0.05841446453407495,-0.010248901903367469,0.0,0.033021463951568464,0.04583333333333339,0.12911843276936774,0.02807486631016043,0.009564293304994642,-0.009957325746799528,0.01869158878504673,-0.023615784643621907
2007-09-30,0.01607161888521791,0.012424427311553687,0.017598271536102494,0.020979020979021046,0.013348289399887747,0.024425179042593337,-0.6121270452358036,-0.6121270452358036,-0.6146788990825689,-0.6074766355140186,-0.09396914446002802,-0.445021645021645,0.051169590643274754,-0.9226932668329177,-0.01568825910931171,-0.04905825667980712,-0.04881656804733736,-0.03703703703703698,0.01917954182205639,-0.07968127490039834,-0.054416403785488954,0.027308192457737412,-0.0026315789473684292,-0.054597701149425304,0.01834862385321112,-0.008396516072435634
2007-12-31,0.023747089303320923,0.021968991398674254,-0.0069518167186055635,0.07898387376452232,0.07311268541067073,0.04694973875929054,0.1712158808933002,0.1712158808933002,0.23809523809523814,0.30952380952380976,-0.047987616099071206,0.20436817472698898,-0.018080667593880384,5.741935483870968,-0.10745501285347048,-0.0025333947489636355,-0.17573872472783825,-0.16208791208791218,0.06795608991113444,-0.0216450216450218,0.029190992493744794,0.026582278481012578,0.04828496042216357,-0.1808510638297871,0.018018018018017834,-0.05282780410742505
2008-03-31,0.03803200754082914,0.07944676744934065,0.036209393751293284,0.0770590598633989,0.0407447521790707,0.04196246573416751,0.9936440677966101,0.9936440677966101,0.9230769230769229,0.7999999999999998,-0.6365853658536585,-0.6243523316062176,-0.5750708215297451,-0.6985645933014354,-0.03629032258064513,-0.15677672592934655,-0.04842767295597494,-0.03442622950819674,0.06167400881057272,-0.20796460176991138,-0.02674230145867096,0.02589395807644901,0.0025169896803423075,-0.051948051948051965,0.017699115044247815,0.002201614517312711
2008-06-30,0.029531950174704447,0.059346444179578794,0.05774094781682648,0.07333631751715908,-0.0022795976014668984,0.10496492174851602,-0.19022316684378326,-0.19022316684378326,-0.18000000000000005,-0.18181818181818177,1.1677852348993287,2.220689655172414,-2.2666666666666666,-7.9523809523809526,0.26180514046622827,0.06407447973713021,-0.1235955056179775,-0.12224108658743627,0.0036883356385430943,0.0,0.06827643630308078,0.02524038461538458,-0.03088124529249303,-0.14481409001956946,0.026086956521739202,-0.012980961256823353
2008-09-30,-0.038118612543861286,-0.07758661103558206,-0.025674102507629915,-0.016542712170709684,-0.04991804500074504,-0.05915750915750917,-0.4383202099737533,-0.4383202099737533,-0.4390243902439024,-0.4320987654320988,0.07946336429308576,-0.2366167023554604,-1.3526315789473684,-0.6575342465753424,0.07105637138796772,-0.08878023674729807,-0.0037707390648566985,-0.0019342359767892114,-0.04869085898024794,-0.08938547486033532,-0.0038971161340608518,0.024618991793669442,-0.012176165803108874,-0.020594965675057364,0.025423728813559254,-0.062116409253389016
2008-12-31,-0.0935114123392804,-0.18377719048587116,0.02993509219491708,-0.07357410417697363,-0.2936532831451275,-0.2927778859256376,-4.626168224299065,-4.626168224299065,-4.6521739130434785,-4.6521739130434785,1.150095602294455,0.12201963534361848,5.895522388059701,2.5933333333333333,0.23839009287925705,-0.3318271674668172,-0.7600302800908403,-0.7732558139534884,-0.2930951231289233,-0.3006134969325154,-0.34115805946791855,0.024027459954233388,-0.22082349855756622,-0.764018691588785,-0.04132231404958686,-0.11894146411620887
2009-03-31,-0.028917623257245895,-0.028268991282689893,-0.028657427729353535,-0.25602685382972235,-0.02923543779142923,-0.16625378475089458,-1.0154639175257731,-1.0154639175257731,-1.0178571428571428,-1.0178571428571428,-1.0342374388617164,-0.78,-1.5,-0.7105751391465678,0.055714285714285605,-0.5228233305156382,-1.6466876971608833,-1.5982905982905984,-0.03210382513661203,-0.32456140350877183,1.312351543942993,0.008379888268156499,-0.0003365870077414179,0.0,-0.06896551724137923,0.30615409729023835
2009-06-30,0.4984034964559887,0.1779443803665257,0.4830535829567464,0.14099671862182106,0.5034309240622141,0.24595576097722027,-15.333333333333334,-21.25,-16.666666666666664,-16.666666666666664,-2.8181818181818183,86.80113636363636,31.274891774891778,-2.9743589743589745,-0.10419485791610283,0.20106288751107182,4.034146341463415,3.0,-0.03034580098800277,0.24675324675324672,0.0,0.008310249307479145,-0.19999999999999996,0.0,-0.15740740740740744,0.03236893082547021
2009-09-30,0.013027445290775042,0.03503236686068645,-0.003482424638154291,0.10847488092028401,0.051219635884172554,0.06394629924041695,-3.313953488372093,-2.462962962962963,-2.3617021276595747,-2.3404255319148937,3.3428571428571425,-1.0267909143855563,-1.0745758165113004,-0.7824675324675325,-0.02530211480362543,0.5287610619469025,-0.14534883720930236,-0.3107142857142857,0.06477438136826796,0.5729166666666667,0.0,0.008241758241758435,0.050505050505050386,0.0,-0.1428571428571429,-0.06627928091519875
2009-12-31,-0.016306131582873307,0.028012823881852,-0.021229660369116554,0.06259121128587641,-0.008394037338993687,0.031047650672422433,-0.7839195979899498,-0.7580872011251758,-0.890625,-0.873015873015873,1.3092105263157894,0.08212560386473422,0.4406474820143884,-4.955223880597015,0.10267338240991863,0.26965750120598164,-1.3072562358276643,-1.5544041450777202,-0.008202323991797766,0.19205298013245042,0.0,0.008174386920980936,0.006009615384615419,-0.06930693069306926,-0.05128205128205132,-0.03254246078050049
2010-03-31,0.024402080774072132,0.089519427402863,0.03661883828353374,0.1372653746375705,-0.006713694964728734,0.08027375201288245,2.203488372093023,1.7093023255813953,4.999999999999999,4.125,-1.0099715099715099,-0.453125,-0.9088639200998752,-0.709433962264151,0.027055516514406186,0.08738601823708203,0.948339483394834,0.6448598130841123,-0.019986216402480994,0.09444444444444433,4.444273240883411,0.008108108108108025,-0.032258064516129004,0.8617021276595747,0.0,-0.041945859019029696
2010-06-30,-0.043703550173215255,-0.057763596264839734,-0.0651612347698799,-0.10452868165045281,0.003575451829357812,0.014980994261012182,0.18148820326678772,0.21459227467811148,0.19047619047619047,0.2195121951219512,-93.64285714285714,1.8244897959183675,11.849315068493151,0.2857142857142858,0.04960656859391044,-0.03144654088050325,1.191287878787879,0.8579545454545454,0.0,-0.010152284263959421,-0.5976415094339622,0.008042895442359255,0.050617283950617376,1.1257142857142854,0.05405405405405417,0.052245069240453246
2010-09-30,0.021782208873889264,0.02933266932270917,-0.0006908144702604258,-0.014085562298643883,0.06910688140556376,-0.05507416654427966,-0.08294930875576034,-0.09540636042402828,-0.09999999999999998,-0.09999999999999998,-0.24132613723978413,-1.2254335260115607,-0.5986140724946696,0.5656565656565657,0.050521512385919065,-0.08152958152958145,-0.11927398444252368,-0.08562691131498468,0.0850914205344584,-0.08205128205128198,-0.6314185228604923,0.007978723404255206,0.06267136701919296,-0.11827956989247301,0.012820512820512775,0.044001329345297435
2010-12-31,0.05434766139906966,0.1505636460399633,0.0817798465331705,0.05600729538718752,-0.00305852277914731,0.07017407522536523,-0.14405360134003353,-0.16796875,-0.15555555555555556,-0.20000000000000007,0.8648373983739837,3.1410256410256414,-4.448871181938911,23.61935483870968,1.1839900713620852,0.2152395915161036,0.1265947006869479,0.15384615384615397,0.0,0.12290502793296065,0.36704834605597947,0.007915567282322122,-0.05492075193512702,0.11890243902439024,0.012658227848101333,0.08957789520595916
2011-03-31,-0.016468356613209223,-0.03355620032799289,-0.049865803263323794,-0.0656303972366149,0.05412335729657958,0.06985694575557333,0.3894324853228963,0.46713615023474175,0.44736842105263164,0.5000000000000002,-1.095367847411444,-0.45510835913312697,-2.1397766653831347,-1.9111635220125787,-0.4939622105412701,0.1816418875242405,0.04094076655052259,0.06666666666666665,0.048606610499027925,0.17910447761194037,-0.010702652396463286,0.00785340314136107,0.08385335413416528,0.054495912806539426,0.02499999999999991,0.034299403996727706
2011-06-30,7.305455714323728e-05,-0.01235695949179827,-0.02683555655195602,-0.04274491682070236,0.05056252986403709,0.08911966334079957,0.5028169014084507,0.5711999999999999,0.5272727272727271,0.5555555555555554,-5.542857142857143,0.5681818181818181,-0.44628378378378375,-0.6140350877192983,-0.37591240875912413,0.04212253829321666,0.13640167364016742,0.15217391304347827,0.05624227441285545,-0.008438818565400852,-0.031514581373471406,0.01298701298701288,0.061173083843109044,0.14470284237726094,0.024390243902439046,0.0317496186656121
2011-09-30,-0.021856326792993097,-0.0416317899466937,-0.03681349060081096,0.03684930404698683,-0.001364482117014676,-0.05839461548049363,-0.1565135895032802,-0.170061099796334,-0.16666666666666674,-0.1785714285714286,0.5572327044025158,0.0126811594202898,-0.6449054301403294,-0.9873323397913562,-0.007647323436797082,-0.21574803149606303,0.08689248895434476,0.09905660377358494,-0.002340550029256816,-0.25531914893617025,-0.33754249635745504,0.012820512820512775,0.020684977958630002,0.07674943566591419,0.03571428571428581,-0.0756721239664897
2011-12-31,0.033950202386820116,0.07667555392111791,0.09509686677828277,0.057965391479785744,-0.07746770453792651,-0.06697994572771193,-0.9277777777777778,-1.0245398773006136,-1.042857142857143,-1.0434782608695652,0.6324717285945072,-0.05008944543828264,-4.125429553264604,-191.47058823529412,1.4678150498640075,-0.16030789825970548,-0.1612466124661247,-0.13733905579399142,-0.08914956011730213,-0.16000000000000003,-0.24266862170087977,0.012658227848101333,-0.12259136212624577,-0.16142557651991607,0.011494252873563315,0.01765298264320836
2012-03-31,0.005402750491159125,0.020877807189821462,-0.008430524614510992,-0.01239548188352646,0.033436560298011786,0.044122863020500835,6.6461538461538465,-21.6,-12.666666666666666,-12.666666666666666,-1.0252350321622958,-0.12994350282485878,-1.7630566245189665,-1.567016676961087,-0.337252020573108,0.3005181347150261,-0.08885298869143776,-0.08208955223880587,0.025112685125563416,0.4285714285714286,0.5488867376573088,0.012499999999999956,0.03521393411586504,-0.08750000000000002,-0.011363636363636354,0.03370394085802442
2012-06-30,-0.010862381102905272,-0.02981891179791729,-0.020462555066079302,-0.062086891942072064,0.0041257708677147065,-0.013995515999728259,0.476861167002012,0.575242718446602,0.5714285714285716,0.5714285714285716,-29.862745098039216,0.41341991341991347,-0.840778097982709,-1.2832244008714597,0.14412416851441234,0.001225865767698453,-0.14095744680851063,-0.1327913279132792,0.002512562814070307,-0.023809523809523947,0.10375000000000001,0.01580246913580252,0.01609363569861011,-0.12876712328767115,-0.02298850574712641,0.034407027818448066
2012-09-30,0.007640684465878289,0.011509612897663501,-0.004744665062625053,0.013144350304853836,0.03066476363479098,-0.060359677530489875,-0.20708446866485009,-0.23420647149460705,-0.23636363636363644,-0.23636363636363644,-0.2506793478260869,-0.03675344563552829,2.3846153846153846,-1.4673076923076924,-0.05886627906976749,-0.06764615855524947,-0.16718266253869973,-0.15312500000000007,0.036340852130325674,-0.06829268292682922,0.10588901472253687,0.015556635877491454,0.029157667386608965,-0.15094339622641517,-0.03529411764705881,-0.0016331863465620655
2012-12-31,0.0034165609502940786,0.00933304922224587,0.07525982828739264,-0.10175849941383353,-0.1239194292908099,0.020532375155825955,-2.0841924398625427,-2.4406438631790746,-2.4523809523809526,-2.4523809523809526,0.40616500453309157,0.4992050874403815,-0.7687165775401069,-2.7818930041152266,0.1114543114543114,-0.008535784635587684,-0.4423791821561338,-0.3726937269372693,-0.14510278113663833,-0.041884816753926635,0.19866871479774706,0.015318334131163347,-0.1518013291360616,-0.45185185185185184,0.0,0.12367086536888605
2013-03-31,-0.004324401982616188,0.023813545009288895,-0.009035321804542917,0.08239798137997045,0.005795851894429216,0.03348422792268457,-2.0063391442155307,-1.7681564245810057,-1.7540983606557377,-1.7540983606557377,-0.7117988394584139,-0.7507953340402969,4.791907514450867,-2.856812933025404,-0.1861973135710977,0.08377483443708611,0.1955555555555557,0.12352941176470567,-0.006364922206506307,0.2622950819672132,0.9692439128577532,0.015087223008015016,0.011546391752577323,0.17567567567567544,-0.012195121951219412,-0.05410782743727871
2013-06-30,0.012091654161376031,0.04449851534147142,-0.028964610589258033,0.013906752411575463,0.10539098961805893,0.013488145727595047,2.8188976377952755,3.254545454545455,3.2608695652173907,3.0652173913043477,7.369127516778523,1.0297872340425531,0.8552894211576847,-2.7027363184079602,0.38958451906659075,0.005499541704858002,1.7230483271375463,1.2670157068062826,0.1295373665480426,0.01298701298701288,-0.12950108459869847,0.014862981885740867,0.11659192825112097,1.7183908045977017,0.0,0.03016622203981112
2013-09-30,0.0009124347751703343,-0.012555770521577747,-0.01646467955016928,-0.04915563307698412,0.03420791865925632,-0.05783082938876316,-0.72,-0.7461538461538462,-0.7448979591836735,-0.7379679144385027,-0.6252338946805667,0.10691823899371067,-0.7041420118343196,-0.7158509861212564,0.07966414089698959,0.11090853843816495,0.03412969283276457,0.02771362586605086,0.03906742281033382,-0.017094017094017144,-0.5743832544231249,0.014645308924485123,0.04016064257028118,0.03382663847780121,0.0,0.03849601593625507
2013-12-31,-0.010041876762669877,-0.0012795393658282528,-0.08037121733531671,-0.0018344034019844857,0.12051655905019798,0.04747342362021256,0.5434462444771724,0.6212121212121211,0.6000000000000001,0.653061224489796,0.5927246790299572,-0.5662878787878788,1.4,0.7172236503856042,0.12670713201820938,0.1356673960612691,0.4838283828382839,0.541573033707865,0.14736203759854472,0.09565217391304359,0.10011709601873542,0.014433919711321463,0.15654615654615656,0.5930470347648262,0.012345679012345512,0.0005754567688101009
2014-03-31,-0.0038560596250413193,0.003403130880409888,-0.002269380266048615,0.021301478573218624,-0.005836865194438268,0.005213401918531924,0.000954198473282375,0.0010384215991692258,0.0,-0.024691358024691357,-0.7424988804299149,1.8558951965065504,0.10000000000000009,-3.3278443113772456,-0.2617845117845118,0.1172928709055876,0.019128113879003594,0.0860058309037901,-0.001585623678647008,-0.02777777777777768,-0.3198509845662586,0.01645175633614948,-0.003034901365705611,0.09114249037227218,0.0,-0.01754133716750539
2014-06-30,-0.006889777996042401,-0.03108291437235655,-0.012026036247489547,-0.02838213643055787,0.00044874911185077693,0.03153308899799456,-0.07816968541468061,-0.08506224066390045,-0.07500000000000007,-0.07594936708860767,1.4260869565217393,0.2446483180428134,-0.21694214876033058,-0.6514469453376206,-0.1236031927023945,0.07674067687001518,-0.32780445220427756,-0.27651006711409387,0.00847008999470611,0.07755102040816331,-0.013302034428794962,0.01618547681539817,0.007305936073059405,-0.30352941176470594,0.012195121951219523,-0.0027806234450461487
2014-09-30,0.01188259933678526,0.059589012889675885,0.04508939505265741,0.017509891405000477,-0.038201323216087935,-0.03432325534624925,-0.031023784901758056,-0.03401360544217691,-0.027027027027027084,-0.0273972602739726,0.2724014336917562,-0.4705159705159705,-1.55584872471416,-4.551660516605166,0.5009107468123861,0.05425425425425412,0.05519480519480524,0.07235621521335789,-0.03202099737532804,0.045454545454545414,0.48057097541633653,0.01592767972449427,-0.05621033544877607,0.0625,0.012048192771084265,0.04133646414245162
2014-12-31,-0.011168125565952258,-0.056859696851923824,0.06020482294766927,-0.040870356581451106,-0.1285608798725273,-0.0014578271433529633,-0.1259338313767343,-0.13849765258215962,-0.09722222222222221,-0.09859154929577463,0.5532394366197184,1.7981438515081205,-3.5727848101265822,-1.0592207792207793,-0.019764216366158105,-0.09551842005317113,-0.01353846153846161,-0.05536332179930792,-0.16323210412147515,-0.06521739130434778,-0.16068559185859677,0.017796610169491522,-0.14249119436439328,-0.062003179650238494,0.0,-0.01667684502278377
2015-03-31,-0.014637478923193226,0.0052334445955413145,-0.01916445623342178,0.06848960579660135,-0.008295054185434636,-0.14001668520578425,0.8046398046398047,0.8978201634877385,0.8769230769230769,0.8437499999999998,-0.5437069278200943,-1.2653399668325043,-0.4458794587945879,-6.56140350877193,0.11213300318358677,-0.0323325635103926,0.18714909544603864,0.11904761904761907,0.025275437459494565,0.1589147286821706,0.02488832163369481,0.017485428809325576,0.004480955937266495,0.16779661016949166,-0.023809523809523836,-0.0591916682591247
2015-06-30,0.022791308324359383,0.015167664179716267,0.004372028035066311,0.030515863405182753,0.06183388046948779,0.043654001616814764,-0.17456021650879572,-0.18521177315147164,-0.1885245901639344,-0.17796610169491522,0.11764705882352944,-4.38125,-0.5793562708102109,-1.1009463722397477,-0.010178117048346036,0.09546539379474939,0.10877561744613762,0.05891980360065463,0.0701643489254109,0.06688963210702337,-0.03549190535491897,0.017184942716857554,0.05167286245353164,0.10449927431059503,-0.03658536585365846,-0.014878383181841315
2015-09-30,0.007932616032538142,0.00355354546922948,0.0009648394552022044,0.03446925186055627,0.03053532102320844,-0.06769945778466302,0.12704918032786883,0.13656387665198233,0.1313131313131315,0.12371134020618557,0.7859174964438123,-0.5582255083179297,0.48021108179419536,-22.859375,0.22477506426735228,-0.12537136066547838,0.1265402843601895,0.09582689335394146,0.03662138216184285,-0.18181818181818188,-0.185280826339574,0.016894609814963824,0.028632025450689547,0.1563731931668857,-0.05063291139240511,-0.02989690721649485
2015-12-31,-0.02658691545990499,-0.015169805247062573,-0.062026451468280674,-0.1507004922377887,0.04278140796449259,-0.047690262545696194,1.6269090909090909,1.734108527131783,1.8303571428571423,1.6972477064220182,-0.06770211071286336,-0.7698744769874477,1.1390374331550803,-0.318084345961401,0.12514757969303414,0.12386775362318847,0.553639040807741,0.5768688293370943,0.05470085470085473,0.08429118773946365,0.01347068145800323,0.018196202531645556,0.07972508591065264,0.7113636363636366,-0.053333333333333344,0.15956429330499478
2016-03-31,0.0060859083291682214,-0.046618998978549486,0.003895514183973381,0.04164065983058407,0.008867344525892662,-0.06621880998080609,-0.9296788482834994,-0.9520839240147434,-0.9526813880126183,-0.9489795918367347,-0.9777872703972661,9.572727272727272,-0.27416666666666667,-3.061844863731656,-0.2293342660603941,-0.06830546040701191,-0.20037909558624423,-0.16189624329159202,0.039438141545110605,-0.11660777385159016,-0.41516810007818605,0.01787101787101797,0.00445576066199882,-0.13745019920318735,-0.042253521126760396,-0.0847271227603904
2016-06-30,0.19117475160724728,0.12753921316533812,0.22101604532685815,0.10263653483992474,0.13035665455681866,0.11669625338690093,11.62992125984252,17.4792899408284,17.6,16.4,41.65384615384615,-0.2261392949269132,-0.29850746268656714,-1.3553634977122522,0.10574886535552186,0.09991349480968847,0.2448357602438198,0.25293489861259344,0.1502079002079002,0.05600000000000005,0.320855614973262,0.017557251908397076,-0.03073510773130539,0.35257890685142423,-0.05882352941176472,0.022579353159106752
2016-09-30,-0.011039693832491038,-0.05822881033827443,-0.019789432637941085,-0.017545221644282294,0.0034213436549626053,0.04442771084337349,-0.7493765586034913,-0.7697726544988792,-0.7706093189964158,-0.7586206896551724,-0.39359783588818753,-0.5166666666666666,0.9738134206219313,-1.396280400572246,-0.03789848132439455,0.0037357451828547994,-0.11751904243743194,-0.10136286201022149,0.00903750564844108,-0.125,-0.23886639676113375,0.017254313578394687,0.015037593984962294,-0.07911212293682413,-0.03125,-0.04137086903304765
2016-12-31,-0.013804822385393933,-0.04516102994591975,0.03992043759323716,-0.004030027657052515,-0.10497675219562597,0.0430185051670271,-0.9353233830845771,-1.0458970792767732,-1.03125,-1.0317460317460316,0.38513011152416365,1.2551724137931033,-0.0016583747927031434,0.5342960288808665,-0.060437997724687165,0.08658178256611171,-0.4972256473489519,-0.4720379146919431,0.035826242722794444,0.07359307359307365,0.1648936170212767,0.016961651917404064,0.05249597423510455,-0.48949320148331266,0.0,-0.041317671092952035
2017-03-31,0.016563745896794213,0.041464136269495855,0.004054932864083316,0.046731196445572776,0.04128987570708431,0.016129032258064502,16.076923076923077,-27.90909090909091,-38.0,-37.0,-0.7444981213097155,0.08053007135575951,-0.8081395348837209,0.7858823529411765,-0.11487815952777358,0.09915269515053171,0.11833231146535872,0.10233393177737882,-0.0423692174664938,0.06451612903225823,1.0650684931506849,0.016678752719361922,0.02447980416156681,0.12227602905569013,0.016129032258064502,-0.005007724681689862
2017-06-30,0.01755579749591729,0.05255681818181812,0.0031241665714176747,0.017888274084741917,0.05029563932002956,0.04565381708238858,0.4876126126126126,0.4876126126126126,0.45945945945945965,0.48611111111111116,1.8130252100840338,-0.3462264150943396,0.8528138528138529,-1.4874835309617918,0.06326949384404923,0.023126127603739555,-0.4040570175438597,-0.3827361563517915,0.04875846501128667,0.06818181818181812,-0.12493090105030402,0.016405135520684677,0.032258064516129226,-0.40560949298813376,0.031746031746031855,0.03405257803715811
2017-09-30,1.4137901686383696,1.1130133024869866,0.784970944585818,1.0312755975873111,2.6221807818162626,0.1098742229290155,-0.6109008327024981,-0.6131718395155186,-0.7037037037037037,-0.7009345794392523,0.9820761762509336,-8.051948051948052,0.44859813084112155,17.82972972972973,1.1145062721132195,0.07358127605001608,-0.4636614535418584,-0.3350923482849605,0.8936719758932417,0.02127659574468077,0.7624763108022741,0.01614035087719312,0.5002893518518516,-0.11978221415607992,-0.23076923076923084,0.040231968104385674
2017-12-31,-0.032051056027643576,-0.08956040948157884,-0.03996042258466059,-0.042158516020236125,-0.02541138072387461,0.30689071251791056,-3.4571984435797667,-3.49119373776908,-2.6875,-2.6875,0.5923134890730972,-0.7667280540208717,7.458064516129033,-0.958375197358978,0.022056586553087953,0.05898163356726904,-0.6157804459691252,-0.5833333333333333,-0.020686519663559944,-0.4409722222222222,0.21612903225806446,0.013121546961325947,0.006943105110897019,-0.5216494845360825,-0.09999999999999998,-0.049477351916376255
2018-03-31,0.0014414770716679737,-0.0032068626861483374,-0.007978988663186914,0.018715554194733697,0.009269410943885115,0.07196252367188283,-1.8741092636579573,-1.8625294579732914,-1.8703703703703702,-1.8703703703703702,-1.5056791292001894,-0.7456140350877193,-0.7057589626239511,-11.972413793103449,-0.19385325197201964,-0.017343485617597354,-0.1116071428571428,-0.03809523809523818,0.012766945218198877,0.006211180124223503,0.3082817565576186,0.012951601908657073,0.00785290174296116,0.008620689655172598,-0.04444444444444451,-0.021522832006702908
2018-06-30,-0.026366522726446018,-0.03691713751432646,-0.02269959895885698,0.056091971296539755,-0.029606952399762965,0.12715016271501622,0.6014492753623188,0.6038251366120218,0.6170212765957448,0.6170212765957448,-1.9780065512400562,-3.3448275862068964,0.33441348023331163,-0.6769327467001885,-0.09489522754546298,-0.05524465490027253,0.045226130653266194,0.08910891089108919,-0.02383680953472378,-0.06790123456790131,0.12367650371705352,0.025572005383580176,-0.003420752565564511,0.10256410256410264,-0.023255813953488413,-0.08809205244848817
2018-09-30,-0.01555236514434244,-0.05202831075015135,-0.03173115391209924,-0.015297047314123069,-0.001750422340274005,-0.1700144359661786,-0.7188914027149321,-0.7189097103918228,-0.7105263157894737,-0.7236842105263158,-1.1545454545454545,0.5426470588235295,-0.5716367168528411,1.2655642023346303,-0.23753187149413568,0.03311057108140947,0.004807692307692291,0.00909090909090926,0.003756750410894405,0.0596026490066226,0.35024057738572556,0.0,0.014111365369946727,-0.06201550387596899,0.0714285714285714,-0.037267445272609834
2018-12-31,0.019392473963557144,0.09245677788789775,0.08431217462135066,-0.10711705202312138,-0.03587521663778159,-0.001192665109576052,-0.044265593561368166,-0.0444444444444444,-0.045454545454545525,0.0,-16.792569659442727,-0.024785510009532885,-3.909297052154195,-3.8106483469300128,0.875601926163724,-0.15715965892384587,0.8660287081339715,0.8378378378378379,-0.039532163742689974,-0.16249999999999998,-0.05419450631031908,0.01246719160104992,-0.05415569763068828,0.8388429752066116,0.022222222222222143,0.22348207754206273
2019-03-31,0.009333616976014536,-0.007156825192024652,0.04176329054664629,0.15638276350394498,-0.022491038479026337,-0.022389173590725897,0.09473684210526323,0.09725158562367864,0.09523809523809534,0.09523809523809534,-0.9949029602038816,-0.022482893450635366,-1.402182385035074,-1.2988084326306142,-0.13949507916131798,-0.03279260422117558,-0.13076923076923075,-0.1470588235294119,0.002191914271797213,0.00746268656716409,-0.47237048665620096,0.016850291639662895,-0.03161033797216706,-0.13258426966292125,-0.021739130434782594,-0.1414050822122569
