Quarter end,Assets,Current Assets,Liabilities,Current Liabilities,Shareholders equity,Revenue,Earnings,Earnings available for common stockholders,EPS basic,EPS diluted,Cash from operating activities,Cash from investing activities,Cash from financing activities,Cash change during period,Cash at end of period,Price,ROE,ROA,Book value of equity per share,P/B ratio,P/E ratio,Cumulative dividends per share,Equity to assets ratio,Net margin,Asset turnover,Current ratio
1996-03-31,0.2755832350865812,0.47806282545859435,-0.39352971697079087,-0.1597684202955878,1.337909247558874,0.2855664151919899,0.33910196445275953,0.33910196445275953,0.1578947368421053,0.1578947368421053,1.266986410871303,-0.6404504397432851,0.18131824340479796,-2.4987261795577296,2.7867361440075795,0.3114478114478114,0.10224719101123614,0.08533333333333348,1.3432835820895521,-0.590713671539123,-0.11961083555894703,,0.83302752293578,0.027070063694267565,-0.01098901098901095,0.7591092484283615
1996-06-30,0.2755832350865812,0.47806282545859435,-0.39352971697079087,-0.1597684202955878,1.337909247558874,0.2855664151919899,0.33910196445275953,0.33910196445275953,0.1578947368421053,0.1578947368421053,1.266986410871303,-0.6404504397432851,0.18131824340479796,-2.4987261795577296,2.7867361440075795,0.3114478114478114,0.10224719101123614,0.08533333333333348,1.3432835820895521,-0.590713671539123,-0.11961083555894703,,0.83302752293578,0.027070063694267565,-0.01098901098901095,0.7591092484283615
1996-09-30,0.1009290627598387,-0.11785206096530942,0.33432943728160014,0.3128905246939999,0.0041471144633074,0.13548457024294325,-1.2032832692979392,-1.2032832692979392,-1.1818181818181819,-1.1818181818181819,-2.788963328631876,1.053755887943145,-0.9151767642693294,-2.1738967838444276,-0.8638945182516451,-0.04107830551989733,0.10224719101123614,0.08533333333333348,0.0,-0.590713671539123,-0.11961083555894703,,-0.08794508794508793,0.027070063694267565,-0.01098901098901095,-0.3280883294218049
1996-12-31,0.16746405510250573,0.13244947425623854,0.2498193902615229,0.04270300224924206,0.1301973487832686,0.1562870740321547,-7.1743986254295535,-7.1743986254295535,-7.75,0.0,0.6235340494727506,-0.3898601750326929,4.626168224299065,-1.4182281560427468,2.6545955882352943,0.04953145917001334,0.10224719101123614,0.08533333333333348,0.10828025477707004,0.04831932773109249,-0.11961083555894703,,-0.0319849482596426,0.027070063694267565,-0.01098901098901095,0.08607869598581663
1997-03-31,0.030613772455089894,0.010427616044361265,0.003988439306358282,0.03301341169850258,0.04228327979009894,0.049956364837134615,0.08877139279254198,0.08877139279254198,0.07407407407407396,-8.25,-0.8354376593419934,-0.49137732053945327,-1.0012016681982046,-1.8827643514992036,-0.6412152306222021,-0.14413265306122447,0.10224719101123614,0.08533333333333348,0.04022988505747138,-0.22645290581162325,-0.11961083555894703,,0.01133786848072571,0.027070063694267565,-0.01098901098901095,-0.021878959165773426
1997-06-30,0.26110413662160337,0.14755568957069087,0.644898957913524,0.007111945041309742,0.03976621305019701,0.17659215994608557,0.13303514376996795,0.13303514376996795,0.13793103448275867,0.13793103448275867,-2.8292143120619695,5.388200972447326,-3012.8529411764707,-0.9141826168810794,-0.15337165288097576,0.017883755588673722,0.10224719101123614,0.08533333333333348,0.03867403314917128,-0.023316062176165775,-0.11961083555894703,,-0.17552850736707226,0.027070063694267565,-0.01098901098901095,0.13946594928510936
1997-09-30,0.14113855317608537,0.12972561075747713,0.2492015295630945,-0.135044173327724,0.04535266974291363,0.08511531999389033,0.11324159711256487,0.11324159711256487,-0.33333333333333337,-0.33333333333333337,-1.6862270619076427,-0.4238872313219265,-0.3869124927980625,-9.606946983546617,1.5591985428051003,0.26647144948755486,0.39857288481141673,0.08533333333333348,0.042553191489361764,0.22015915119363383,0.10249187432286022,,-0.08391608391608396,0.33333333333333326,-0.033333333333333326,0.3060880970597881
1997-12-31,1.303885785763594,0.757234979096042,1.9081185205940039,2.5592690383546413,0.6389013097299137,2.9901027553928987,1.8840932117527864,1.8840932117527864,1.0454545454545454,1.0909090909090908,4.913605642080517,5.261956349416055,4.17031951833328,-2.1425233644859816,-0.6025234551924943,0.12716763005780352,0.35787172011661816,0.08533333333333348,-0.09183673469387754,0.08043478260869574,-0.237617924528302,,-0.28859202714164545,-0.15930232558139523,0.29885057471264354,-0.5062848343849901
1998-03-31,0.15150969892077737,0.46119508676258425,0.2593752333420849,0.06492923377257198,-0.05285078002938226,-0.4294990375859613,-3.1950396964800114,-3.1950396964800114,-2.7555555555555555,-2.717391304347826,-2.766845557543232,-0.7298704586691421,-0.4117491212342461,-6.518218999814092,9.66384502685984,0.0020512820512819108,-1.2436929683306495,-1.1977886977886978,-0.0561797752808989,0.1046277665995976,-0.28177365300335133,,-0.17764530551415814,0.0,-0.1327433628318584,0.3720930232558137
1998-06-30,0.08502275969834905,-0.08133991879142799,0.10687850724687564,-0.028010485600630575,0.03227498116533645,0.1144004421273126,-1.1541994750656168,-1.1541994750656168,-1.1518987341772151,-1.1518987341772151,-1.2628248396895039,0.9864413133806118,-0.38730963403649166,-2.0850669586456667,-0.9833150149600048,0.13306038894575245,-0.15638766519823788,-0.26708074534161497,0.029761904761904878,0.20036429872495432,12.545944005743001,,-0.04856832185574467,0.0,-0.0714285714285714,-0.05487473439739088
1998-09-30,0.09524590728501692,0.20279247943479906,0.10255958336141213,0.19824415819550012,0.07646294198318526,0.10485521068146353,2.0211728074727557,2.0211728074727557,2.0,1.9166666666666665,2.5380417335473515,-0.4943644103338366,-0.1867478118161926,-1.4929907630210355,29.05397987191217,-0.1869918699186992,-1.2898172323759791,-1.2627118644067796,0.07514450867052025,-0.2109256449165402,6.154402607382284,,-0.017142857142857126,-0.950207468879668,-0.04395604395604402,0.0038166941154942347
1998-12-31,0.09288017027631024,0.16106540745932785,0.10827073678733568,0.4043551141505797,0.0499186854967717,0.06111084953779988,-0.5090178295372565,-0.5090178295372565,-0.5277777777777777,-0.5428571428571428,-1.1783262256903488,-0.10674850442193451,0.05242579668712688,-0.7455284040811185,0.26296082072513616,-0.08000000000000007,-2.945945945945946,-2.806451612903226,0.048387096774193505,-0.14423076923076927,-0.9342851851851852,,-0.03914728682170543,0.0,-0.1724137931034483,-0.1732597203052163
1999-03-31,0.06899282754565639,0.025738110620390664,0.07377187692007459,0.0009302325581395099,0.0515485455742577,0.04197554236897072,0.6237755387629442,0.6237755387629442,0.7058823529411762,0.7500000000000002,-7.498812754409769,0.5520979629737102,-0.06301681780050339,-1.1957678505135503,-0.03813242702533326,-0.2850241545893719,-8.662037037037038,-8.464285714285714,0.05128205128205132,-0.31685393258426964,0.0,,-0.01653892698668824,15.333333333333332,-0.01388888888888895,0.02479052479052468
1999-06-30,0.028850402763484606,0.03164714891713061,0.05613724104825857,0.012372911721234336,-0.04906771344455352,0.0016323911833842075,-1.950532167018572,-1.950532167018572,-1.9310344827586208,-1.9642857142857144,-1.1967794973510453,-0.30260766820469487,-0.08801773571230631,8.628318584070797,-0.38170655306352586,-0.27533783783783783,-0.4326283987915408,-0.4545454545454545,-0.04878048780487798,-0.3125,-0.9203065997858311,,-0.07547169811320753,-0.44387755102040816,-0.014084507042253502,0.019057572311191873
1999-09-30,0.043114670745691974,0.10897019942116981,0.05395327088236668,8.184713481468373,0.004642907642014915,0.04010271555670197,-1.1024071807425542,-1.1024071807425542,-1.1111111111111112,-1.1111111111111112,-10.27997347480106,-0.5072595865145406,-0.7092819410032256,-4.210018382352941,1.867142220240749,-0.1328671328671328,-0.6080937167199147,-0.6228070175438596,0.0,-0.0861244019138756,0.5176803394625176,,-0.03682342502218283,-0.6146788990825688,-0.02857142857142847,-0.8792567791753386
1999-12-31,-0.06219113496359052,-0.01513663281744737,0.01021909986737346,0.02270484425003083,-0.31433637018660154,0.017309411174816436,-67.6945551128818,-67.6945551128818,-63.00000000000001,-63.00000000000001,-0.025381943948207142,-0.46677983068921247,-1.183396984924623,-0.23836793128131706,0.5264273900566856,-0.3521505376344086,-10.019021739130434,-9.162790697674419,-0.3128205128205128,-0.3507853403141361,0.6845293569431499,,-0.26900046061722704,0.0,0.014705882352941124,-0.03697227079690224
2000-03-31,-0.017859521820687174,-0.015650295991740282,-0.02331096650128206,-0.02292080746804326,0.014711829511893315,-0.0032331511839708282,-1.0255338072386717,-1.0255338072386717,-1.0268817204301075,-1.0268817204301075,-0.09835031893833857,-0.8682556525997878,2.4774221832529593,0.138453276047261,0.3926246284068493,-0.32365145228215775,0.24917143717987367,0.13390313390313402,0.014925373134328401,-0.016129032258064502,0.0,,0.033396345305607866,0.0,0.01449275362318847,0.007263294422827471
2000-06-30,-0.08160304081315417,-0.05925824785376599,-0.09006623787117907,-0.8037800401539636,-0.03368296468059151,0.018260582134996595,-4.991421887184819,-4.991421887184819,-4.8,-4.8,-0.20340554254488685,-38.86028500619579,7.251323751891075,-0.04955656193980562,0.26795986088298074,-0.1165644171779141,0.06126386878919443,-0.011306532663316604,-0.03676470588235292,-0.13114754098360648,0.0,,0.051829268292683084,0.0,0.04285714285714293,3.7947463301570954
2000-09-30,-0.09911117651466272,-0.25918632248572926,-0.12776206691159808,-0.12419813971484639,0.03322293391657549,-0.04321101692231355,-1.6291110387495928,-1.6291110387495928,-1.631578947368421,-1.631578947368421,0.7213409281149834,-1.0438169425511197,0.7651471745391485,-4.774612234768582,-0.7976944700847528,0.5902777777777779,0.05977272727272731,0.019059720457433205,0.03053435114503822,0.6509433962264151,0.0,,0.14724637681159436,0.0,0.06849315068493156,-0.1540981845525835
2000-12-31,-0.044666881671147296,-0.11418374662148623,-0.07207363051339366,-0.12509291594788297,0.056504265414309085,0.0281655564290344,0.5872670807453415,0.5872670807453415,0.5833333333333335,0.5,0.3386547744713153,2.7861811391223155,-0.5673862613392424,-0.9515641231311391,-0.19098356405869243,0.8689956331877731,-1.0868539566802489,-1.0947630922693268,0.04444444444444429,0.8114285714285714,0.0,,0.10560889338049528,-0.2777777777777778,0.0641025641025641,0.01244523461807101
2001-03-31,0.01822899703876657,0.05298649073201389,-0.009699704002318454,0.12089272904334991,0.1112036591788601,0.0361398915078901,1.017478640840018,1.017478640840018,0.9473684210526316,0.9444444444444444,-0.48761363032268357,0.8657953144266337,-0.6621981232117489,0.8683317496945839,-0.4410548915307463,0.3317757009345794,1.88641975308642,2.1578947368421053,0.1063829787234043,0.27444794952681395,1.956569847856155,,0.09140767824497265,1.9670329670329667,0.07228915662650603,-0.060583254938852305
2001-06-30,0.03585204740988246,0.15367686898655464,0.015492329052925857,0.05317973635378781,0.1013860733245926,0.03734429090381841,-0.04490204952479471,-0.04490204952479471,-0.05405405405405406,-0.05714285714285705,0.33020352406148956,-0.7028205873800524,-1.0630812059468104,-5.926983435047951,3.887805996674884,0.06666666666666665,0.9555175363558597,1.1666666666666665,0.08333333333333326,-0.034653465346534684,-0.6290232035928144,,0.06323283082077058,1.0814814814814815,0.04494382022471921,0.09546698711529467
2001-09-30,-0.018366732520874174,-0.05635151994140786,-0.04845711917326623,0.06474927605604153,0.11706608603322421,0.08386331869009589,0.4986630563547132,0.4986630563547132,0.48571428571428577,0.4242424242424241,0.4578236509937994,1.0614659313289452,-61.55117370892019,-1.5898842438988425,-0.46919937131999345,0.11513157894736836,0.2790901137357831,0.4076923076923078,0.11242603550295849,0.028205128205128105,-0.47641866330390914,,0.1378495470657739,0.3398576512455518,0.043010752688172005,-0.11377902370650261
2001-12-31,0.005801246511841773,0.040692473646361416,-0.03159191430751729,-0.04769480933554393,0.05444126674399219,-0.010551792906671187,-0.26469126880166227,-0.26469126880166227,-0.23076923076923073,0.3191489361702129,-0.7696841617177608,-0.10593311758360302,-0.8941414548668724,-0.7864160187985901,-0.18879681803115678,0.020648967551622377,0.045143638850889234,0.13251366120218577,0.08510638297872353,-0.08229426433915199,-0.248073217726397,,0.04845967462789891,0.10491367861885781,0.030927835051546504,0.09283454820519865
2002-03-31,0.0012924893079437894,0.001325147894089218,0.007084977563505568,0.04730464944204682,-0.013138431052523991,-0.0046362563626334286,0.10504330732846001,0.10504330732846001,0.07499999999999996,-0.35483870967741926,2.290293855743544,-0.1797779922779923,4.347103200761738,-0.41315543071161054,-0.1365803165263817,0.1445086705202312,-0.022251308900523514,0.030156815440289586,-0.03431372549019607,0.05434782608695654,-0.14029468289557978,,-0.014526246285902933,0.01081730769230771,0.020000000000000018,-0.04392146992197321
2002-06-30,0.071970024603083,0.2440999551855383,0.4389557122407839,-0.07187110386496598,-0.7717717596877389,0.0351022412402231,-0.7673578297848686,-0.7673578297848686,-0.7674418604651163,-0.75,-0.28140260045890453,0.5472197705207413,-1.9663580077803955,-22.005783805345033,3.3228065747547086,-0.02020202020202022,0.01907630522088355,-0.16042154566744737,-0.700507614213198,0.015463917525773141,-0.0469448584202683,,-0.7869346733668341,-0.16884661117716993,0.009803921568627416,0.340463340792418
2002-09-30,-0.009344129100944176,-0.05624103688069915,0.028612338847589402,0.11946143671984788,-0.570587301867165,0.08700926409097387,5.4719235364396654,5.4719235364396654,7.399999999999999,6.199999999999999,1.2301293597511052,0.22996767446282562,-2.7790865793502295,-1.2056435916181651,-0.1580718143336739,-0.06829896907216482,0.48078817733990165,0.06276150627615062,-0.5423728813559321,2.1091370558375635,0.06645817044566082,,-0.5660377358490567,0.05293276108726741,0.009708737864077666,-0.15696960769872847
2002-12-31,0.004366014432338972,-0.02424487865017133,-0.01037363228001853,-0.09971970179470846,0.4424964073085609,0.04551594575160944,0.08567472770906415,0.08567472770906415,0.11904761904761907,0.6805555555555556,-0.5613169449461797,0.2636509801496507,-0.699125973022285,-0.12802991827877552,-0.16371217309142605,0.12171507607192233,0.9135063206919494,0.1811023622047243,0.29629629629629606,1.4522448979591838,-0.030791788856304958,,0.43478260869565233,0.15217391304347827,0.019230769230769162,0.08386721025043697
2003-03-31,0.11487402383182221,0.36343535478563016,0.09633218199142446,0.15395709515688605,0.5876835933052489,-0.08604520807162053,-0.38084712043665303,-0.38084712043665303,-0.36170212765957444,-0.5702479338842975,0.3498644260703645,-0.49117913332843965,-4.936789979609671,-12.040929789261886,2.16137859549106,-0.07274969173859436,0.0,-0.039999999999999925,0.7428571428571429,-0.2846205059920107,-0.29803328290469,,0.4242424242424241,-0.014150943396226467,-0.028301886792452824,0.1815153143471251
2003-06-30,0.0352164043170744,0.03157351709126566,0.011605894964640706,0.0707539486271247,0.42235807703685113,0.06541005247853993,0.05786394968829822,0.05786394968829822,0.050000000000000044,0.05769230769230771,-0.023199295713524082,2.120942534263044,-1.021968856153096,-0.9491077551685938,0.03479412709758223,0.030585106382978733,0.0,0.14930555555555558,0.3114754098360657,-0.4090274546300605,-0.017241379310344862,,0.37234042553191493,0.16267942583732053,-0.009708737864077666,-0.03656539930871383
2003-09-30,-0.00562410979652006,-0.033022704986636064,-0.055855926483372675,0.051258647061589446,0.5798933662729875,0.04776446620927843,-0.011941848390446541,-0.011941848390446541,-0.07936507936507942,-0.018181818181818188,0.264883596943309,-0.34850539291217253,29.88181261481935,-5.098850358085187,-0.13782057375335066,0.2748387096774194,0.0,-0.1178247734138973,0.6375,-0.027559055118110187,0.08333333333333348,,0.5891472868217056,-0.10082304526748964,-0.019607843137254943,-0.08020203927492442
2003-12-31,-0.045309674585902404,-0.18298999697532736,-0.08697751527749731,-0.04538888786568829,0.22411523487362772,0.07824938337989651,0.649973725696269,0.649973725696269,0.6724137931034484,0.6851851851851851,-0.6530081790355763,0.5609242703751005,0.7750247868332343,3.838310688093432,-0.7734106552888732,0.23076923076923062,-0.015530829856281847,0.0022831050228311334,0.26717557251908386,-0.24858299595141709,0.30971659919028327,,0.28211382113821126,-0.0022883295194509046,0.010000000000000009,-0.14411085450346417
2004-03-31,0.05387940561183835,0.13955191072591377,0.011184946541985319,0.05158756408136256,0.27358401412971567,-0.03255060114265895,-0.15817382719194883,-0.15817382719194883,-0.1649484536082474,-0.15384615384615385,2.6475011568718188,-0.3948696192366551,-1.029721441777589,-1.434773725124969,1.4840001946251036,0.1751644736842104,-0.18224629149988236,0.08314350797266523,0.18674698795180733,-0.07219827586206895,0.31452859350850093,,0.20862396956246032,0.053899082568807266,0.02970297029702973,0.08364813815434435
2004-06-30,0.04195373091670995,0.08547995271901909,0.0008913786985746963,0.007448818856362616,0.20567208936969394,0.030254131718185917,-0.00877707367823699,-0.00877707367823699,-0.345679012345679,-0.35064935064935066,-0.28132830092930317,0.09031498823175932,-0.9146776921631272,-0.4803768347195051,0.31043511191203743,0.1084674597620714,-0.16383530089260012,0.06098843322818093,0.18781725888324874,-0.0662020905923345,0.008818342151675429,,0.15739769150052463,0.041349292709466745,0.009615384615384581,0.07741257193448425
2004-09-30,0.13785835251692813,0.10480697671000616,0.19008170362050136,0.15941037361562427,-0.04005025381572469,0.07958414154415094,0.15238258811854744,0.15238258811854744,0.15094339622641506,0.17999999999999994,0.27821174809126625,4.682535308301757,346.6541850220264,-0.44808076559049326,0.13074673270187986,-0.0599747474747474,-0.029614325068870517,0.0574826560951438,-0.008547008547008517,-0.20895522388059684,-0.12354312354312358,,-0.1563916591115141,0.06792058516196464,-0.00952380952380949,-0.04709568075599613
2004-12-31,0.03334908887317445,0.050607468610695205,0.0010431238897090633,-0.008791593459485325,0.15651639489229252,0.03437604423615226,-0.06266353128208524,-0.06266353128208524,-0.06557377049180335,-0.05084745762711851,-0.24609847046231403,-0.8030600615891952,-1.085988532328064,-0.045882397774475,0.11032334252804676,0.1584956346541302,-0.14158977998580546,-0.08716026241799435,0.125,0.16981132075471694,0.037898936170212894,,0.11929070392262231,-0.05381604696673192,-0.028846153846153855,0.05993316805001614
2005-03-31,0.05487868233518145,0.1072808269638088,0.019671611132694666,-0.020088967367313026,0.18213115568859983,-0.009813263896442104,-0.004734815024204142,-0.004734815024204142,0.0,-0.017857142857142905,0.2755292474324773,-0.4696708528277107,0.4487179487179487,1.6321044853616646,0.26152973065215757,0.20811594202898553,-0.09632079371641178,-0.04722792607802884,0.1839080459770115,0.07258064516129026,0.23446508648302378,,0.12049927988478148,-0.016546018614270852,-0.02970297029702973,0.12997050747482963
2005-06-30,0.03837291098387352,0.01797556338020856,0.012235339657467259,0.06004236925941586,0.11063318526615706,0.0640847402608049,-0.060194553910604576,-0.060194553910604576,-0.07017543859649111,-0.07272727272727275,-0.04677485952282645,3.6743151214982204,-1.4826569016376767,-1.0776631259484066,-0.016100465900547034,0.040307101727447225,-0.09240622140896615,-0.05711206896551724,0.10032362459546929,-0.12030075187969935,0.02283341982356002,,0.06940874035989708,-0.03680336487907465,-0.020408163265306145,-0.03969039690396903
2005-09-30,0.04253763320495452,0.05103410102858641,0.011204500019520891,0.026457390307528916,0.12478051337303264,0.042790429660718,0.04295185388058864,0.04295185388058864,0.037735849056603765,0.03921568627450989,-0.20326757380290972,-0.44140460087911726,-0.23013698630136992,-5.774325908558031,0.07812674853961976,0.05027675276752763,-0.1431451612903225,-0.06285714285714272,0.11764705882352944,-0.045584045584045496,0.04566210045662089,,0.07892628205128194,-0.05458515283842802,-0.01041666666666663,0.023945641986879096
2005-12-31,1.1891878607024142,0.6074995554717781,1.6435008065861383,1.1013841028809468,0.10106493832625918,0.5337800301409532,0.16176177626455623,0.16176177626455623,0.1272727272727272,0.15094339622641506,1.1669562339703816,40.95666864256076,374.3773610730906,2.872109678739513,0.28059348272221496,0.1141853315766359,-0.08147058823529407,-0.23292682926829278,0.11052631578947358,-0.0029850746268657025,0.14507520621057757,,-0.49684366877088737,-0.11200923787528871,-0.13684210526315788,-0.23500068646743855
2006-03-31,-0.014380799781902542,-0.07070142310723837,-0.038796640173586305,-0.1622740678546638,0.1315798445584282,0.1205046176016984,-0.10413256636892232,-0.10413256636892232,-0.09677419354838701,-0.0983606557377048,-1.1285234313639934,-0.9804036117088084,-1.0268436871811084,-2.6135390794271522,-0.3535458800262151,0.10169491525423724,-0.10054434838296522,-0.19236883942766292,0.10426540284360208,-0.008982035928143617,0.07669491525423733,,0.14760147601476015,-0.15344603381014288,-0.04878048780487798,0.10929648241206036
2006-06-30,0.024550953929054264,0.059959452049804796,0.011153600398962071,0.183231720186944,0.08343826490963413,0.03836697077342621,0.10036715446588595,0.10036715446588595,0.08928571428571419,0.09090909090909083,-11.86784926158547,0.8746440286939909,0.24842771567122623,-1.394150591163659,0.21556103257793402,-0.048658318425760294,-0.05767176931292273,-0.1279527559055118,0.07939914163090123,-0.13746223564954685,-0.04879968516332145,,0.05723472668810281,-0.09677419354838723,-0.03846153846153855,-0.10419026047565116
2006-09-30,0.00042876892855558957,-0.010349019374419677,-0.020224926910795027,0.02987624446127457,0.09969659891604121,0.02419656636441303,0.5000079067634455,0.5000079067634455,0.4918032786885247,0.5,-0.6214729196766762,-0.35284446538280345,0.18235626931279114,-2.313562561281638,-0.23294009471912858,0.0067694622038361185,0.05591235360785807,0.004514672686230181,0.09542743538767384,-0.06830122591943955,-0.03268514687629298,,0.0997566909975669,0.023809523809523725,-0.013333333333333308,-0.03907049545481911
2006-12-31,0.023279157268214945,0.059982960865796464,0.007459695972704017,0.10077131152651986,0.08642392999026871,0.02875894978420268,-0.21851016277304547,-0.21851016277304547,-0.20879120879120883,-0.2333333333333334,0.9611500252741472,0.2667062843559649,-0.49458902344756506,-1.6316215634923648,0.19181029514595926,0.03884945834889808,-0.057245080500894496,0.026966292134831482,0.09074410163339386,-0.050751879699248215,-0.10564585115483316,,0.061393805309734484,-0.013289036544850363,0.04054054054054057,-0.03702543540909675
2007-03-31,0.007113725958961314,0.022542316565818288,-0.013111070037023276,-0.062154055307991896,0.08685842796189824,0.0043603063608297354,0.03309096305089776,0.03309096305089776,0.01388888888888884,0.04347826086956519,-0.5369421591937215,-0.30005160563908895,-1.3246422198754597,-0.07495392997355976,0.14887718325478239,-0.010427903631787139,-0.021252371916508528,0.0503282275711161,0.06988352745424287,-0.09306930693069304,-0.039215686274509776,,0.07920792079207928,0.04040404040404044,0.012987012987013102,0.09029991542515137
2007-06-30,0.020401508290688986,0.07977428330831482,-0.003823503003545281,0.029167457619318826,0.10819610631964283,0.02704578278564762,0.6325507299365387,0.6325507299365387,0.6301369863013699,0.625,0.43018936511001815,-0.16724475946312778,-3.001402131239484,-0.12264518643627387,0.11369197270360054,-0.0003633720930231732,0.09538580845288847,0.18541666666666656,0.10419906687402802,-0.06550218340611347,-0.058735689397710344,,0.08594881699661983,0.1763754045307444,0.0,0.04916761143266313
2007-09-30,0.016496282179614408,0.017504821243139013,-0.006129411706314758,-0.02970649362021638,0.0843697689543772,0.0043009442118935315,-0.24450505502943432,-0.24450505502943432,-0.25210084033613445,-0.24786324786324776,-0.23925941811423257,1.6857418809610043,-1.8994255289337256,-1.1382595389703343,-0.01411431537256047,0.05379861868411484,-0.08495575221238927,-0.017574692442882234,0.07464788732394378,-0.04672897196261683,-0.11898466419883658,,0.06714095153401511,-0.017881705639614776,0.0,0.04868338736279365
2007-12-31,0.02396616645297045,0.029018182575552443,0.041061286405464026,0.043122947829259406,0.06451557397499852,0.02767636972923615,-0.09250966068498223,-0.09250966068498223,-0.10112359550561789,-0.11363636363636365,1.3317045668107497,0.3756705325301928,-0.500280408773679,-10.951088896822563,0.14246358292869932,0.05381165919282527,-0.04951644100580277,0.014311270125223707,0.07470511140235914,-0.019607843137254943,0.06002400960384158,,0.039583333333333304,0.01540616246498594,0.0,-0.01355821899235321
2008-03-31,0.0066924348642560805,0.021367235926628814,-0.003761529325307822,-0.014507186404735917,0.03814460961177657,-0.007487808784465533,0.014197883733681804,0.014197883733681804,0.012499999999999956,0.025641025641025772,-0.5924164674063924,-0.6747994488587783,-0.9402082424091277,-0.4211243856061422,0.07218496530558371,-0.16792144026186573,-0.04110704110704111,0.01058201058201047,0.04756097560975614,-0.22499999999999998,-0.189127972819932,,0.03126252505010019,0.015172413793103523,0.0,0.03639562372862715
2008-06-30,0.00845841859272789,-0.014485178676794441,0.014940950743301373,0.07352526397779457,-0.010257873155367858,0.04653743072927985,0.09221938482066849,0.09221938482066849,0.12345679012345667,0.125,0.4777421339426964,1.2147438581213472,-162.2002085505735,-5.720483421134181,-0.31780704170109075,-0.0003933910306845867,-0.11417657045840413,-0.08900523560209417,-0.008149010477299212,-0.04516129032258065,-0.022346368715083775,,-0.018655266226194955,-0.09375,0.0,-0.08195851678956023
2008-09-30,0.017353281623250227,0.037577184038720235,-0.0008476793946350369,-0.02236702451585959,0.07124079782951531,0.02830305321380444,-0.010963549620330526,-0.010963549620330526,-0.01098901098901095,-0.011111111111111072,0.0871087651475726,-0.19417916203525165,-1.137802330019212,-1.4001903761570276,0.18643305829607382,0.10822510822510822,-0.03977000479156689,-0.01532567049808431,0.07746478873239449,0.1182432432432432,0.1971428571428573,,0.053069306930693116,-0.02398800599700135,0.012820512820512775,0.06130821680342091
2008-12-31,0.015922992716149054,0.03116053428579324,0.01299453355552127,0.03498375973303669,0.02400980972675537,0.009587909904742897,0.047439037376211246,0.047439037376211246,0.04444444444444429,0.05617977528089879,0.2594801233698292,-0.10453321322335762,-4.0890954325681825,-0.6237922606256459,0.05911632259045696,-0.11754261363636354,0.003992015968063756,0.021400778210116655,0.020697167755991286,-0.18126888217522663,-0.11992840095465407,,0.00789770590447536,0.015360983102918668,0.0,-0.003702292154407316
2009-03-31,-0.006955718779795617,-0.04550148850916036,-0.05848977610570505,-0.11732554470394119,-0.04431132449456021,-0.009151203619414017,-0.021898032836883075,-0.021898032836883075,-0.010638297872340274,-0.02127659574468077,-0.27105934734212955,0.033889069360466983,-0.38024830185238656,-1.2266503880701143,-0.012650864848946508,-0.040643863179074535,0.015904572564612307,0.01714285714285735,-0.03735325506937026,-0.06273062730627299,-0.0840677966101695,,-0.03768656716417906,0.00605143721633894,0.012658227848101333,0.08137056669763365
2009-06-30,0.02841897993078768,0.09940323796200068,0.014817978879536176,0.0801027852944558,0.07187576033981768,0.049322345334475326,0.09986384093294953,0.09986384093294953,0.09677419354838701,0.10869565217391308,0.5820080596503512,-0.37454770278625216,-0.6997842291094547,-27.631396691035015,0.34122701715378767,-0.036073825503355694,-0.0009784735812133905,0.013108614232209659,0.06651884700665178,0.003937007874015741,-0.06809770540340487,,0.04226444358278392,0.009022556390977599,0.012499999999999956,0.017889630078835816
2009-09-30,0.012992011594087582,0.03364202602582522,0.0020914110274150577,0.004210706684462995,0.038371387229770404,0.03612410724924486,0.04829945472930186,0.04829945472930186,0.0490196078431373,0.03921568627450989,-0.21139168389183693,0.4321411787583658,2.3930088206468474,-0.7286209636639457,0.0690426437155518,0.1362053959965186,0.020568070519098924,0.031423290203327126,0.05613305613305619,0.06274509803921569,0.10007942811755366,,0.024925595238095344,0.02086438152011927,0.0,0.029292026611061228
2009-12-31,0.0027233742670849104,-0.002604251271261848,-0.014566438582430008,-0.05978218406856162,0.028054177502632616,-0.0036285314009968372,-0.010871720905075266,-0.010871720905075266,-0.009345794392523366,0.0,-0.08893824595341726,0.10111342445912919,1.3469093009820914,-2.1238853248862033,-0.07258458258836475,0.09689774032937581,0.004318618042226552,0.017921146953405076,0.009842519685039353,0.040590405904058935,0.04981949458483759,,0.025408348457350183,0.010218978102189746,0.012345679012345512,0.060823847192745584
2010-03-31,0.01766046998267856,0.06893748200342142,-0.0019384574052053738,0.00051005739578458,0.05905297541153298,-0.005602587418473637,-0.0027432466916991194,-0.0027432466916991194,-0.009433962264150941,-0.018867924528301883,0.716005531125689,-0.7578613120683986,-0.7760615384615385,-6.126595769877549,0.40123531167336157,0.07506983240223453,-0.01672240802675584,0.015845070422535246,0.060428849902534276,0.06382978723404253,0.04332874828060529,,0.04070796460176984,0.013005780346820872,0.0,0.06838539535306687
2010-06-30,-0.014825946557063041,-0.07967533583531305,-0.029682851321736536,0.06810950142008165,0.01774452623180789,0.017627730345552095,-0.014347988996828875,-0.007055189493982095,0.0,0.0,0.1301217886781212,5.20634044900904,14.153980031144087,-1.8371124971124972,-0.2397021334578633,0.031503734978889364,-0.02818270165208936,0.0,0.030330882352941124,-0.026666666666666727,0.0019775873434408897,,0.0329931972789117,-0.004279600570613384,0.012195121951219523,-0.13835808826658724
2010-09-30,0.006522312037152256,-0.0013884290223605822,0.0017950094305707598,-0.0062869921649455485,0.008761245416120111,0.04079760187585024,0.10694185604480166,0.09905109018784919,0.10476190476190461,0.10576923076923062,-0.45469537272023763,-0.21013402625820565,-0.7400596000870427,-0.778407554375721,-0.06986233200398106,-0.009130982367758222,-0.008500000000000063,0.015597920277296229,0.06512042818911667,-0.03767123287671226,-0.013815789473684115,,0.002304906157392095,0.005730659025787954,0.012048192771084265,0.0049392472587179714
2010-12-31,0.0638930498531225,0.15952617257698365,0.16631191292557146,-0.168593000079152,-0.14775830273800705,-0.001351376715028385,-0.4218801041989496,-0.4220059792484905,-0.3793103448275862,-0.3913043478260869,-0.2529343232155473,0.31001644879231227,-5.142930226609462,-9.108191576797589,0.6090035823520059,0.13060057197330788,-0.07463439233484626,-0.10750853242320824,-0.13735343383584575,0.06049822064056931,0.10673782521681119,,-0.19908015768725362,-0.10256410256410253,-0.011904761904761862,0.39462302172417174
2011-03-31,0.02569707966948731,0.03967510200720281,0.01507032196406266,0.08982360482287466,0.04850987302001286,-0.026348097539918625,0.36919733410605615,0.36958852506519846,0.36111111111111116,0.37142857142857144,1.735630562998233,-0.03920169177901134,-1.1080542544503411,-0.551859610753428,0.16961994705371475,0.08600337268128166,-0.015803814713896358,-0.055449330783938766,0.05436893203883475,0.25838926174496635,0.18505123568414716,,0.02214930270713711,-0.04285714285714293,-0.012048192771084376,-0.04599118942731284
2011-06-30,-0.015645911703567328,-0.07831264329374277,0.008657188551244976,0.028031325040476673,-0.09329756386801935,0.06573708652405608,0.05833738968487445,0.05901892540913378,0.0714285714285714,0.07291666666666674,-0.38016817119135915,0.1222934492530332,7.244428860838399,-2.8930654657865693,-0.2745350443832566,0.1120600414078674,0.027685492801771794,-0.038461538461538436,-0.07274401473296499,0.05600000000000005,0.13530010172939977,,-0.0786516853932584,-0.03980099502487566,0.0,-0.10347247875877352
2011-09-30,0.06273214967286211,-0.05697423851061767,0.058881070638520105,0.16445267576338995,0.06294677059790232,0.05628885049566801,0.35340698895165734,0.35197986174931084,0.38095238095238093,0.37864077669902896,1.4225527126852895,4.052773828201608,-1.4430561987480586,-0.31705559679200535,-0.25844414756962286,-0.11542936932743775,0.08405172413793105,0.008421052631578885,0.06156901688182703,-0.04797979797979801,-0.11290322580645162,,0.0,0.017271157167530138,-0.012195121951219412,-0.19016028678561125
2011-12-31,0.021305969172133343,-0.037364033842341104,-0.004461418417451846,-0.0437873159081863,0.07093749515444014,0.027097649221265563,0.09428121837161374,0.09613281711786259,0.08965517241379328,0.10563380281690149,-0.6957576222652132,-0.6770929988562085,-1.226766592243917,-0.21824418536838808,-0.27245448128808625,-0.0960273612207313,0.1744532803180916,0.16910229645093944,0.06922357343311503,-0.14854111405835546,-0.15555555555555567,,0.04878048780487809,0.1629881154499151,0.012345679012345512,0.006716190088531526
2012-03-31,0.02979159647384244,0.040669562869695364,0.017057416645527734,0.07718130699773473,0.06233083848066978,0.005265346084622591,-0.05402942149429868,-0.05550874591351829,-0.05696202531645578,-0.07006369426751602,1.2028156299988715,-0.1221954691778635,0.33754546594757295,-1.3766462761267921,0.14104817245372714,0.21740395809080315,0.06898011002962323,0.06964285714285712,0.05861767279090113,0.1401869158878506,0.004784688995215447,,0.031561461794020085,0.05547445255474459,0.012195121951219523,-0.03386232689780655
2012-06-30,0.01068560690280873,-0.08239934299191376,-0.004227551541332475,-0.005032545295725388,0.0457509903144826,0.03380682350861308,-0.3196046246074793,-0.3196046246074793,-0.3221476510067114,-0.32191780821917804,-0.3910188806595274,0.5127776113654843,-0.43010525822256607,-4.166210522525118,-0.39138418393465246,0.06645947884293579,-0.06492478226444975,-0.038397328881469184,0.03884297520661173,0.008196721311475308,-0.030952380952380953,,0.0346215780998389,-0.03734439834024905,0.0,-0.07778824021761876
2012-09-30,0.16955055212177106,0.06743450720160316,0.22162857525692292,0.08170235559899797,0.06677437744682568,0.017217863546384438,0.5179940631654028,0.5179940631654028,0.504950495049505,0.5151515151515151,0.814076841245887,-0.4355469689212239,1.4060057589469355,-1.6184366914043617,0.3976997202362449,0.112082492714638,-0.04064352243861136,-0.03819444444444442,0.058074781225139205,0.07046070460704623,0.12039312039312011,,-0.0879377431906615,-0.002873563218390718,-0.036144578313252906,-0.013160133870327217
2012-12-31,0.4798993210713267,0.23783212952460242,0.5137164017498308,0.5096634817857375,0.4830558271567864,0.23636323807951842,0.07682368142840357,0.07682368142840357,0.019736842105263275,0.006666666666666599,-0.45385588897919993,19.274488087959668,-69.35084629851256,0.39361281483048116,0.3965368373129876,0.10078613182826035,-0.13636363636363624,-0.14440433212996395,0.34060150375939835,0.040506329113924044,0.08497807017543857,,0.00213310580204773,-0.05619596541786742,-0.10000000000000009,-0.18008852100936945
2013-03-31,0.024651411397103695,0.10850863243427633,0.029643811356110827,0.15214991373389997,0.009647536084920638,0.1659056943746835,-0.8064412630984542,-0.8064412630984542,-0.8129032258064517,-0.814569536423841,0.8938097735161186,-0.9639095205691584,-1.0168570986189795,0.09481109043641212,0.31086392829575016,0.06042849295000918,-0.3019928461931528,-0.31434599156118137,0.007291082445316954,-0.2092457420924575,0.07175341081354225,,-0.01447424435930178,-0.28854961832061066,-0.02777777777777779,-0.03785754346606829
2013-06-30,0.002560822426594944,-0.01859319221050093,-0.023485341216965328,-0.0474579172291536,0.08565441978058885,0.014875342011646975,7.433099058480307,7.424512664102904,7.344827586206897,7.4642857142857135,-0.1908931006020459,0.3826081596592037,1.7652688746438745,-1.492800877515474,-0.11686492651546232,0.0728716974615784,0.20424597364568098,0.20615384615384613,0.0801781737193763,0.06461538461538452,0.3686940122583686,,0.08293736501079896,0.24463519313304727,-0.02857142857142847,0.030311862430778325
2013-09-30,0.02259486473496497,0.07968940882562747,0.01693032393577787,0.10756209794806781,0.03469312205612729,0.04454302422316192,-0.46288958077806086,-0.46132293392413726,-0.731404958677686,-0.729957805907173,1.3894478503612877,0.13534545958905464,-0.19254978348009466,-5.314576785255666,0.5709462958647298,-0.07951070336391441,-0.12036474164133748,-0.10459183673469385,0.034536082474226903,-0.14739884393063574,-0.30382363072683427,,0.011567610690067953,-0.10517241379310349,0.0,-0.025176803394625247
2013-12-31,0.016137924288474048,0.026873420776197365,0.002326518848031478,0.003637399791123652,0.03854112923519426,0.021210593728601124,0.5536932400386452,0.5507535412420463,0.5538461538461539,0.53125,-0.5168824543599481,0.3080161780810562,-0.47653415207942895,-1.0692905127696364,-0.025183013390419617,0.0353208602902606,0.05321354526606781,0.07977207977207978,0.03587443946188329,0.0,0.07718951014349318,,0.02208201892744488,0.03660886319845846,0.02941176470588225,0.023142774230992424
2014-03-31,0.017513723269662718,0.06766595301413081,0.0060944201933599285,0.042292009622879156,0.051232730036622876,-0.006670455721434654,-0.13656149012144447,-0.13656149012144447,-0.13861386138613863,-0.13265306122448983,0.18329300623681832,-0.34691256721237107,-0.21129138736542763,-7.619758641849049,0.17101206976176453,0.1194055058267185,0.18044619422572183,0.22427440633245355,0.046176046176046315,0.08135593220338966,0.033991731740927955,,0.03317901234567899,0.2211895910780668,0.014285714285714235,0.02439197333900589
2014-06-30,0.030303404772707543,0.12246707989489725,0.028697347792697725,0.016356646119865648,0.027084920122406153,0.0426298222412691,-0.19426152142245312,-0.19426152142245312,-0.1954022988505748,-0.19999999999999996,-0.37392837628576947,0.2618530795278686,-5.8092233400402415,0.9336546780373254,0.282386746673718,0.05657815328907656,-0.1667593107281823,-0.15301724137931028,0.024367816091954042,0.009404388714733702,-0.14882274544646834,,-0.0029873039581775895,-0.15677321156773205,0.0,0.10438153249809634
2014-09-30,0.00980972935255453,0.004130492614353276,-0.0014175364975103077,-0.004032363194113264,0.0395486954975488,0.025007178905900096,0.24673794546427152,0.24673794546427152,0.24285714285714288,0.24999999999999978,2.231437053862366,0.5717916960115275,-2.190392036763697,-0.6610398077365582,0.07464040484935319,0.037983721262316195,0.029352901934623032,0.05089058524173029,0.03904847396768396,0.012422360248447006,0.20459290187891432,,0.02921348314606731,0.04693140794223827,0.0,0.008210592290817997
2014-12-31,-0.008767325163954065,-0.07218922874234013,-0.03598981822787228,-0.19593968504379566,0.03929032156914447,0.023430849886094673,0.12979437546843942,0.12979437546843942,0.11494252873563227,0.11764705882352944,-1.0825462908361836,0.14990858290629094,-0.8707462527097738,-6.296845241462541,-0.3678985746888578,0.032466639152565646,-0.04342190537913149,-0.01937046004842624,0.03498920086393098,-0.006134969325153228,-0.03206239168110914,,0.04876273653566243,-0.025862068965517238,0.014084507042253502,0.15386049981350247
2015-03-31,0.02362786233855907,0.10936812012596997,0.0506378293050489,0.28289250674597777,-0.03850739762186073,-0.012034794293418583,-1.531761369099125,-1.531761369099125,-1.536082474226804,-1.5473684210526315,-6.8591676072637915,-0.43502320040130427,1.4117467913856863,-1.0819339473187681,0.047687572326496674,0.03224516988674209,-0.4153116531165312,-0.41481481481481486,-0.035058430717863076,-0.0030864197530865445,0.04118173679498671,,-0.060721721027064635,-0.41769911504424784,0.0,-0.13522978287807774
2015-06-30,0.03158739287588608,0.1116365695179613,0.03152194397644803,-0.1288389395696835,0.03528958585190112,0.044602968705567125,-2.541146478389398,-2.541146478389398,-2.5384615384615383,-2.5,-0.9233288383741091,1.754997284838299,-6.285213046144965,-2.6844666521833584,-0.07667183178396297,0.06157222150509867,0.03360370799536505,0.03797468354430378,0.03287197231833905,0.10216718266253877,0.8039552880481513,,0.003324713705208815,0.033434650455927084,0.01388888888888884,0.2759952650925175
2015-09-30,-0.0027439963797615263,-0.009001403704432698,0.005395085852181181,0.03267117624631055,-0.03040617667236789,0.026508624831058425,0.2662822550842636,0.2662822550842636,0.2749999999999999,0.28205128205128194,20.595191145601426,-0.7078670599237464,-1.6164471696921807,-2.4662092447379282,0.12175188891923305,-0.07587548638132291,0.06950672645739897,0.060975609756097615,-0.009631490787269659,-0.10674157303370779,-0.12082936129647281,,-0.02761413843888072,0.0470588235294116,0.0,-0.040330062008690826
2015-12-31,-0.0201088361323003,-0.04951702088230914,-0.018652543767939567,-0.004735840806719072,-0.02396083002545113,0.002247519262323472,-1.027794248443522,-1.027794248443522,-1.0294117647058822,-1.03,-0.35688428208708156,-2.3228464345693363,-0.300002214753581,2.973268006051863,0.4312476668840264,-0.03763157894736846,-0.4339622641509434,-0.4482758620689655,-0.044397463002114,-0.028301886792452935,-0.10273786934128493,,-0.0037864445285876736,-0.449438202247191,0.013698630136986356,-0.045026710760620814
2016-03-31,-3.6565194201920725e-05,-0.06744417402426672,0.009001931065566682,0.01853999228056069,-0.03425611503701664,0.013455724477294817,-17.239,-17.239,-17.0,-16.666666666666664,-0.017566920785118345,-3.063704393149665,0.3173751923084529,-2.0132655297688498,-0.30530592695962155,-0.07342083675143563,0.7962962962962963,0.7708333333333333,0.007964601769911539,-0.029126213592232997,0.6646525679758308,,-0.03420752565564422,0.7295918367346939,0.013513513513513598,-0.08438998401704845
2016-06-30,0.009583563922131555,0.07064001943060694,0.00916917913515869,0.08268231777634649,0.008955923201172888,0.03812058519978012,-0.4521214360490178,-0.4521214360490178,-0.45833333333333326,-0.44680851063829785,0.2042764369396879,-0.6321234830266764,-0.7884790316334281,-1.5287192831813743,0.23236290205650523,0.10904530028035997,-0.2298969072164948,-0.2431372549019607,0.0070237050043897575,0.09999999999999987,-0.38548094373865704,,-0.0007870916961825181,-0.25958702064896755,0.026666666666666616,-0.01111369719539157
2016-09-30,0.012520202892952526,-0.052234578535689025,0.003008278196414693,-0.0023408129987881887,0.034911528608819076,0.0034766577067077975,9.702708778239856,9.702708778239856,9.769230769230768,9.615384615384615,0.036749206889943986,1.4471258054708267,4.739983252196375,-2.5286645260734995,-0.2882307840949466,-0.05840872804683339,0.9933065595716197,0.9896373056994816,0.08456843940714909,-0.0636363636363636,0.22947430596574137,,0.022055927530523878,0.9601593625498008,0.012987012987013102,-0.05001471020888493
2016-12-31,-0.009743177685863746,-0.065972146444362,0.006524592509044691,0.021586159943534078,-0.05368742601917931,-0.003976329660620781,-0.723932844650746,-0.723932844650746,-0.7107142857142856,-0.7137681159420289,-0.09977353474365369,-1.1113678401163898,0.345141955679958,-0.9991646842560553,-0.0003382609228721467,-0.1384767556874381,0.24311618535930135,0.22395833333333348,-0.03979099678456588,-0.2071197411003235,-0.5767475378332934,,-0.044315992292870976,0.21341463414634143,0.012820512820512775,-0.08572313409724375
2017-03-31,0.034523137909052704,0.15669253118163073,0.011577954241198674,0.043439417455204854,0.10582552198805217,-0.004967783016151306,1.8384476877623221,1.8384476877623221,1.876543209876543,1.8987341772151898,0.7942892932544143,-5.49872242415518,-0.8916609222341706,-1810.2071197411003,0.6121911503339403,0.08561587666065273,0.36682874122096165,0.38297872340425543,0.10548346588530766,0.1306122448979592,-0.12258796821793416,,0.06895161290322593,0.3869346733668342,-0.012658227848101222,0.10852923243682677
2017-06-30,-0.0023973265476475714,-0.12600881861030866,-0.0005847185740549543,-0.014306343846285374,-0.010820188372251849,0.04873686975002989,-0.7163237636169105,-0.7163237636169105,-0.7167381974248928,-0.7161572052401747,-0.8309357424055739,1.4064284914324112,4.196073773690551,-2.359881583772326,-0.5163826081758853,-0.0055899682731531675,0.04189723320158101,0.05076923076923068,0.006815600151457879,-0.10108303249097461,-0.30206985769728345,,-0.008298755186721962,0.048309178743961345,0.012820512820512775,-0.11330440628246652
2017-09-30,-0.016981111980156505,0.0024308061498574673,-0.003282036455229065,0.0365871291680564,-0.058952495852931164,0.011696781180133398,-2.6887741041409123,-2.6887741041409123,-2.727272727272727,-2.753846153846154,2.7813290490189377,-0.5751833334441423,-0.4623384850493566,-1.1764099258781824,0.18836174871523337,-0.07140686721361278,-0.6001517450682853,-0.6032210834553441,-0.018427980443775804,-0.07630522088353431,-0.12696941612604262,,-0.04298212248003053,-0.6082949308755761,0.012658227848101333,-0.03294506857812396
2017-12-31,-0.0034263313771453197,1.1679067243263934,0.0025694228919623807,0.05787686278629445,-0.019761814043904757,-0.2910953849401109,-2.41459184244391,-2.41459184244391,-2.43859649122807,-2.473684210526316,-0.380016091268227,0.015309975155036515,0.43588980528866594,-2.179661926882554,-0.3993286924867925,0.02617801047120416,0.2789373814041747,0.2767527675276753,-0.012643678160919603,0.04347826086956519,1.5711252653927814,,-0.01629570747217801,0.3676470588235292,-0.07500000000000007,1.049248093507234
2018-03-31,-0.0003072060750067829,-0.0080969923692511,0.005748551023859294,-0.030795313788049783,-0.02331520764583761,0.024643345548746032,-0.4110469485424989,-0.4110469485424989,-0.3902439024390244,-0.41666666666666663,0.05724242512612632,-0.22878789046543713,-0.0586993761235064,-0.6620398462783171,-0.11926789628399515,0.1584821428571428,-0.38798219584569726,-0.40173410404624277,0.0186263096623982,0.17500000000000004,-0.1379025598678778,,-0.023030303030303068,-0.367741935483871,-0.05405405405405406,0.023441032240113957
2018-06-30,0.026036443587951874,0.047478456065592534,0.05928092709086452,0.622982416082928,-0.06581904870019295,0.01316362069231758,0.495785903764145,0.495785903764145,0.56,0.5612244897959184,0.5502773494713673,0.11896386312759843,-0.62541845093396,-5.574642776988105,0.07267357434240806,-0.0695017891549683,0.41454545454545455,0.3526570048309179,-0.02323809523809517,-0.0851063829787233,0.492337164750958,,-0.08933002481389574,0.4625850340136053,-0.07142857142857129,-0.3546063139293846
2018-09-30,-0.004001684746581025,-0.01715517774635722,0.025907552982080695,0.014909972829006746,-0.10622001764822453,-0.013724851080014089,-1.511815501578892,-1.511815501578892,-1.5256410256410255,-1.5359477124183005,-0.1856873936900839,0.05947681480422973,0.40867541565701404,-0.58842095365029,0.12497604905154236,0.037272592811714134,0.20822622107969146,0.1428571428571428,-0.10140405616224657,0.0620155038759691,-0.2621951219512195,,-0.10263396911898282,0.25348837209302344,-0.09230769230769242,-0.03159224936815508
2018-12-31,-0.012787462452452547,-0.05659241205079657,-0.013102951006774721,0.007426617431881999,-0.03169101269162211,-0.009203710142484334,0.09485657475364784,0.09485657475364784,0.10975609756097571,0.10975609756097571,-0.14919167178312898,0.45128237550315053,0.7203014561866643,-2.5347716820136883,-0.23092445686886176,-0.09197205190360758,-0.724113475177305,-0.740625,-0.03385416666666652,0.007299270072992581,-0.17790343627664207,,-0.019230769230769273,-0.7402597402597403,0.0,-0.06356024358416701
2019-03-31,0.1829223392763215,0.09507382279940346,0.23435135917883754,0.6828063930015797,0.04641952000328353,-0.027652807887919906,-1.9967750981491867,-1.9967750981491867,-1.989010989010989,-1.989010989010989,-0.6371163249373382,-0.41811201078054394,-2.608548870133406,-2.71497731494366,0.3514852438495979,-0.14070351758793975,-0.14652956298200503,-0.2168674698795181,0.04627133872416889,-0.10869565217391297,2.711640211640212,,-0.11558307533539736,-0.1785714285714286,-0.05084745762711851,-0.3492422922835743
2019-06-30,-0.1183310017931567,-0.3072545960596964,-0.16540236266480635,-0.30664205041576975,0.04488467376141636,0.03630657443079244,0.8323587136359678,0.8323587136359678,0.822222222222222,0.822222222222222,3.3155961614674743,-18.98306032202358,-6.033078833424116,8.729941579614758,5.558936580256985,-0.07383040935672514,0.06325301204819267,0.030769230769230882,0.0845856590811509,-0.11382113821138207,0.03207412687099076,,0.1855309218203034,0.05217391304347818,0.0,-0.0008922198429693884
