Quarter end,Assets,Current Assets,Liabilities,Current Liabilities,Shareholders equity,Revenue,Earnings,Earnings available for common stockholders,EPS basic,EPS diluted,Cash from operating activities,Cash from investing activities,Cash from financing activities,Cash change during period,Cash at end of period,Price,ROE,ROA,Book value of equity per share,P/B ratio,P/E ratio,Cumulative dividends per share,Equity to assets ratio,Net margin,Asset turnover,Current ratio
1993-12-31,-0.030701107011070095,-0.05647674853509532,-0.042960693028463615,0.24134419551934827,0.03128724672228844,-0.04250621032293678,2.2195121951219514,2.2195121951219514,2.16,-0.28205128205128205,0.14444444444444438,-15.433333333333334,-0.4158249158249159,0.423728813559322,-0.28868501529051993,-0.26002020882452015,0.2614742698191932,0.2659380692167579,0.024630541871921263,-0.002309468822170868,-0.14069542820347702,inf,0.06420351302241056,0.36363636363636376,0.05263157894736836,-0.2398996082272281
1994-03-31,-0.030701107011070095,-0.05647674853509532,-0.042960693028463615,0.24134419551934827,0.03128724672228844,-0.04250621032293678,2.2195121951219514,2.2195121951219514,2.16,-0.28205128205128205,0.14444444444444438,-15.433333333333334,-0.4158249158249159,0.423728813559322,-0.28868501529051993,-0.26002020882452015,0.2614742698191932,0.2659380692167579,0.024630541871921263,-0.002309468822170868,-0.14069542820347702,inf,0.06420351302241056,0.36363636363636376,0.05263157894736836,-0.2398996082272281
1994-06-30,-0.06431145627125523,-0.1848572938689218,-0.1082512315270936,-0.15570139458572596,0.14186651256862182,-0.04250621032293678,2.2195121951219514,2.2195121951219514,2.16,-0.28205128205128205,0.14444444444444438,-15.433333333333334,-0.4158249158249159,0.423728813559322,-0.5778159931212381,0.02139280837505697,0.2614742698191932,0.2659380692167579,0.12019230769230771,-0.002309468822170868,-0.14069542820347702,0.03292181069958855,0.2202618099032443,0.36363636363636376,0.05263157894736836,-0.034549408069581955
1994-09-30,0.03520668330259302,0.05187226454854921,0.037356718685264356,0.1818888457054022,0.027327935222672073,0.017872585759584947,-0.2689393939393939,-0.2689393939393939,-0.2784810126582279,-0.28205128205128205,5.378640776699029,-0.5311778290993072,0.06340057636887608,-1.1398809523809523,0.19144602851323822,0.12655971479500883,0.2614742698191932,0.2659380692167579,0.025751072961373245,0.004629629629629539,-0.14069542820347702,0.031872509960159334,-0.007462686567164312,0.36363636363636376,0.05263157894736836,-0.1100266933600268
1994-12-31,-0.21563695435728136,0.18400369856680543,-0.271051055048925,-0.057053600789214065,-0.01059113300492609,-0.1322571509487397,-0.9067357512953368,-0.9067357512953368,-0.9122807017543859,0.0,0.20547945205479445,-37.19704433497537,17.146341463414632,14.26595744680851,2.452991452991453,-0.044501582278481,0.2614742698191932,0.2659380692167579,-0.01087866108786606,-0.06912442396313356,-0.14069542820347702,0.030888030888030826,0.261278195488722,0.36363636363636376,0.05263157894736836,0.2556940669228607
1995-03-31,-0.08518172100481025,-0.17974749446830662,-0.13478221167016713,-0.2699215344376634,0.050037341299477234,0.04732375979112269,13.555555555555555,13.555555555555555,14.4,0.357142857142857,-0.7424242424242424,-1.208764289602613,-0.9817801672640383,-2.008362369337979,-0.7163366336633663,0.054440074518733006,0.2614742698191932,0.2659380692167579,0.048223350253807196,0.06683168316831667,-0.14069542820347702,0.029962546816479474,0.14754098360655732,0.36363636363636376,0.05263157894736836,0.12346047622602097
1995-06-30,0.03534652742277067,0.0796572516661378,0.019947229551451118,0.0470503940769047,0.06993835941204352,0.24400124649423494,0.43893129770992356,0.43893129770992356,0.4415584415584417,0.0,0.5049019607843137,-0.924380704041721,-1.4098360655737705,-1.1727712508638564,0.43630017452006986,0.12642324303101704,0.11521499448732087,0.2659380692167579,0.06537530266343805,0.07424593967517401,-0.14069542820347702,0.029090909090909056,0.033441558441558605,0.1099099099099099,0.11250000000000004,0.031160720217925597
1995-09-30,0.016646681244268935,0.03894767783656672,-0.0011382450331125504,0.008667883211678884,0.0547307777531576,-0.028807615230460937,-0.10344827586206895,-0.10344827586206895,-0.10810810810810823,0.0,2.022801302931596,1.206896551724138,-5.42,0.78,0.5407047387606319,0.05001742767514816,0.12357884330202662,0.2659380692167579,0.05378787878787894,-0.015118790496760348,-0.08992131884600985,0.028268551236749095,0.03770028275212045,0.1428571428571428,0.1123595505617978,0.030025773195876404
1995-12-31,0.004440435717754765,0.03395105389729802,-0.03076763700404017,0.04997738579828126,0.07584033613445373,0.08099045653856085,-0.18639053254437865,-0.18639053254437865,-0.19191919191919182,0.0,0.28340517241379315,0.8515625,-0.009049773755656076,0.11460674157303363,0.3911671924290221,0.045643153526971014,0.18389793224813022,0.2690647482014388,0.0647016534867002,-0.0065789473684209065,-0.10868670234664479,0.027491408934707806,0.07084468664850152,0.1647727272727273,0.09090909090909105,-0.015263355436006543
1996-03-31,-0.04206672653174004,-0.08811054863866463,-0.025758871312526743,-0.02283006676717636,-0.07186096465534075,-0.1777618706752565,-0.0036363636363636598,-0.0036363636363636598,0.0,0.0,-0.6439966414777498,-0.5295358649789029,2.776255707762557,-2.26008064516129,-0.3543083900226758,0.13492063492063489,-0.01858045336306202,0.006802721088435382,-0.05469277515192439,0.0662251655629138,-0.09745958429561197,0.026755852842809347,-0.03109980209216856,-0.0060975609756097615,0.0092592592592593,-0.06682759496887303
1996-06-30,0.022714162099798152,0.04426106526631668,0.023697202413603957,0.0383513334802732,0.020828950136755786,0.21938479396401633,0.6058394160583942,0.6058394160583942,0.625,0.0,-0.5070754716981132,0.10762331838565031,-0.8041112454655381,-0.6816,-0.17471466198419672,0.040279720279720266,0.03142748958727748,0.04954954954954949,0.028571428571428692,0.0993788819875776,0.028659160696008268,0.026058631921824116,-0.0017508024511233566,0.03558282208588959,0.00917431192660545,0.005718175629680022
1996-09-30,-0.010223507015441058,-0.020258620689655227,-0.014146393741292451,0.0033963065166631168,-0.0026793075020610235,-0.00547358400761544,-0.06818181818181823,-0.06818181818181823,-0.06153846153846154,0.0,2.9043062200956937,0.14574898785425106,2.4135802469135803,-0.8793969849246231,-0.025531914893617058,-0.017746706103791254,0.04992657856093974,0.06115879828326176,0.008333333333333304,-0.04519774011299427,-0.06567164179104479,0.025396825396825307,0.007600116924875833,0.034360189573459765,0.027272727272727115,-0.023554893732232296
1996-12-31,0.02849408747684845,0.021410764041648322,0.05489727144254819,0.14596995980537342,-0.021698698078115308,0.05695142378559459,-0.6,-0.6,-0.5901639344262295,0.0,0.2683823529411764,-1.4134275618374559,-0.4737793851717902,-36.875,0.9399563318777293,0.09499041883383508,-0.060839160839160744,-0.07886754297269971,-0.017217630853994526,0.08678500986193294,0.03407880724174661,0.024767801857585203,-0.048738033072236675,-0.0916380297823598,0.017699115044247815,-0.10869263829197284
1997-03-31,-0.05610195317911071,-0.12835606604450822,-0.043075020610057746,-0.11648513937603844,-0.08280523869877487,-0.27507357935250165,-0.09146341463414631,-0.09146341463414631,-0.09999999999999998,0.0,-1.0048309178743962,-5.547008547008547,0.2989690721649485,-2.0847851335656213,-0.5256049521665729,0.06637500000000007,-0.07706626954579299,-0.09330406147091097,-0.07498248072880176,0.08529945553539031,0.14984552008238916,0.026586102719033056,-0.02836230558096986,-0.0832282471626733,-0.008695652173913104,-0.013454658578317069
1997-06-30,0.013941884355738177,-0.021907428759677106,0.027137626534568193,0.051399916422900205,-0.014279134039613117,0.21486570893191748,1.4697986577181208,1.4697986577181208,1.488888888888889,0.0,-20.6,-0.12969924812030076,-0.7222222222222222,-0.4946466809421841,-0.5599051008303677,-0.07244168327277001,-0.03267446551028641,-0.05569007263922521,-0.004545454545454408,0.0016722408026754731,0.021047917599641863,0.025897586815774032,-0.02793471437539241,-0.044016506189821114,-0.01754385964912264,-0.06976744186046513
1997-09-30,-0.0169344333478072,-0.052879757494105784,-0.02317047599077371,-0.04769475357710651,-0.0030373831775700744,-0.02647814910025703,-0.3695652173913043,-0.3695652173913043,-0.3660714285714287,0.0,6.877551020408164,0.00647948164146861,2.447619047619048,-0.8707627118644068,-0.16442048517520214,-0.13433590294452158,-0.1359466221851544,-0.1564102564102564,-0.0007610350076103778,-0.13021702838063443,-0.08684210526315794,0.025243832472748196,0.01420729738456572,-0.1410071942446044,-0.017857142857142905,-0.0054237288135592365
1997-12-31,-0.03231743227326267,-0.026493598862019963,0.07158956745733613,0.08034223706176968,-0.2591985001171784,0.012410879324003199,-4.206896551724138,-4.206896551724138,-4.225352112676056,0.0,0.5738341968911918,-0.0665236051502146,-0.024861878453038666,-7.852459016393443,1.3483870967741933,-0.12175182481751834,-0.9942084942084942,-0.993920972644377,-0.25514089870525525,-0.12092130518234168,0.039385206532180694,0.02462227196418576,-0.2343202801655524,-0.9949748743718593,-0.00909090909090915,-0.09884117246080426
1998-03-31,0.024267782426778295,-0.0036529680365297024,0.02814503205128216,0.07069731504732468,0.012021512179690053,-0.2266562336984872,-1.3024193548387097,-1.3024193548387097,-1.3056768558951966,-0.0921052631578948,-1.1135802469135803,-0.13793103448275867,-1.7818696883852692,-1.5717703349282297,-0.32829670329670335,0.044547872340425565,17.083333333333336,14.0,0.013292433537832382,0.4039301310043668,0.0,0.02403058438012029,-0.012058212058212003,17.666666666666668,-0.01834862385321101,-0.0694969742813919
1998-06-30,0.04077540106951871,0.07699358386801092,0.018022406234778465,0.03608154429009569,0.11378555798687096,0.2478920741989883,1.2000000000000002,1.2000000000000002,1.185714285714286,1.1884057971014497,-1.355072463768116,-0.5573333333333333,-0.8333333333333334,-0.6945606694560669,-0.1492842535787321,0.10550604710375544,1.7004608294930876,1.5499999999999998,0.11402623612512608,0.09020217729393476,12.957486136783734,0.023466666666666747,0.07028619528619529,1.6071428571428572,-0.01869158878504673,0.03952850320089407
1998-09-30,0.004709912224363011,-0.02025531914893619,-0.027272727272727226,-0.04196413024551626,0.09851248947516145,-0.07594594594594595,-0.195959595959596,-0.195959595959596,-0.1960784313725491,-0.19867549668874174,9.755102040816327,1.0602409638554215,-5.956521739130435,-0.5205479452054795,-0.08413461538461542,0.16424355837051952,0.8447098976109215,0.7843137254901962,0.09420289855072483,0.04564907275320973,-0.5681035624420607,0.022928608650338633,0.09319701140385361,0.8424657534246576,-0.02857142857142858,0.022678396871945283
1998-12-31,0.04645216279565312,-0.027275886031966623,0.05705853418593221,0.12286441294074879,0.0189064895247828,-0.02837086867505123,-0.31658291457286436,-0.31658291457286436,-0.3170731707317074,-0.31404958677685957,0.9829222011385199,1.7953216374269005,-0.9254385964912281,-3.1714285714285713,0.19947506561679784,-0.04018298714144408,2.5078630897317296,2.6190476190476186,0.022350993377483475,-0.12278308321964537,-0.4686853200459946,0.022414671421294052,-0.0262589928057555,2.8550185873605947,-0.06862745098039225,-0.13372204167463198
1999-03-31,-0.015475463245774757,-0.008037149490980555,-0.010702652396463508,-0.0016186468112657781,-0.028335005015045156,-0.06682721252257673,-0.2977941176470589,-0.2977941176470589,-0.29761904761904767,-0.28915662650602414,-1.1052631578947367,-0.858786610878661,-8.764705882352942,-2.5657894736842106,-0.2603938730853391,-0.08102537678732435,-0.06751054852320659,-0.04251012145748978,-0.024291497975708398,-0.10108864696734055,-0.7571778964074448,0.0219232685600399,-0.013298854820834816,-0.034715525554484095,-0.010526315789473717,-0.006399646916032231
1999-06-30,0.021854532919682867,0.04681310767014768,0.03537158984007527,0.07490272373540852,-0.015225806451612867,0.1645161290322581,1.5706806282722514,1.5706806282722514,1.6101694915254239,1.5762711864406782,-3.3,0.3851851851851851,-1.8333333333333335,-0.6134453781512605,-0.13609467455621305,-0.014437902999719698,-0.019230769230769273,-0.016913319238900715,0.0008298755186721962,0.00865051903114189,0.00891265597147961,0.021452949780594643,-0.03594159490827409,0.003996003996004083,-0.010638297872340274,-0.026207662409772348
1999-09-30,0.02826878963702595,0.0698314413484693,0.031164819189533066,-0.009049773755656076,0.01991614255765195,-0.008310249307479256,-0.5213849287169043,-0.5213849287169043,-0.5194805194805194,-0.5197368421052632,1.9090909090909092,0.3475935828877006,0.8454545454545455,-7.260869565217392,0.9863013698630136,0.04181482008249171,-0.11937716262975773,-0.1376344086021506,0.02238805970149249,0.04116638078902235,0.03945818610129548,0.021002386634844994,-0.008155339805825168,-0.13134328358208958,-0.010752688172043001,0.07959858592769975
1999-12-31,-0.05714848107079584,-0.12475884244372992,-0.0785091197462332,-0.12191780821917808,0.005138746145940454,0.06117318435754182,1.021276595744681,1.021276595744681,1.054054054054054,1.0547945205479454,0.43206521739130443,-0.5595238095238095,4.645320197044335,-1.71875,-0.3568965517241379,-0.08450511945392492,0.17648984937786505,0.17830423940149642,0.021897810218977964,-0.10378912685337727,0.035127478753541164,0.020570359981299635,0.06577916992952226,0.13172966781214202,0.04347826086956519,-0.0031689025034329354
2000-03-31,0.009185803757828737,0.031594415870683346,0.0101357812201186,0.029467845380481972,0.00664621676891608,-0.18531192419057652,-0.391578947368421,-0.391578947368421,-0.38815789473684204,-0.38,-1.310246679316888,-0.018018018018018056,-1.4031413612565444,-1.1014492753623188,0.05630026809651478,-0.09916492693110657,0.0662399109379348,0.06984126984126982,0.008730158730158921,-0.11948529411764708,-0.23809523809523803,0.020155748969308274,-0.0025716385011020915,0.07085020242914997,0.0,0.0020133517007523416
2000-06-30,0.024617294166321857,0.07086894586894577,0.018458917076864756,0.0008418925745075079,0.04113763331640419,0.21130856219709204,0.7508650519031141,0.7508650519031141,0.7526881720430105,0.7419354838709677,-1.2996941896024465,0.8165137614678899,-1.0757575757575757,-7.476190476190476,-0.3451776649746193,-0.03310710147326601,-0.008091882015139662,0.009891196834816984,0.04799370574350892,-0.039665970772442716,-0.10344827586206895,0.019757521329142325,0.016206261510128828,0.0,0.0,0.07000846023688667
2000-09-30,-0.036408910424658436,-0.0445626870635184,-0.02119156055395488,-0.016150740242261152,-0.0763414634146341,-0.042411309682582,-0.17391304347826086,-0.17391304347826086,-0.1595092024539876,-0.16049382716049387,5.653061224489796,-0.4040404040404041,15.2,-0.6985294117647058,-0.1589147286821705,-0.09741482622838549,0.12921052631578944,0.1390793339862879,-0.052552552552552645,-0.13913043478260867,-0.11618589743589747,0.019374724790840903,-0.0413193185936932,0.12098298676748565,0.02083333333333326,-0.02885945839098636
2000-12-31,-0.007403268612934721,-0.044378698224852076,0.024024309182413717,0.06275649794801641,-0.09479799313440718,-0.00835654596100277,-0.5358851674641149,-0.5358851674641149,-0.5109489051094891,-0.5147058823529411,-0.1426380368098159,2.0338983050847457,-0.6931216931216931,-1.7073170731707317,0.13364055299539168,-0.20504552352048566,-0.14006059193661147,-0.16423043852106622,-0.06497622820919169,-0.16161616161616166,-0.29737080689029916,0.01900647948164158,-0.08809073724007566,-0.1526138279932545,-0.010204081632653073,-0.10085487482190114
2001-03-31,0.00830284266816772,-0.0050992533236204896,0.01928783382789323,0.048270313757039496,-0.026254375729288237,-0.1643258426966292,-0.22680412371134018,-0.22680412371134018,-0.22388059701492535,-0.21212121212121215,-1.0858676207513416,0.0921787709497206,-3.471264367816092,-1.5172413793103448,-0.060975609756097615,0.012168933428776008,-0.062059620596205844,-0.09567901234567888,-0.02457627118644079,0.08132530120481918,0.19741935483870954,0.018651971174226345,-0.034411276948590364,-0.09054726368159216,-0.010309278350515427,-0.0509337860780984
2001-06-30,-0.00432658757850668,0.008054182683507216,0.0013646288209607782,-0.11020721412125867,-0.023067705212702183,0.2073949579831933,-0.76,-0.76,-0.7692307692307693,-0.7692307692307693,-11.479166666666666,-0.4373401534526854,-1.5116279069767442,-5.066666666666666,0.2640692640692641,0.033946251768033786,-0.33227390927477607,-0.36405005688282144,-0.025195482189400487,0.06128133704735372,0.13577586206896552,0.018310445276737308,-0.018462859596393266,-0.3632385120350109,0.0,0.1329755515802027
2001-09-30,-0.025091112980095365,-0.04612311603413832,-0.037430725901698936,-0.0703812316715543,0.016559337626494974,-0.07906458797327398,1.6666666666666665,1.6666666666666665,1.7500000000000004,1.7500000000000004,0.21471172962226648,-0.22272727272727277,1.2045454545454546,-1.6557377049180326,-0.136986301369863,-0.10943912448700399,-0.38251839030722634,-0.3989266547406083,0.015151515151515138,-0.08661417322834652,0.3927893738140418,0.017981201471189312,0.042432195975503184,-0.3917525773195877,-0.01041666666666663,0.026105263157894854
2001-12-31,-0.039396117900790784,-0.10850942318675039,-0.011986786219915002,-0.006494711449248514,-0.12699849170437405,0.01541717049576774,-3.1458333333333335,-3.1458333333333335,-3.1515151515151514,-3.1515151515151514,0.635024549918167,0.5497076023391814,0.09896907216494855,-5.9,0.7777777777777777,-0.22555043522785467,-0.8339173090399439,-0.8392857142857143,-0.12642669007901675,-0.23563218390804597,0.26430517711171664,0.035728623042954766,-0.09106168694922379,-0.8389830508474576,0.0,-0.10268773081657767
2002-03-31,-0.0031432420296362285,0.0012812299807816174,-0.007642338555598038,0.02185282032125513,0.013130615065653162,-0.1941053885084847,-1.1893203883495145,-1.1893203883495145,-1.1830985915492958,-1.1830985915492958,-0.94994994994995,-0.5773584905660377,-1.2382739212007505,-0.6785714285714286,0.140625,-0.010247933884297455,-1.4767932489451476,-1.4814814814814814,0.01005025125628145,0.13157894736842102,5.204202586206898,0.0,0.016158818097876226,0.0,0.0,-0.020121184406082127
2002-06-30,0.02980480480480474,0.0782682874813394,0.021948402002310408,0.07713397916285869,0.05763983628922231,0.23346878463243437,6.282051282051282,6.282051282051282,6.461538461538461,6.461538461538461,7.199999999999999,0.1071428571428572,-3.1653543307086616,-0.7936507936507937,0.02544031311154593,0.06279225116900466,-7.15929203539823,-7.038461538461538,0.057711442786069655,0.05315614617940212,0.0,0.0348837209302324,0.027260336210813252,1.9473684210526314,-0.010526315789473717,0.0010500525026251317
2002-09-30,-0.018298461762776164,-0.039556962025316444,-0.05086661642803314,-0.0921432207704056,0.09319574330861014,0.004492362982928988,0.176056338028169,0.176056338028169,0.18556701030927836,0.18556701030927836,1.0463414634146342,0.8306451612903225,1.0763636363636362,1.8461538461538463,0.07061068702290085,-0.07825267127592717,1.1048850574712645,1.1337579617834397,0.0931326434619002,-0.12933753943217674,-0.6462006079027356,0.0,0.11322423706324636,1.1011904761904763,0.010638297872340496,0.0579254079254079
2002-12-31,-0.007203326897371132,-0.06630971993410217,0.051210797935688834,0.005046728971962677,-0.18082595870206486,0.02415026833631484,-0.6616766467065869,-0.6616766467065869,-0.6608695652173913,-0.6608695652173913,0.0786650774731823,0.2995594713656389,0.07180385288966717,-0.7837837837837838,0.01426024955436711,0.09239686327991814,0.7235494880546076,0.707462686567164,-0.16437177280550763,0.0,-0.48919980363279336,0.03370786516853941,-0.17481128327373852,0.6997167138810199,0.0,-0.07105871984135725
2003-03-31,-0.004039195152965802,0.006837229819144142,-0.013311933534743248,-0.004835410079970237,0.03132877205617568,-0.2023289665211062,-0.8938053097345133,-0.8938053097345133,-0.8974358974358975,-0.8974358974358975,-0.8828729281767955,-0.36610169491525424,-1.1699346405228759,2.5,0.04920913884007039,0.06054931335830216,-0.02970297029702973,-0.034965034965035,0.029866117404737214,0.2681159420289856,-0.3815473330129745,0.0,0.03562831006259026,-0.03833333333333333,0.010526315789473717,0.011740986717267532
2003-06-30,0.05715358618099886,0.13012048192771086,0.07377284470385614,0.04952345356008214,-0.0034916201117318746,0.2233576642335766,8.333333333333334,8.333333333333334,8.75,8.75,0.19811320754716988,-0.04278074866310155,1.75,7.607142857142858,0.4036850921273032,-0.12507357268981745,-0.21551020408163257,-0.2373188405797102,-0.0039999999999998925,-0.15142857142857136,-0.0940170940170939,0.032608695652173836,-0.057182705718270554,-0.23223570190641252,-0.01041666666666663,0.0767788067049584
2003-09-30,-0.002770673486786057,0.014343865090133745,-0.009713063625022222,-0.009971509971509973,0.0245269796776455,0.028341288782816276,0.08928571428571419,0.08928571428571419,0.07692307692307687,0.07692307692307687,3.803149606299213,-0.3966480446927374,-2.2587412587412588,-0.39834024896265563,0.17303102625298328,-0.15068953918600736,-0.3454734651404787,-0.3776722090261282,0.02409638554216853,-0.1447811447811448,0.09948542024013718,0.00877192982456143,0.027120315581854015,-0.3747178329571106,0.0,0.0246026562159809
2003-12-31,0.05563866923131733,0.04242308427288366,0.03968325384684612,-0.04550359712230212,0.11627906976744184,0.09602552944589493,-0.8442622950819672,-0.8442622950819672,-0.8333333333333333,-0.8333333333333333,0.3147540983606558,6.342592592592593,-1.6666666666666665,0.8413793103448275,0.2716174974567651,-0.08396039603960403,-0.2925278219395866,-0.2824427480916031,0.1166666666666667,-0.10629921259842523,0.454758190327613,0.0,0.05760921747479597,-0.2815884476534295,0.0,0.09211644708882272
2004-03-31,-0.024092320151167468,-0.10889092575618697,-0.025272632854422716,-0.08045977011494254,-0.019914215686274495,-0.22710428798305982,0.10526315789473695,0.10526315789473695,0.0,0.0,-1.0386533665835411,-0.4627994955863808,-2.175,-3.7715355805243447,-0.5920000000000001,0.20622568093385207,0.00561797752808979,0.015957446808510634,-0.02019315188762072,0.0792951541850222,0.6262734584450402,0.0,0.004085338175215725,0.02010050251256268,-0.010526315789473717,-0.030936861562408824
2004-06-30,0.019154968536062578,0.08434478502365761,0.021044219499200878,0.09918032786885256,0.012503907471084652,0.1863013698630136,5.476190476190476,5.476190476190476,5.857142857142856,5.857142857142856,-3.193548387096774,-0.6971830985915493,-1.2624113475177305,-1.0121621621621621,0.01764705882352935,-0.06810035842293904,0.054748603351955305,0.07329842931937192,0.012544802867383575,-0.048979591836734726,-0.09759314210352776,0.008695652173912993,-0.006329113924050667,0.07881773399014791,0.0,-0.01345246461198668
2004-09-30,0.024494504003256923,0.12426484538038318,-0.011566223149839128,-0.0018642803877703118,0.15251620870639093,-0.025981524249422683,2.3676470588235294,2.3676470588235294,2.3333333333333335,2.3333333333333335,5.3088235294117645,-5.728682170542636,-7.04054054054054,65.0,1.1445086705202314,0.12038461538461531,1.0,1.0926829268292684,0.15221238938053094,0.10729613733905574,0.023383266350018195,0.0,0.12465878070973613,1.1369863013698631,-0.02127659574468077,0.12628472575557148
2004-12-31,-0.02397509768858863,-0.046911913601079935,-0.03871194791483368,-0.06798655211057159,0.020894722743102,0.11410788381742742,-1.1288209606986899,-1.1288209606986899,-1.13125,-1.13125,0.6363636363636365,-1.2868852459016393,-0.08053691275167785,-0.7609427609427609,0.1275831087151842,0.0930312392722279,-0.15730932203389836,-0.12121212121212133,0.01920122887864828,-0.050387596899224785,-0.488039985719386,0.008620689655172376,0.0461165048543688,-0.12179487179487192,0.0,0.022677990603541698
2005-03-31,-0.040713849494469656,-0.04337818696883855,-0.041094636646531235,-0.05611222444889774,-0.039622146418262894,-0.24660814046288904,1.3728813559322033,1.3728813559322033,1.3333333333333335,1.3333333333333335,-1.3176638176638176,-0.48571428571428577,-1.2408759124087592,-2.577464788732394,-0.17848605577689247,0.0,-0.31238214959145194,-0.286472148541114,-0.03918613413715144,0.0,0.0,0.0,0.0011600928074246841,-0.2846715328467153,-0.010869565217391353,0.013428748122625844
2005-06-30,0.10249699370446352,0.073477697575421,0.17753173618402207,0.17558386411889604,-0.11229508196721316,0.3015536723163841,0.0071428571428571175,0.0071428571428571175,0.0,0.0,-0.0717488789237668,10.466666666666667,6.797979797979798,1.1339285714285716,-0.4636275460717749,0.0,-0.7010968921389397,-0.7063197026022305,-0.11294117647058821,0.0,0.0,0.008547008547008517,-0.19466975666280428,-0.7074829931972789,0.01098901098901095,-0.08682765234068512
2005-09-30,-0.07750545361221606,-0.06465517241379315,-0.0235875820701954,-0.007404731804226072,-0.2822406894429055,-0.03608247422680411,6.361702127659575,6.361702127659575,6.36734693877551,6.36734693877551,-2.78743961352657,-0.9215116279069767,-1.3005181347150259,-1.1192468619246863,0.10307414104882451,0.0,-13.914373088685016,-12.860759493670885,-0.28205128205128216,0.0,0.0,0.0,-0.22206235011990394,0.0,0.021739130434782483,-0.057661097852028775
2005-12-31,0.03776603143691748,0.06562211981566812,0.07537771874481147,-0.001273653566229993,-0.15651801029159518,0.18125527723050938,-0.9585741811175337,-0.9585741811175337,-0.961218836565097,-0.961218836565097,2.427027027027027,0.24691358024691357,-0.5431034482758621,17.50877192982456,1.7295081967213113,0.0,0.151077433104428,-0.014941302027748238,-0.1564039408866995,0.0,0.0,0.008474576271186418,-0.18742293464858206,0.0,0.03191489361702127,0.06696383345152457
2006-03-31,-0.03143220963742377,-0.039266562878394695,-0.05156708352632389,-0.0796137730005465,0.10116929334011182,-0.311651179413867,5.930232558139535,5.930232558139535,6.428571428571428,6.428571428571428,-1.3793375394321767,-0.04950495049504955,-0.8207547169811321,-1.557345971563981,-0.3531531531531531,0.0,0.28759514503188655,0.11050920910075845,0.10072992700729944,0.0,0.0,0.0,0.13732928679817902,0.0,0.0,0.04386631219141668
2006-06-30,-0.013908109604207075,-0.0426719481454807,0.0073254110369527226,-0.06809184481393504,-0.13434903047091418,0.16303219106957423,-0.05369127516778527,-0.05369127516778527,-0.05769230769230771,-0.05769230769230771,-1.1663201663201663,-0.30208333333333337,0.736842105263158,-0.9625850340136054,-0.02042711234911787,0.0,0.2727272727272727,0.11707317073170742,-0.13395225464190974,0.0,0.0,0.008403361344537785,-0.12208138759172793,0.0,0.0,0.027287611424413383
2006-09-30,-0.013402568240825197,0.009591875117547444,-0.010504201680672232,-0.043967714528462154,-0.0325333333333333,-0.046428571428571375,-0.8687943262411347,-0.8687943262411347,-0.8673469387755102,-0.8673469387755102,3.1125,-0.7164179104477613,7.090909090909092,-3.1363636363636362,0.04454976303317526,0.0,-0.5763243786090886,-0.6000000000000001,-0.03369065849923436,0.0,0.0,0.0,-0.019756838905775065,0.0,-0.020618556701030966,0.055958916238710854
2006-12-31,0.01849217638691325,0.03520864381520128,0.0560182916870815,0.10442123972450568,-0.2348401323042999,2.2983770287141074,15.243243243243242,15.243243243243242,15.076923076923077,15.076923076923077,2.1246200607902734,1.263157894736842,1.352059925093633,6.808510638297872,0.33303085299455537,0.0,0.9928888888888887,0.8624454148471616,-0.23454833597464342,0.0,0.0,0.016666666666666607,-0.24883720930232556,0.0,0.4736842105263157,-0.06263625691765906
2007-03-31,-0.04322625698324023,-0.10257333093395715,-0.06348592638416328,-0.1905049285857976,0.14553314121037464,-0.7994890234670704,-0.7487520798668885,-0.7487520798668885,-0.7464114832535884,-0.7464114832535884,-1.3443579766536966,0.7209302325581395,-0.9697452229299363,-2.20708446866485,-0.3015656909462219,-0.22298994974874375,-0.044603033006244464,-0.10902696365767883,0.14492753623188404,1.0897959183673467,0.0,0.008196721311475308,0.1971104231166152,0.0,-0.02142857142857124,0.10859647553448437
2007-06-30,-0.04576308298664333,0.07579707238820932,-0.12484518206589046,0.004224652087475134,0.5566037735849056,0.18452100047192066,-4.80794701986755,-4.80794701986755,-4.7735849056603765,-4.7735849056603765,0.04802259887005644,-33.2972972972973,58.26315789473684,-3.0293453724604964,0.8762183235867447,0.06588520614389659,-0.8166822284469343,-0.7960526315789473,0.555153707052441,-0.06835937500000011,0.0,0.008130081300812941,0.6318965517241377,0.0,-0.02919708029197088,0.07124989913660928
2007-09-30,-0.010937739024017179,0.014725069897483678,-0.030757618643268203,-0.0051967334818113775,0.07393939393939397,0.028286852589641365,-0.9356521739130435,-0.9356521739130435,-0.935,-0.935,-1.0026954177897573,-1.010041841004184,-0.9378330373001776,-1.0867630700778643,-0.04051948051948051,0.023890784982935065,-0.4142614601018675,-0.3290322580645162,0.07325581395348846,-0.34171907756813413,0.0,0.0,0.08610670892762817,0.0,-0.007518796992481258,0.02003615546851467
2007-12-31,0.056298816796844786,0.11186627479794264,0.03475128978876674,0.10597014925373127,0.1395786305492852,0.1975978302983339,4.8108108108108105,4.8108108108108105,4.769230769230769,4.769230769230769,1037.0,-5.833333333333333,-0.0714285714285714,-15.102564102564102,0.5955603681645911,-0.055185185185185115,-5.018840579710145,-5.875,0.13867822318526546,-0.12101910828025486,0.0,0.0,0.07879377431906609,6.627906976744186,-0.41666666666666663,0.005316792202038068
2008-03-31,-0.058203382385240476,-0.11630596398480098,-0.08146754468485418,-0.17498875393612234,0.023440079234070543,-0.3228728566806859,-1.5348837209302326,-1.5348837209302326,-1.5333333333333332,-1.5333333333333332,-1.739884393063584,-1.0,-1.1692307692307693,-1.6763636363636363,-0.2524601289446895,-0.2485299882399059,-0.0879913451135953,0.06903353057199202,0.0237868696479544,-0.3405797101449275,-0.43096234309623427,0.0,0.08656447249774568,0.05640243902439024,0.012987012987013102,0.07117672983693257
2008-06-30,0.013059701492537323,0.029912133108992434,-0.02611634575993449,-0.06270447110141764,0.13645161290322583,0.18729096989966565,-5.304347826086956,-5.304347826086956,-5.3,-5.05,-1.5963541666666665,-inf,-23.545454545454547,-1.1411290322580645,0.04766227871084894,-0.17057902973395933,-0.187821273230526,-0.11070110701107005,0.1356877323420076,-0.18681318681318682,-0.2144607843137255,0.008064516129032251,0.12157676348547719,-0.10966810966810969,0.0,0.0988136871699925
2008-09-30,-0.08586556169429094,-0.09548012343438006,-0.20748764328530866,-0.03752181500872598,0.24240703945500996,-0.03219315895372232,-0.806060606060606,-0.806060606060606,-0.8023255813953488,-0.7962962962962963,-1.1069868995633187,-0.5392156862745099,0.3911290322580645,-5.438095238095238,-0.20190641247833618,-0.040251572327044016,-0.04089581304771173,0.11410788381742742,0.3338788870703764,-0.15540540540540537,0.1341653666146645,0.0,0.35923048464668894,0.11183144246353316,0.0,-0.06022216674987524
2008-12-31,-0.22949718794594143,0.004214328717639937,0.0904989384288748,0.046237533998186864,-0.7804432259538496,0.011642411642411643,-10.5625,-10.5625,-11.058823529411764,-11.363636363636363,-11.448979591836734,-0.17021276595744683,-0.5681159420289855,-1.6502145922746783,0.16449511400651473,-0.2955439056356487,-1.7502538071065987,-1.7001862197392925,-0.7803680981595092,-0.472,-0.35763411279229707,0.008000000000000007,-0.7150244964616221,0.0,0.025641025641025772,-0.04017531044558076
2009-03-31,-0.1361804118095653,-0.22961630695443647,-0.11328790459965932,-0.23830155979202772,-0.3350676378772113,-0.39293053842992187,-0.6154684095860566,-0.6154684095860566,-0.6140350877192982,-0.6140350877192982,-2.53125,-0.3589743589743589,-0.9328859060402684,-3.759075907590759,-0.3897435897435897,-0.5506976744186046,0.9370771312584576,0.7207446808510636,-0.3351955307262571,1.0454545454545454,0.0,0.0,-0.23018147086914986,0.0,0.04999999999999982,0.011415525114155223
2009-06-30,-0.10379619119687222,-0.06640726329442281,-0.009880609304240395,-0.05271141448615846,-1.1752738654147106,0.19566689234935675,-0.46458923512747874,-0.46458923512747874,-0.4696969696969697,-0.4696969696969697,-0.798469387755102,0.1200000000000001,-0.5,-0.7882775119617225,-0.13521772345301752,-0.2753623188405797,0.0,1.3338485316846986,-1.1764705882352942,0.0888888888888888,0.0,0.0,0.0,0.0,0.059523809523809534,-0.014433271769614842
2009-09-30,0.05305375738812268,0.14865240344540154,0.12737352737352747,0.28062449959967983,4.839285714285714,0.008493771234428182,-0.4126984126984127,-0.4126984126984127,-0.41428571428571426,-0.41428571428571426,-0.8987341772151899,20.0,-123.2,-1.0847457627118644,0.013250883392226243,0.3542857142857143,0.0,0.3132450331125829,4.809523809523809,0.0,0.0,0.0,0.0,0.0,0.05617977528089879,-0.10306774014436426
2009-12-31,0.027796338366965045,0.04088050314465419,-0.05040570445045489,-0.0947170990934667,-0.9464831804281345,0.4497473329590118,-4.990990990990991,-4.990990990990991,-5.024390243902439,-5.024390243902439,-52.375,-2.052721088435374,-1.9214402618657938,57.46666666666667,0.7646033129904097,-0.1561181434599157,0.0,-0.8598083711548159,-0.9467213114754098,0.0,0.0,0.0,0.0,0.0,0.07446808510638303,0.14973303412520322
2010-03-31,-0.06670133922766874,-0.08528933302347197,-0.06382703262558265,-0.18922651933701662,0.5714285714285714,-0.25135553834237023,-0.7313769751693002,-0.7313769751693002,-0.7333333333333334,-0.7575757575757576,-1.5729927007299271,-1.061389337641357,-0.9769094138543517,-1.597491448118586,-0.258893280632411,0.38250000000000006,0.0,-2.2805755395683454,0.5384615384615385,0.0,0.0,0.0,0.0,-0.5262390670553936,0.07920792079207928,0.12821375689864034
2010-06-30,-0.05391473948174974,-0.07571138211382111,-0.032084082422901394,-0.05664395229982966,2.8181818181818183,-0.18830832902224526,-2.4117647058823533,-2.4117647058823533,-2.409090909090909,-2.55,-0.6326963906581742,-1.0789473684210527,-1.0,-0.6431297709923665,-0.1246666666666667,0.21338155515370705,0.0,0.0898876404494382,2.9,0.0,0.5289079229122056,0.0,0.0,0.10769230769230753,-0.00917431192660556,-0.02022311042176206
2010-09-30,0.020321013105580876,0.03655854865310615,0.020431490212887482,0.06772009029345383,0.023809523809523725,0.12045889101338436,-0.7440476190476191,-0.7440476190476191,-0.7419354838709677,-0.7419354838709677,-1.8092485549132948,-10.666666666666666,-inf,-1.4491978609625669,0.06397562833206405,-0.3591654247391952,0.0,0.26546391752577314,0.025641025641025772,0.0,-0.40896358543417366,0.0,0.0,0.24444444444444446,0.0185185185185186,-0.029164637116415038
2010-12-31,-0.0995814691874729,0.007425086184036145,0.02408288994679353,0.19788583509513735,4.0093023255813955,0.09613196814562008,12.837209302325581,12.837209302325581,12.875000000000002,12.875000000000002,1.0357142857142856,0.6551724137931034,-0.78,1.7023809523809526,0.16249105225483174,0.13720930232558137,0.0,-3.063136456211813,4.012499999999999,0.0,-0.08767772511848337,0.0,0.0,0.0,-0.036363636363636376,-0.15898400752587016
2011-03-31,-0.05722070844686644,-0.10634377467754674,-0.021602406343997793,-0.13836921990822448,0.1847725162488394,-0.3139595225739491,-0.5865546218487395,-0.5865546218487395,-0.5900900900900901,-0.5900900900900901,-2.8421052631578947,-1.0,-18.363636363636363,-2.4273127753303965,-0.1995073891625616,-0.10429447852760731,0.0,0.6071076011846002,0.18204488778054873,0.0,0.0,0.0,0.0,0.0,-0.037735849056603765,0.03713646532438486
2011-06-30,-0.09316558993539614,-0.10103092783505152,-0.05631637786472887,-0.094633346988939,0.11363636363636354,0.12329803328290478,-0.27235772357723576,-0.27235772357723576,-0.2637362637362637,-0.2637362637362637,-0.3866666666666667,-inf,-1.0,0.058641975308642014,-0.26384615384615384,-0.25114155251141557,0.0,0.07125307125307123,0.11392405063291133,0.0,0.0,0.0,0.0,0.0,0.03921568627450989,-0.007046304285303395
2011-09-30,-0.04349456317960254,-0.03342070773263439,-0.00029616466755510995,0.04841628959276023,0.16185784658691071,-0.01548821548821544,0.24022346368715075,0.24022346368715075,0.23880597014925353,0.23880597014925353,-0.406832298136646,-0.46153846153846156,inf,-0.7230320699708455,-0.09926854754440961,-0.3932926829268293,0.0,0.26261467889908263,0.15909090909090895,0.0,0.0,0.0,0.0,0.0,0.037735849056603765,-0.07805937726285295
2011-12-31,-0.08310466483731871,-0.08372881355932205,0.04103095837653692,-0.07207596029348295,0.42459115687462146,0.19904240766073866,-0.472972972972973,-0.472972972972973,-0.4819277108433735,-0.4819277108433735,-1.2094240837696335,-2.071428571428571,-1.5,-0.9894736842105263,-0.001160092807424573,-0.4321608040201006,0.0,-0.3387829246139873,0.41666666666666674,0.0,0.0,0.0,0.0,0.0,0.04545454545454519,-0.01256676091737352
2012-03-31,0.0801624625908508,0.16648168701442834,0.10358565737051784,-0.2493023255813953,0.1500850340136055,-0.44951511694238444,2.128205128205128,2.128205128205128,2.1395348837209305,2.1395348837209305,-2.7,-1.6666666666666665,-11.454545454545455,-501.0,0.5807200929152148,0.0,0.0,0.20398351648351642,0.14763552479815445,0.0,0.0,0.0,0.0,0.0,-0.02608695652173898,0.553849825007954
2012-06-30,-0.08608747278844253,-0.10022201078338089,-0.02359463641052084,-0.13011152416356875,0.09316081330868764,0.11606217616580317,-0.18306010928961747,-0.18306010928961747,-0.18518518518518512,-0.18518518518518512,0.23529411764705888,-2.2,-1.0382608695652173,-1.208,-0.07641440117560616,0.0,0.0,0.17798060467769528,0.09346733668341733,0.0,0.0,0.0,0.0,0.0,-0.0357142857142857,0.034399795239314024
2012-09-30,-0.04655695106106539,-0.050757842791681385,0.008054931995246317,0.03917378917378911,0.0933378424078457,-0.1160631383472609,0.04347826086956519,0.04347826086956519,0.04545454545454519,0.04545454545454519,0.29761904761904767,0.25,0.8636363636363635,0.20192307692307687,-0.09944311853619725,0.0,0.0,0.13026634382566593,0.09099264705882337,0.0,0.0,0.0,0.0,0.0,-0.06481481481481488,-0.08655416439847574
2012-12-31,-0.026572791278673624,-0.04270330486446339,0.04309667277967,0.4420836189170665,0.13795236622332196,0.17647058823529416,0.28846153846153855,0.28846153846153855,0.27826086956521756,0.27826086956521756,-0.9908256880733946,-0.4666666666666667,-0.9024390243902439,-1.024,0.0026501766784452485,0.0,0.0,0.28706083976006846,0.1381634372367313,0.0,0.0,0.0,0.0,0.0,-0.1089108910891089,-0.33616859898147144
2013-03-31,-0.04433037797480166,-0.009697439875872793,-0.06856712294361422,-0.037547528517110296,-0.09676542538733346,-0.24196428571428574,-1.7039800995024876,-1.7039800995024876,-1.7074829931972788,-1.7074829931972788,272.0,64.75,52.5,12.0,0.03436123348017617,0.0,0.0,-0.44141145139813576,-0.0984455958549223,0.0,0.0,0.0,0.0,0.0,0.022222222222222143,0.028890883865175798
2013-06-30,-0.068603515625,0.019193106149627992,-0.06053660509640013,0.6725925925925926,-0.050556725850135376,-0.613663133097762,-1.7915194346289751,-1.7915194346289751,-1.7884615384615383,-1.7884615384615383,-0.46886446886446886,-1.0190114068441065,-0.9813084112149533,-5.076923076923077,-0.13543441226575814,0.0,0.0,-0.05959475566150185,-0.05008210180623973,0.0,0.0,0.0,0.0,0.0,-0.15217391304347827,-0.39065598477036567
2013-09-30,-0.10615989515072088,-0.18485780169100696,-0.5990241102181401,-0.7127251254797756,-1.1914421553090333,0.0,0.0,0.0,0.0,0.0,0.0,0.0,0.0,0.0,-0.1733990147783251,19.24778761061947,0.0,0.0,-2.250648228176318,0.0,0.0,0.0,1.1972704714640199,0.0,0.0,1.8376724811247072
2013-12-31,-0.061583577712609916,-0.07072135785007072,-0.08661417322834641,-0.0904419321685509,0.039735099337748325,1.024390243902439,-0.6383928571428572,-0.6383928571428572,1.3658536585365852,1.3658536585365852,-0.32413793103448274,-9.1,9.5,-0.6603773584905661,0.005959475566150285,0.2395104895104896,0.0,0.0,0.04146510020732541,0.33333333333333326,0.0,0.0,0.10841332580463003,0.0,0.0,0.02165236937474213
2014-03-31,-0.03687499999999999,-0.016742770167427756,-0.03369905956112851,-0.051977401129943535,-0.05414012738853502,-0.41716867469879515,-0.5555555555555556,-0.5555555555555556,-0.5567010309278351,-0.5567010309278351,-0.5510204081632653,-0.8024691358024691,-0.9761904761904762,-0.35185185185185186,-0.041469194312796165,0.11389280677009883,0.0,0.0,-0.05441274054412737,0.0714285714285714,0.0,0.0,-0.018339276617422295,0.0,0.0,0.037178393426428924
2014-06-30,-0.07430240103828678,-0.09081527347781215,-0.06528791565287917,-0.11203814064362339,-0.11616161616161613,0.10852713178294571,0.7222222222222223,0.7222222222222223,0.7325581395348837,0.7325581395348837,1.0,1.9375,0.0,0.17142857142857149,-0.050679851668726794,-0.07185818296929403,0.0,0.0,-0.1171929824561403,-0.01904761904761909,0.0,0.0,-0.04514789828749355,0.0,0.0,0.023897138404259888
2014-09-30,-0.060988433228180816,-0.05788876276957999,-0.0663774403470716,-0.16375838926174502,-0.03619047619047622,0.09790209790209792,-1.2741935483870968,-1.2741935483870968,-1.2751677852348993,-1.261744966442953,-0.9545454545454546,-1.1914893617021276,3.0,-0.41463414634146345,-0.03125,-0.1974761255115961,0.004540691582256562,-0.6520912547528517,-0.03895071542130368,-0.09223300970873782,0.0,0.0,0.026630434782608736,0.0,-0.15384615384615385,0.12659084182487002
2014-12-31,-0.045912653975363926,-0.0662650602409639,0.04879182156133832,-0.038523274478330705,-0.45256916996047436,0.12314225053078554,-3.4705882352941178,-3.4705882352941178,-3.4390243902439024,-3.564102564102564,-3.0,0.4444444444444444,-0.75,0.33333333333333326,-0.043010752688172005,-0.1240968975775606,-0.1004867872044507,-0.19854280510018218,-0.4524400330851943,-0.09090909090909094,0.0,0.0,-0.4261514028586554,0.0,-0.015151515151515138,-0.0288609495214861
2015-03-31,-0.07942097026604067,-0.08967741935483875,-0.06690296854231281,-0.14023372287145242,-0.1985559566787004,-0.19281663516068048,0.38095238095238093,0.38095238095238093,0.3799999999999999,0.3799999999999999,-12.125,-0.5384615384615384,0.0,2.21875,-0.1446629213483146,-0.03056768558951961,0.4654039427908776,0.26363636363636367,-0.19939577039274925,0.7764705882352942,0.0,0.0,-0.13007380073800745,0.0,0.0923076923076922,0.05881898284124265
2015-06-30,-0.013174670633234187,-0.007795889440113446,-0.005223171889838563,0.023300970873786353,-0.09909909909909909,0.07259953161592514,-0.5862068965517242,-0.5862068965517242,-0.5869565217391304,-0.5869565217391304,-0.8314606741573034,1.1666666666666665,2.0,-0.6796116504854368,-0.054187192118226646,-0.06156156156156156,-0.06304405170139804,-0.2230215827338129,-0.10000000000000009,0.17218543046357615,0.0,0.0,-0.08695652173913038,0.0,0.07042253521126773,-0.030403679100664216
2015-09-30,-0.052540913006029255,-0.0535714285714286,-0.03675417661097857,-0.04743833017077803,-0.22499999999999998,-0.026200873362445365,-0.08333333333333337,-0.08333333333333337,-0.07017543859649111,-0.07017543859649111,1.6,-0.23076923076923073,-0.6666666666666667,0.6666666666666667,-0.09548611111111116,-0.19520000000000004,0.9251126126126124,0.43287037037037024,-0.2264150943396226,-0.10734463276836159,0.0,0.0,-0.1811846689895471,0.0,0.03947368421052633,-0.0064370412196498306
2015-12-31,-0.028181818181818197,-0.035471698113207495,0.00842418235877096,-0.08565737051792832,-0.49677419354838714,0.047085201793722,-2.090909090909091,-2.090909090909091,-2.0754716981132075,-2.0754716981132075,-2.230769230769231,1.2000000000000002,-5.0,-1.4727272727272727,0.0499040307101728,-0.07024519549370445,-0.28560982743492247,-0.42649434571890144,-0.49864498644986444,0.20253164556962022,0.0,0.0,-0.4822695035460993,0.0,0.012658227848101333,0.05489884064560124
2016-03-31,-0.0336763330215154,0.020344287949921824,0.03882063882063891,-0.034858387799564294,-1.9743589743589745,-0.22483940042826556,-1.75,-1.75,-1.7543859649122808,-1.7543859649122808,-1.4375,-0.31818181818181823,-1.25,-2.3076923076923075,-0.0621572212065814,-0.28581610833927296,0.0,-0.48450704225352104,-1.9729729729729728,0.4263157894736842,0.0,0.0,0.0,0.0,-0.012499999999999956,0.05721366232087055
2016-06-30,-0.011616650532429773,-0.0007668711656442229,-0.015610217596972564,0.0022573363431150906,-0.11842105263157898,0.09668508287292821,-1.3888888888888888,-1.3888888888888888,-1.3953488372093024,-1.372093023255814,-0.5714285714285714,-2.2666666666666666,6.0,-1.0588235294117647,0.003898635477582957,0.33732534930139724,0.0,-0.7650273224043715,-0.1166666666666667,0.0,0.0,0.0,0.0,0.0,0.0,-0.0030235086288898927
2016-09-30,-0.029872673849167475,-0.05065234075211056,-0.03700144161460839,-0.04729729729729726,-0.25373134328358204,-0.04282115869017633,1.2857142857142856,1.2857142857142856,1.2352941176470589,1.3125,-0.7777777777777778,-1.5789473684210527,0.7142857142857142,-13.5,-0.05048543689320384,0.16791044776119413,0.0,-4.279069767441861,-0.25786163522012584,0.0,0.0,0.0,0.0,-0.5959821428571428,-0.012658227848101222,-0.0035438034552083275
2016-12-31,-0.10348308934881378,-0.09458367016976554,-0.15518962075848308,0.004728132387706863,0.45999999999999996,0.06315789473684208,-0.375,-0.375,-0.5789473684210527,-0.5405405405405406,-10.5,0.2727272727272727,3.333333333333333,1.2400000000000002,-0.11247443762781184,-0.003833865814696469,0.0,-0.46099290780141844,0.4576271186440679,0.0,5.044155844155844,0.0,0.0,-0.4640883977900553,0.0,-0.09882706972608835
2017-03-31,-0.03322072072072069,-0.10982142857142863,-0.044890726520968705,-0.07529411764705884,-0.20547945205479456,-0.11633663366336633,-0.30000000000000004,-0.8,-0.6875,-0.7058823529411764,-3.789473684210526,-0.7142857142857143,-0.9423076923076923,0.0,-0.12903225806451613,-0.14047466324567026,0.0,1.8026315789473681,-0.20348837209302317,0.0,1.1327889987107866,0.0,0.0,1.3505154639175259,0.0512820512820511,-0.03733920236785182
2017-06-30,-0.013977868375072755,0.007021063189568633,-0.01546072974644408,0.007633587786259444,0.01724137931034475,0.0672268907563025,-0.4285714285714286,-1.5,-1.4,-1.4,-0.6037735849056604,1.5,0.33333333333333326,-0.4107142857142857,0.02910052910052907,-0.2380597014925373,0.0,-0.028169014084507005,0.014598540145985162,0.0,-0.7257707032037075,0.0,0.0,-0.22368421052631582,0.03658536585365857,-0.0005912728132760892
2017-09-30,-0.04430005906674539,-0.015936254980079667,-0.011934673366834181,0.037878787878787845,0.9830508474576272,-0.005249343832021025,-12.5,45.0,59.0,59.0,-0.8571428571428572,0.10000000000000009,2.0,-0.303030303030303,-0.059125964010282805,-0.1939275220372184,0.0,-1.710144927536232,0.9784172661870505,0.0,0.0609845701689935,0.0,0.0,0.0,0.04705882352941182,-0.05186558333990687
2017-12-31,0.055006180469715726,-0.030364372469635637,-0.05530832803560082,0.019464720194647178,-1.4871794871794872,0.09234828496042224,-3.8043478260869565,-3.8043478260869565,-3.4333333333333336,-3.4250000000000003,-4.333333333333334,-1.0909090909090908,-0.16666666666666663,-1.1304347826086956,0.008196721311475308,-0.36816524908869985,0.0,-4.795918367346939,-1.4872727272727273,0.0,0.0,0.0,-0.08493150684931505,2.101694915254237,0.022471910112359605,-0.04887890511252557
2018-03-31,-0.020503807850029254,-0.022964509394572064,-0.008075370121130576,0.0,-0.4385964912280702,-0.1376811594202898,-1.193798449612403,-1.2325581395348837,-1.2397260273972603,-1.2405498281786942,-3.7,-11.0,-0.6,-13.0,-0.09756097560975607,0.5653846153846154,0.0,-0.33512544802867383,-0.4402985074626866,0.11992619926199266,-0.6759002770083102,0.0,-0.4281437125748503,-0.3806921675774134,0.01098901098901095,-0.02296186144156742
2018-06-30,-0.05921052631578949,-0.06623931623931623,-0.0549525101763908,-0.06443914081145585,-0.625,0.04201680672268915,-1.16,-0.9666666666666667,-0.9714285714285714,-0.9714285714285714,-0.18518518518518523,-0.4,0.0,0.11111111111111116,-0.12012012012012008,-0.375921375921376,0.0,0.016172506738544312,-0.6266666666666667,0.11532125205930788,0.09615384615384626,0.0,-0.6020942408376964,0.00588235294117645,0.010869565217391353,-0.0019248847307400396
2018-09-30,-0.020979020979020935,-0.034324942791762014,-0.03015075376884424,0.9872448979591837,0.5,-0.016129032258064502,3.75,-15.0,-17.5,-17.5,0.36363636363636354,-1.0,-0.5,-0.07499999999999996,-0.12627986348122866,-0.32086614173228345,0.0,1.076923076923077,0.4999999999999998,0.8197932053175776,-0.32163742690058483,0.0,0.5394736842105263,1.1695906432748537,0.0,-0.5140832436311447
2018-12-31,-0.018831168831168865,0.04028436018957349,-0.007401924500370138,-0.0012836970474967568,-1.1666666666666667,-0.3715846994535519,-1.736842105263158,-2.357142857142857,-2.3636363636363633,-2.3636363636363633,-1.5666666666666667,-inf,-0.5,-1.2972972972972974,0.04296875,-0.037681159420289934,0.0,-1.1302681992337165,-1.1666666666666667,-0.35876623376623373,-0.6206896551724137,0.0,0.0,0.0,-0.09677419354838723,0.041628207494923464
2019-03-31,0.01786896095301116,-0.021640091116173155,0.028337061894108784,0.02185089974293053,4.333333333333333,0.26521739130434785,0.2857142857142858,0.21052631578947367,0.19999999999999996,0.19999999999999996,-1.7058823529411766,-0.5,-4.0,-1.9090909090909092,-0.03745318352059923,-0.05722891566265054,0.0,-0.431372549019608,4.285714285714286,0.0,0.0,0.0,0.0,0.0,-0.023809523809523836,-0.042534337616304874
