Quarter end,Assets,Current Assets,Liabilities,Current Liabilities,Shareholders equity,Revenue,Earnings,Earnings available for common stockholders,EPS basic,EPS diluted,Cash from operating activities,Cash from investing activities,Cash from financing activities,Cash change during period,Cash at end of period,Price,ROE,ROA,Book value of equity per share,P/B ratio,P/E ratio,Cumulative dividends per share,Equity to assets ratio,Net margin,Asset turnover,Current ratio
1996-09-30,-0.001441738324494124,-0.006200482259731355,-0.035308953341740223,-0.056699398162812775,0.11575562700964626,0.07871219065077906,0.3263757115749526,0.3696581196581197,0.3846153846153846,-0.5,-4.358778625954198,-0.2849162011173184,-4.971061093247588,-2.649325626204239,0.4218827008378512,0.1642371234207971,0.006142146826557449,-0.038679245283018804,0.11827956989247301,-0.09394409937888204,-0.05547135495604738,0.8823529411764706,0.11730597680642285,0.06505576208178421,-0.03910614525139666,0.053503849667232206
1996-12-31,-0.001441738324494124,-0.006200482259731355,-0.035308953341740223,-0.056699398162812775,0.11575562700964626,0.07871219065077906,0.3263757115749526,0.3696581196581197,0.3846153846153846,-0.5,-4.358778625954198,-0.2849162011173184,-4.971061093247588,-2.649325626204239,0.4218827008378512,0.1642371234207971,0.006142146826557449,-0.038679245283018804,0.11827956989247301,-0.09394409937888204,-0.05547135495604738,0.8823529411764706,0.11730597680642285,0.06505576208178421,-0.03910614525139666,0.053503849667232206
1997-03-31,-0.018254009178569564,-0.05982668977469674,-0.05531475748194015,-0.08193418401611818,0.09263071222725405,-0.15942644715878918,-0.45207439198855504,-0.49453978159126366,-0.5,-0.5,-0.7959090909090909,4.890625,-1.0801619433198382,-1.272196261682243,-0.0807625649913345,0.013355592654423987,0.006142146826557449,-0.038679245283018804,0.0769230769230771,-0.09394409937888204,-0.05547135495604738,0.5,0.11297405189620746,0.06505576208178421,-0.03910614525139666,0.02409265452743714
1997-06-30,-0.016177320237407478,-0.033254682200265395,-0.0347389119510596,-0.07400633991709338,0.03183873398643566,-0.01958554460449835,-0.04177545691906004,-0.04629629629629628,-0.07407407407407418,-0.5,0.19599109131403125,-0.6737400530503979,-4.4646464646464645,-0.5879828326180258,-0.03619909502262442,-0.054365733113673764,0.006142146826557449,-0.038679245283018804,0.03571428571428559,-0.1216795201371037,-0.05547135495604738,0.5,0.04878048780487809,0.06505576208178421,-0.03910614525139666,0.04402781977623227
1997-09-30,0.020447386685174207,0.028068034474868497,0.004526935264825616,0.015668202764977046,0.05897389081614013,0.16071658718907078,0.6839237057220708,0.8090614886731391,0.8799999999999999,-0.5,-1.6256983240223464,-0.17479674796747968,-0.9620991253644315,5.052083333333333,-0.22730829420970267,0.04181184668989557,0.006142146826557449,-0.038679245283018804,0.06034482758620685,0.005853658536585371,-0.05547135495604738,0.22222222222222232,0.037619699042407806,0.06505576208178421,-0.03910614525139666,0.012164745409256827
1997-12-31,0.25034006487391447,0.0748571852511315,0.30539281958840325,0.5108892921960073,0.12396551724137939,0.11137019764601375,0.3802588996763754,0.4221824686940967,0.4255319148936172,-0.5,-7.413690476190476,17.704433497536947,-193.69230769230768,-2.636833046471601,0.48151898734177223,-0.0033444816053512794,0.006142146826557449,-0.038679245283018804,0.12195121951219501,-0.06013579049466544,-0.05547135495604738,0.18181818181818188,-0.10085695451549115,0.06505576208178421,-0.03910614525139666,-0.288559491787329
1998-03-31,0.03933218963136542,-0.008282716731087825,0.04148446490218638,-0.26306306306306304,0.03359410952600084,-0.12928364471975218,-0.46424384525205153,-0.49937106918238994,-0.4925373134328358,-0.5,-0.731322505800464,-0.6133789834079537,-0.6550898203592814,-1.0967402733964249,-0.031442241968557716,0.23238255033557054,-0.02325581395348819,-0.038679245283018804,0.02898550724637694,0.0980392156862746,0.14281129653401803,0.15384615384615374,-0.005498533724340171,0.013961605584642323,-0.04651162790697683,0.3456680878449039
1998-06-30,0.011634928942388933,0.012388641425389757,0.0034804706922269,-0.02503201769705432,0.033541110121697804,-0.03040734366035569,-0.03719912472647702,-0.04020100502512558,-0.05882352941176472,0.0,-0.6822107081174439,-0.7929155313351499,-0.8888888888888888,-0.3586956521739131,-0.02081863091037406,0.14703880190605867,-0.023809523809523836,-0.038679245283018804,0.035211267605633756,0.11560150375939826,0.10699241786015179,0.13333333333333353,0.021378547733136744,0.015490533562822595,-0.04878048780487798,0.03837876614060254
1998-09-30,0.03621458134352107,0.06359136532380028,0.01222197753798726,0.051827083830905174,0.09879379666858124,0.17988165680473367,0.6272727272727272,0.7198952879581151,0.71875,0.6666666666666667,-4.201086956521739,-0.29605263157894735,-1.125,11.389830508474576,-0.2634234234234234,-0.11157270029673594,-0.023475609756097637,-0.03140333660451433,0.10204081632653073,-0.1423757371524852,-0.1466260781329275,0.11764705882352944,0.06062793215445672,0.01864406779661021,-0.044871794871794934,0.011226252158894612
1998-12-31,0.056647976035025804,0.0877124943442571,0.03567932122266937,0.0267938237965486,0.10703084161003651,0.09428284854563684,0.3589385474860336,0.39269406392694073,0.3999999999999999,0.3818181818181816,-5.719864176570458,0.2570093457943925,42.583333333333336,-3.7127222982216144,0.9701565557729941,0.11222444889779548,-0.015298157976896487,0.012158054711246313,0.1049382716049383,0.009823182711198308,0.0645065398335316,0.10526315789473673,0.047635250085062975,0.028286189683860208,-0.01342281879194629,0.059322516367776856
1999-03-31,-0.012466833860356963,-0.06590206798193488,-0.04012183594160279,-0.07341884122069886,0.04969897296659198,-0.11567369385884507,-0.4491264131551901,-0.478688524590164,-0.48051948051948046,-0.48684210526315785,-0.6672661870503598,3.2788104089219328,-0.9311663479923518,-1.1643973777105396,-0.08095356344673454,0.2936936936936938,-0.03582752060875094,0.00800800800800805,0.05027932960893855,0.17023346303501952,0.2275900586428372,0.1428571428571428,0.0630074699577785,0.009708737864077666,0.0,0.008115225452786534
1999-06-30,0.01093117408906874,-0.0010814937336980357,-0.003063792537476795,0.028878281622911617,0.03969860548807924,-0.05814676616915426,-0.05970149253731338,-0.06498951781970652,-0.525,-0.5384615384615385,-0.56,-0.6794092093831451,3.4722222222222223,-0.3067484662576687,-0.06106457714131319,0.08356545961002793,-0.04209141729694177,0.0019860973187686426,0.037234042553191626,0.03158769742310885,0.05141037306642393,0.08333333333333348,0.028414298808432825,0.009615384615384581,-0.006802721088435382,-0.029107580765539987
1999-09-30,0.06549677795172393,0.049929945229907124,0.06333004061025127,0.1229413129204362,0.06976744186046502,0.20358754264333667,0.6388888888888888,0.7197309417040358,0.6842105263157894,0.7777777777777779,-2.2014742014742015,2.5907859078590785,-5.84472049689441,3.3053097345132745,-0.28,0.014995715509854346,-0.019910744936491698,0.009910802775024763,0.07179487179487176,-0.020950846091861375,-0.004759844223279908,0.1153846153846152,0.0038621509209744165,0.01904761904761898,0.0,-0.0650669887985943
1999-12-31,0.03211918266930902,0.028205750333616386,-0.0037675474814202747,-0.017041933484817195,0.10242669362992918,0.12928591021303837,0.37893462469733663,0.40938722294654495,0.4375,0.40625,-7.008179959100205,-0.49207547169811316,-2.5807692307692305,-2.0020554984583763,0.38968824940047964,-0.06416209371042636,-0.0028021015761819923,0.03336604514229635,0.09569377990430628,-0.12674897119341566,-0.1032608695652174,0.06896551724137945,0.06836342113051197,0.02647975077881637,0.006849315068493178,0.046044517530980045
2000-03-31,-0.021154737469376905,-0.05126541207008439,-0.05056208879448787,-0.10349900178627713,0.030908924149316785,-0.15869160391871107,-0.46971027216856887,-0.49583718778908414,-0.5,-0.5111111111111111,-0.6606535057862492,-0.2704309063893017,-0.8110300081103001,-0.7958974358974359,0.05723324705205646,0.05999097880018045,-0.0337197049525817,0.0018993352326683866,0.03056768558951961,-0.032987747408105506,-0.00484848484848488,0.09677419354838723,0.05318559556786706,0.007587253414264028,0.0,0.058278591881421704
2000-06-30,0.029289410491426304,0.0064046760353189125,0.027445844928247976,0.05696202531645578,0.03229537366548052,-0.03868732557020493,-0.052980132450331174,-0.056880733944954076,-0.08695652173913049,-0.045454545454545525,-0.01805416248746239,1.5539714867617107,-0.1716738197424893,-3.3768844221105527,-0.12867247007616978,0.015319148936170146,-0.031261359505634356,-0.0028436018957345155,0.033898305084745894,-0.014619883040935755,-0.006333739342265443,0.0588235294117645,0.0028932140978432663,0.003012048192771122,-0.006802721088435382,-0.04785399755955222
2000-09-30,0.031084677816843653,0.051405622489959946,0.01789697291556025,0.031049013084941235,0.05248642592432984,0.17899689658624496,0.6153846153846154,0.6828793774319066,0.7142857142857142,0.7142857142857142,-1.2727272727272727,-0.6786283891547049,-0.14507772020725385,0.8287526427061311,-0.2700593193880737,-0.11986588432523049,-0.018761726078799223,0.013307984790874583,0.05327868852459017,-0.1483679525222552,-0.1419465555283157,0.08333333333333348,0.02071859428271705,0.013513513513513375,0.0,0.019780464701621536
2000-12-31,0.03419484368526726,0.058470940823881934,0.0,-0.013228651322865104,0.08786439567638382,0.09671393393903371,0.37770562770562766,0.4046242774566473,0.41666666666666674,0.38888888888888884,-10.827715355805243,0.3424317617866004,0.10909090909090913,-3.1988439306358383,0.8135158254918733,-0.0357142857142857,-0.006883365200764935,0.022514071294559068,0.08560311284046707,-0.08478513356562134,-0.06685714285714295,0.0512820512820511,0.05190133607399794,0.031111111111110867,0.0,0.07266965358977151
2001-03-31,-0.006994946382349321,-0.018820786142571655,-0.03427766473626548,-0.061471389645776586,0.032367331576966585,-0.1470269433261071,-0.4886095836606441,-0.5127572016460905,-0.5098039215686274,-0.52,-0.9664634146341463,-0.22365988909426993,-0.2622950819672131,-1.2129337539432177,-0.09551886792452835,-0.0469135802469135,-0.034270311898344064,-0.007339449541284404,0.032258064516129004,-0.12182741116751272,-0.08389467238211867,0.07317073170731714,0.03957010258915483,0.001436781609195359,-0.006849315068493178,0.04543602281988579
2001-06-30,-0.0011481768813033089,-0.0160697108583715,0.008481901674770365,-0.005109743351527141,-0.014145096609551544,-0.05863665244621952,-0.6866359447004609,-0.7533783783783784,-0.76,-0.75,5.920454545454546,0.6642857142857144,0.125925925925926,-0.09135802469135801,-0.09595827900912646,0.03886010362694292,-0.1475279106858055,-0.12014787430683915,-0.01736111111111105,0.005780346820809301,0.023061497326203106,0.045454545454545414,-0.012922932330827086,-0.12195121951219512,-0.006896551724137945,-0.011011498733190517
2001-09-30,0.025382129986330382,0.03260682040370355,0.009696255424010314,0.015524687755340327,0.04703794098069669,0.1452126120914088,3.7598039215686274,5.2465753424657535,5.333333333333334,5.333333333333334,-2.7142857142857144,-0.1702432045779685,1.539473684210526,4.144021739130435,-0.54600519180848,-0.07930174563591019,-0.019644527595883865,0.0021008403361344463,0.053003533568904526,-0.06321839080459779,0.039856256125449185,0.06521739130434767,0.020947393477743548,0.013071895424836555,-0.01388888888888895,0.01679968469799986
2001-12-31,0.0170883199515226,0.03915125863221203,0.0046158743633277766,-0.0013793103448276334,0.03369357914812454,0.058684853077376475,-0.07209062821833156,-0.07565789473684215,-0.07894736842105265,-0.07894736842105265,-4.504789272030651,-0.1775862068965517,-0.18134715025906734,-2.5055467511885894,1.8106734434561624,-0.13109425785482132,-0.150763358778626,-0.12683438155136273,0.033557046979865834,-0.17484662576687116,-0.14577442664153306,0.04081632653061229,0.01632082070412677,-0.12258064516129041,-0.014084507042253502,0.040602742380929424
2002-03-31,-0.002204414787452702,-0.006591993140039665,-0.009242144177449174,-0.006675874769797474,0.0069017356840235244,-0.10792110704628599,-0.437291897891232,-0.468564650059312,-0.4571428571428571,-0.4571428571428571,-0.7154960371686253,-0.16352201257861632,0.10759493670886067,-0.9066666666666666,0.06012658227848111,0.013092269326683281,-0.07471910112359537,-0.06242496998799518,0.006493506493506551,-0.018587360594795488,0.1603530709819787,0.05882352941176472,0.009176416609314009,-0.0625,-0.0071428571428571175,9.312287563445487e-05
2002-06-30,0.020002985520226835,0.039922313336210546,0.04189765458422179,0.11193511008111234,-0.00787241262300642,0.04921101898903446,-1.9072978303747534,-2.15625,-2.1052631578947367,-2.1052631578947367,0.4639769452449567,0.7894736842105263,-0.5257142857142857,1.9285714285714284,0.16609808102345425,0.1120000000000001,-0.2962962962962963,-0.2676056338028169,0.009677419354838568,0.10416666666666652,0.1689381933438987,0.03703703703703698,-0.027278927028870248,-0.303921568627451,0.014388489208633004,-0.06476092927976163
2002-09-30,-0.0019318015512951314,0.0017119734384727359,0.03571063133121877,0.06033764068361824,-0.05226075654969564,0.05573965502591549,-2.5956521739130434,-2.3030888030888033,-2.380952380952381,-2.3333333333333335,-0.9796587926509186,-0.5014005602240896,8.331325301204819,-3.435173299101412,-0.34686414335344673,-0.1449916989485336,-0.1363244176013806,-0.13111888111888115,-0.051118210862619695,-0.15265866209262435,0.18004338394793917,0.0,-0.05047908389810707,-0.14929577464788724,0.007092198581560183,-0.05530665073675822
2002-12-31,0.0456611630839614,0.07991092236780784,0.05359612724757956,0.17356265356265355,0.03406712378202825,0.13698189134808847,0.4931880108991826,0.5377777777777777,0.5517241379310347,0.5714285714285714,117.35483870967742,-0.0365168539325843,-0.7682375726275016,-2.5687928307854504,0.8331466965285554,-0.10550161812297731,0.14085914085914086,0.09859154929577474,0.03703703703703698,-0.0587044534412956,0.04113051470588225,0.1785714285714286,-0.011075559931085444,0.09933774834437092,0.014084507042253502,-0.07978078726879911
2003-03-31,-0.027372672201032122,-0.04378476884711302,-0.066200947067373,-0.04070010886860398,0.03043205137153615,-0.12267289587315067,-0.23540145985401462,-0.24951830443159928,-0.24444444444444446,-0.25,-0.874897792313982,0.17492711370262382,2.9192200557103063,-1.4260752688172043,-0.19364691508857668,0.02749638205499272,0.201401050788091,0.16666666666666674,0.038961038961039085,-0.008602150537634468,-0.10461266828514681,0.0,0.059482329517172694,0.17168674698795172,0.01388888888888884,-0.0032640439786978392
2003-06-30,-0.03405420991926178,-0.07472792015647722,-0.0390118993824371,-0.08022697512003496,-0.03569735148682518,-0.013232209133451689,-0.3675417661097852,-0.3940949935815148,-0.4411764705882353,-0.36363636363636365,1.8888888888888888,1.0421836228287842,0.5557924662402274,0.2925867507886435,-0.3104166666666667,0.14295774647887338,0.5109329446064141,0.455259026687598,-0.025000000000000022,0.09978308026030369,-0.047572097609070774,0.0,-0.0016443504815598642,0.48843187660668397,0.013698630136986356,0.005974951166264564
2003-09-30,0.10457028568016957,0.1871104124884817,0.1408045977011494,0.08845861807137423,0.056195560550716506,0.10523303352412094,0.4528301886792452,0.6313559322033899,0.7894736842105263,0.5714285714285716,-1.3536953242835597,-0.448359659781288,-1.9744175422567383,-1.7236119585112872,0.32573468827245255,0.08749229821318538,0.011577424023154759,-0.008629989212513567,0.05769230769230771,0.11637080867850091,-0.27484472049689446,0.0,-0.04376470588235293,0.010362694300518172,0.0,0.09063392347230148
2003-12-31,0.0729690287011513,0.12264280169855257,0.08339821387680324,0.1466689919776769,0.05626496408619319,0.19782496116002068,0.24285714285714288,0.24285714285714288,0.23529411764705865,0.2424242424242422,0.0,0.0,0.0,2.2647554806070826,0.802154547337891,0.05439093484419266,-0.05197901764425361,-0.07072905331882473,0.051515151515151736,-0.0035335689045937757,0.013918629550321304,0.2272727272727273,-0.015748031496062853,-0.06324786324786325,0.013513513513513598,-0.020945698277216374
2004-03-31,-0.007077729081658379,0.005572050270468143,-0.03487487318227933,-0.024714828897338448,0.033245183226293884,-0.12198134766228153,0.027168234064785857,0.027168234064785857,0.023809523809523725,0.024390243902439046,-4.59275053304904,-0.11013215859030834,-1.5968120018752932,-1.0054235537190082,-0.0024140705828256115,0.10317033852767343,0.039738430583500906,0.014051522248243575,0.040345821325648235,0.049645390070921946,0.12917986624428002,0.0,0.04074999999999984,0.034671532846715314,0.0,0.031074503931111996
2004-06-30,-0.05935922477867128,-0.11049991910694057,-0.1419123122070869,0.030799220272904382,0.05636806825106633,-0.01660101294316263,-0.2767039674465921,-0.2767039674465921,-0.2790697674418604,-0.23809523809523803,-0.29317507418397626,0.8836633663366336,1.329143754909662,121.0,-0.29522931551048626,0.12031173891865565,0.02370585389453317,0.03117782909930722,0.06094182825484773,0.0760135135135136,0.04675810473815467,0.0,0.122988229642085,0.042328042328042326,0.006666666666666599,-0.13709928415810768
2004-09-30,0.017852808716054103,0.031193161149508875,0.033944158031749216,0.03275340393343429,0.0016729160657629194,0.07589413447782545,0.33614627285513365,0.33614627285513365,0.35483870967741926,0.28125,-1.8497061293031067,-0.4730617608409987,-0.7180438448566611,-0.1237314597970336,-0.3670699803793329,-0.04130434782608694,0.016068052930056753,0.04815229563269874,0.005221932114882533,-0.09576138147566726,-0.11256700416914822,0.0,-0.01582887700534763,0.025380710659898442,0.019867549668874274,-0.0015028554253080362
2004-12-31,0.047823437458601514,0.06027868418731819,0.05489731437598744,0.07346370761004906,0.037376180603547526,0.16368592513795632,0.4557894736842105,0.4557894736842105,0.45238095238095233,0.46341463414634143,-4.948616600790514,0.7107231920199502,0.7930622009569377,-1.8498886414253897,0.49289589253422883,-0.0113378684807256,0.08372093023255811,0.11858974358974361,0.03896103896103886,-0.01736111111111105,-0.06208053691275173,0.24691358024691357,-0.00999782655944359,0.09405940594059392,0.025974025974025983,-0.012281757977122165
2005-03-31,0.007434004248002335,0.01056352672073202,-0.0397323099962561,-0.04223526200873362,0.06245489368789214,-0.12117922641832823,-0.23210412147505421,-0.23210412147505421,-0.2295081967213115,-0.23333333333333328,-1.0275275275275275,-0.23177842565597673,-1.0340226817878586,-1.3139412997903563,-0.10365115071811737,0.02477064220183478,-0.018884120171673846,0.017191977077363862,0.06000000000000005,-0.014134275618374548,-0.08658318425760281,0.0,0.054445664105378766,0.0,0.018987341772152,0.05516274533707177
2005-06-30,-0.02469755534360729,-0.0523889872011194,0.061065354062088906,0.06696587589940872,-0.1154770613439231,0.0035756078533351054,-0.3728813559322034,-0.3728813559322034,-0.36170212765957444,-0.32608695652173914,-18.436363636363637,0.4345351043643264,-15.117647058823529,-1.5893155258764606,0.06814671814671813,-0.07430617726051925,-0.005249343832021025,-0.022535211267605604,-0.09669811320754718,-0.1254480286738352,-0.09479044261652969,0.0,-0.09306683322923182,-0.03318250377073895,0.006211180124223503,-0.11189417133614465
2005-09-30,0.02107674095424361,0.07678276730652311,0.018418151754547196,0.028510382586632854,0.02410207939508502,-0.03018721254129686,-0.1216216216216216,-0.1216216216216216,-0.1333333333333333,-0.16129032258064513,-1.3211678832116789,-0.3994708994708994,-0.2597222222222222,-5.640226628895184,-0.2960419302367613,-0.08558994197292069,-0.08970976253298157,-0.10086455331412103,0.04960835509138373,0.012295081967213184,-0.08048463868455213,0.0,0.0029843893480256956,-0.08892355694227772,-0.012345679012345734,0.04696240405880037
2005-12-31,-0.0672177836025909,-0.11204323626683876,-0.010282776349614386,-0.006297065697221549,-0.1419012459621597,0.19157036938080285,0.3965811965811965,0.3965811965811965,0.46153846153846145,0.46153846153846145,-8.310064935064936,1.306167400881057,5.780487804878049,-0.8827838827838828,-0.04929396662387675,-0.13220518244315183,-0.11400966183574868,-0.13888888888888884,-0.12935323383084563,-0.17408906882591102,-0.05270588235294127,0.19801980198019797,-0.08010986495765626,-0.15753424657534243,0.02499999999999991,-0.10642395626242551
2006-03-31,-0.0010807889759524292,-0.014126090116279078,-0.026384142173615843,-0.045926700202521764,0.03414896477547735,-0.11530915410056619,-0.2717258261933905,-0.2717258261933905,-0.26315789473684204,-0.26315789473684204,0.0,0.0,0.0,4.3125,-0.27545233594382934,0.09750152346130414,-0.0997818974918212,-0.13399503722084372,0.037142857142857144,0.26225490196078427,0.269249875807253,0.0,0.03533217218213491,-0.15447154471544722,0.024390243902439046,0.03330320517277352
2006-06-30,0.02355964295374635,0.0029486293480764925,-9.360666479452107e-05,-0.015201314708299107,0.0545371814872595,0.016727917881130372,-0.25210084033613445,-0.25210084033613445,-0.2142857142857143,-0.2857142857142857,-0.4663557628247835,-0.1967526265520535,-0.8353624792473713,-1.9833333333333334,0.37383525903838977,0.06218767351471399,-0.0726832222895214,-0.0759312320916905,0.05509641873278248,0.023300970873786353,0.21761252446183943,0.0,0.03028118240807509,-0.09134615384615374,0.017857142857142794,0.01843628044677703
2006-09-30,0.04278428159932357,0.043410354173365695,0.09286650439992505,0.14059240717563615,-0.02071133575787465,-0.006917611865885576,0.3101123595505617,0.3101123595505617,0.27272727272727293,0.3500000000000001,-1.2967124427798584,0.4780023781212841,-1.1126050420168068,-2.8733798604187437,-0.5097666847531199,-0.006272869837950723,0.022207707380796693,0.0,-0.007832898172323799,-0.05882352941176461,0.09128897460623597,0.0,-0.06088173547935627,-0.015873015873015928,0.011695906432748648,-0.08516120507399583
2006-12-31,0.02430309173846923,0.024478295324469546,0.03126606133287657,0.04700073152889539,0.01686913828916725,0.2495136491998744,2.574614065180103,2.574614065180103,2.571428571428571,2.6666666666666665,-6.305750350631136,-0.41029766693483505,-36.35820895522388,-1.378392762107504,0.39346983951300496,0.0867964229352971,0.48881789137380194,0.4868217054263566,0.02894736842105261,0.09677419354838723,0.07717231222385856,0.20661157024793386,-0.0072031793343269035,0.4731182795698927,0.011560693641618602,-0.021520907055679994
2007-03-31,-0.0068532125980356184,-0.026256983240223408,0.2164216297034638,-0.04058224163027657,-0.34082327452800987,-0.15097182461955705,-0.5494241842610365,-0.5494241842610365,-0.54,-0.5454545454545454,-0.6204070843246101,-0.023192360163710735,-0.48670325031658923,-1.70042194092827,-0.19777601270849876,0.08470474346563406,0.18025751072961382,0.06986444212721588,-0.2966751918158568,0.053308823529411686,-0.2955974842767295,0.0,-0.3362521891418564,0.07481751824817517,-0.005714285714285672,0.014908849361576548
2007-06-30,0.027776393802002808,-0.011695132177059864,-0.00802349004745806,-0.08927054254157063,0.1259273171189783,0.042531795326826494,-0.056443024494142735,-0.056443024494142735,0.0,0.0,0.46935933147632314,0.46089385474860345,-0.5082236842105263,-2.038152610441767,0.25594059405940595,0.08210620258813028,0.19490909090909092,0.08576998050682261,0.12363636363636354,0.5392670157068062,-0.014363354037267073,0.0,0.09536373916321161,0.08319185059422751,0.005747126436781658,0.08515744309504769
2007-09-30,0.11808905155488758,0.12878449584710183,0.1592207613409513,0.18044912374225364,0.02035029190992499,-0.029675442578302347,-0.5586907449209932,-0.5586907449209932,-0.5652173913043479,-0.5555555555555556,-1.629383886255924,0.867112810707457,-5.724080267558528,-1.8181818181818183,-0.1667323610563658,-0.10969072164948457,0.025867315885575115,-0.08078994614003587,0.025889967637540368,-0.20748299319727892,-0.21268215833005133,0.0,-0.08740536820371658,-0.057993730407523425,-0.02857142857142858,-0.043760889961131144
2007-12-31,0.026946172689631176,0.034100799113854,-0.009412114014251793,-0.03206322325712674,0.12309955860716038,0.35009648558563833,4.739130434782608,4.739130434782608,4.799999999999999,4.699999999999999,-4.725150602409638,-0.5826932923707118,-2.0867256637168143,-3.5555555555555554,0.5113528855250709,0.0018527095877720612,0.08869771581133179,-0.003906250000000111,0.11987381703470024,-0.024320457796852657,0.035517758879439754,0.19178082191780832,0.09351432880844635,-0.006655574043261225,0.00588235294117645,0.06840002803279832
2008-03-31,0.06651608545132137,0.07566947207345076,0.03845577436081893,0.029801131393246694,0.13347889374090238,-0.18581081081081086,-0.5984848484848485,-0.5984848484848485,-0.5948275862068966,-0.5964912280701754,-0.6834445118253487,0.15705521472392636,-1.0732899022801303,-0.16281221091581866,0.28325508607198757,-0.03282478039759584,-0.09972752043596722,-0.06372549019607832,0.13239436619718314,-0.13636363636363646,-0.0975845410628019,0.0,0.06310344827586212,-0.03350083752093802,-0.03508771929824561,0.044539193178091185
2008-06-30,-0.008134908853393519,-0.00874884415676791,-0.03844599665185011,-0.03771661569826712,0.06151277770643371,0.0703798276412384,0.33407325194228643,0.33407325194228643,0.2978723404255319,0.3043478260869563,0.09578544061302674,0.13891834570519612,-4.382222222222222,-1.0917127071823205,-0.020243902439024408,0.11424474187380484,-0.01240920096852316,0.02198952879581162,0.057213930348258835,-0.015280135823429464,0.10920770877944319,0.0,0.07006162828413887,0.03812824956672434,-0.012121212121212088,0.03008038181361461
2008-09-30,0.03402378671775219,0.04269517795637201,0.03325929038842523,0.07350517890772124,0.03822888942656655,-0.053973460563590314,-0.5748752079866888,-0.5748752079866888,-0.5737704918032787,-0.5666666666666667,-2.1433566433566433,0.2932960893854748,-4.5584756898817345,7.783132530120483,-0.18147871545929795,0.024453024453024552,-0.05485749310450494,-0.004098360655737876,0.028235294117647136,-0.03103448275862064,-0.03957528957528955,0.0,0.003940588056986938,0.0,-0.006134969325153228,-0.028714259586661073
2008-12-31,0.027076056120578285,0.05973436102126484,0.05827668351635573,-0.07817553862178606,-0.03658820787695172,0.0722353559232991,2.091976516634051,2.091976516634051,2.076923076923077,2.076923076923077,-3.1044852191641183,-0.40964722822174227,-0.7008862629246677,-6.4883401920438954,1.2168491484184916,-0.2131490787269682,-0.17347600518806738,-0.16049382716049376,-0.0389016018306636,-0.23487544483985767,-0.23216080402010053,0.15517241379310343,-0.06189613526570059,-0.10684474123539234,-0.06172839506172845,0.14963595279939734
2009-03-31,-0.03818113491168729,-0.0596791999480486,-0.05514988470407378,-0.1421349985132322,-0.0013909046927914614,-0.16878980891719741,-0.8278481012658228,-0.8278481012658228,-0.825,-0.825,-0.7820295471058367,-0.2804878048780488,-2.3283950617283953,-1.2206948262934267,-0.12114144601454246,-0.29962746141564656,-0.16202432326402516,-0.15318627450980404,0.0,-0.27209302325581397,-0.18717277486910988,0.0,0.038300611522368966,-0.1289719626168223,-0.02631578947368418,0.09609084953046532
2009-06-30,0.011291708994295435,0.005697513812154664,0.020540980272523823,0.01157712305025993,-0.0068430933204142175,-0.008075449454759798,-1.6580882352941178,-1.6580882352941178,-1.6428571428571428,-1.6428571428571428,3.325555555555556,0.01016949152542379,0.1003717472118959,-3.535673839184598,0.349516078676241,0.15957446808510634,-0.3862359550561798,-0.3921852387843704,-0.0071428571428572285,0.15974440894568698,0.3655394524959743,0.0,-0.017978921264724,-0.36051502145922754,-0.04729729729729737,-0.005778043434947255
2009-09-30,0.056059962137310126,0.08600858369098718,0.021522518931845314,0.055167214912280604,0.13207317073170732,0.08949370097456621,-8.860335195530727,-8.860335195530727,-9.0,-8.88888888888889,-0.9930644746981763,-0.08221476510067116,-0.8285472972972973,-1.2916480571683788,-0.07553499132446506,0.11730013106159909,0.38138825324180026,0.3904761904761904,0.1318944844124701,0.1267217630853994,0.811320754716981,0.0,0.07196969696969702,0.4261744966442953,-0.021276595744680882,0.02920841683366726
2009-12-31,0.04476110338772221,0.09057856465380976,0.02444122401203952,0.07533935182178353,0.08187008510179905,0.23393694774735474,0.8208955223880596,0.8208955223880596,0.8055555555555556,0.8028169014084507,226.4814814814815,0.07678244972577697,5.399014778325123,-7.4992343032159265,0.5310310310310311,0.26392961876832843,0.25345113197128644,0.2962328767123288,0.0805084745762712,0.11735941320293408,-0.1005859375,0.1393034825870647,0.03563015312131923,0.27764705882352936,0.007246376811594235,0.0141654091418002
2010-03-31,0.014444541714085712,0.026931439339034746,0.004869555755053101,-0.00507338285921366,0.03365528228616954,-0.1778278742872298,-0.7755659640905542,-0.7755659640905542,-0.7769230769230769,-0.78125,-0.7048192771084337,-0.028862478777589184,-1.2640492686682063,-0.6286522148916116,0.12880026152337365,0.31554524361948966,0.014537444933920618,0.04095112285336855,0.0235294117647058,0.2166301969365425,0.005790807093738692,0.0,0.018765993744668696,0.05156537753222823,-0.007194244604316502,0.03215897091293063
2010-06-30,-0.07911632723507078,-0.11895889792231251,-0.08760625913693221,-0.04558975292903544,-0.061554763510259125,-0.010698924731182835,-0.5843478260869566,-0.5843478260869566,-0.5862068965517242,-0.5714285714285715,-0.12575841147269717,0.9335664335664335,-9.46064139941691,-2.652918781725888,-0.18860411236605845,0.10652557319223988,0.05297438124185838,0.08883248730964466,-0.051724137931034364,0.08093525179856109,0.03562432529686954,0.0,0.019257605358637964,0.07530647985989503,0.01449275362318847,-0.0768694196428571
2010-09-30,0.056582202563910444,0.024799743671900076,0.038365675627559215,0.07295509477165751,0.08858550605625126,0.13673169936416496,6.99581589958159,6.99581589958159,7.083333333333334,6.916666666666667,-1.2466876971608833,1.8589511754068715,-0.7126119917298415,0.6399232245681381,-0.38119032747390025,-0.045903729678036354,0.06969072164948464,0.09673659673659674,0.0949494949494949,0.006655574043261225,-0.12960389159138297,0.0,0.030120481927710774,0.0684039087947883,0.021428571428571352,-0.044884388695783706
2010-12-31,0.06107317073170737,0.09870560280140062,0.021888841263037584,0.03823581717944169,0.12541254125412538,0.191375436248028,0.7995813710099424,0.7995813710099424,0.8041237113402062,0.8,-14.992327365728901,-0.7321315623023403,0.3908872901678657,-1.8183520599250937,0.5041095890410958,0.2021383227530904,0.11410948342328431,0.15196599362380447,0.11623616236162371,0.09752066115702474,0.09221556886227544,0.16157205240174677,0.06060606060606055,0.13414634146341453,0.020979020979021046,0.05828059071729963
2011-03-31,0.03589220635928991,0.0558891323525228,0.025614496238919537,0.12738380723992226,0.0508169250104733,-0.13093900481540932,-0.6373945914510032,-0.6373945914510032,-0.64,-0.6374269005847953,-0.5986108572473039,-0.06847697756788662,-0.22931034482758617,-0.8401029748283753,0.05359025980251175,0.22429127292940532,0.05536332179930792,0.0894833948339484,0.05454545454545445,0.09638554216867479,0.05226608187134496,0.0,0.014536340852130403,0.06989247311827973,0.013698630136986356,-0.06344380762521806
2011-06-30,0.012490922294843942,-0.006468130979652376,-0.011124137742999696,-0.01580146872625976,0.048279711358290456,-0.0485293438611073,-0.6704089815557337,-0.6704089815557337,-0.6666666666666667,-0.6774193548387096,0.3633879781420766,0.6108998732572877,-0.7281879194630873,1.7549194991055455,0.14012738853503182,0.13144154370034067,-0.047213114754098284,-0.014394580863674844,0.056426332288401326,0.07280219780219777,0.01840916985064256,0.0,0.03532608695652173,-0.0012562814070352646,-0.013513513513513487,0.009472115793954794
2011-09-30,-0.022075582970719987,-0.03374474433744745,0.004549339656455986,0.013533679822981481,-0.05860652620369666,0.20193147626904784,5.778588807785888,5.778588807785888,5.809523809523809,5.999999999999999,-1.1209084836339345,-0.3036978756884343,15.086419753086421,-4.464285714285714,-0.4257781324820431,-0.024678972712680602,0.08499655884377155,0.10137457044673548,-0.0459940652818992,-0.07682458386683733,-0.04706684856753063,0.0,-0.03746122643760441,0.07798742138364778,0.027397260273972712,-0.046652609383236565
2011-12-31,0.03370603383642479,0.05367620224025149,0.01512323653730041,0.02665515840779853,0.060841110168464496,0.10530140913312058,0.43000717875089745,0.42390524048815514,-0.2797202797202797,-0.2857142857142857,-18.85635359116022,0.13785310734463274,-0.3174724993604502,-1.5240862230552952,0.38860319666435017,0.040115202633203006,0.04218204884237231,0.05382215288611536,0.05287713841368591,0.09015256588072118,-0.07909806728704372,0.1992481203007519,0.02627664848785316,0.03967327887981331,0.006666666666666599,0.02632015482444028
2012-03-31,0.04088486645012779,0.03905896144725984,0.012843044477490961,0.017852727362642762,0.07997258082942982,-0.1787397260273973,-0.6704317269076305,-0.6712881270481472,-0.6796116504854368,-0.6699999999999999,-0.5985457920792079,-0.1032770605759682,-1.0637181409295353,-0.30722460658082973,0.19387448703833443,0.1661392405063291,-0.024345709068776644,-0.008142116950407008,0.07828655834564269,0.108142493638677,0.08589195491644008,0.0,0.037681159420289934,-0.0022446689113354568,-0.0066225165562914245,0.020850169710683764
2012-06-30,-0.0012875861546618461,-0.01148747403779582,0.026561665776828614,0.032844232824798425,-0.036214252970838134,0.001334400854016593,-0.6298552932216299,-0.6073619631901841,-0.6060606060606061,-0.6060606060606061,-0.009633911368015391,0.6478405315614617,2.2705882352941176,-0.20030975735673717,0.1298625083836351,-0.004240162822252369,0.0018714909544603753,-0.003731343283582045,-0.0328767123287671,-0.0769230769230771,-0.013600572655690812,0.0,-0.0349162011173183,-0.007874015748031593,0.006666666666666599,-0.042906903103229976
2012-09-30,0.06288487790080399,0.09286399833986159,0.031621375633857696,-0.07216106877410855,0.10683447973071858,0.13250710732054016,5.1646090534979425,4.849609375,4.923076923076923,4.846153846153846,-1.48715953307393,-0.2997311827956989,-2.273381294964029,-2.8979987088444155,-0.21814943978630263,-0.045648100834610794,-0.02584059775840586,-0.008988764044943864,0.10623229461756378,-0.01243781094527352,-0.05878084179970966,0.0,0.04124457308248908,0.017006802721088343,-0.026490066225165587,0.17783291976840387
2012-12-31,0.02318910896740678,0.030357693859628387,0.020140656903027354,0.04045832488339074,0.028097315879941798,0.1504216513041774,0.5,0.4941569282136895,0.5064935064935063,0.48684210526315774,-7.232428115015974,0.0748560460652592,4.673728813559322,-1.918027210884354,0.25614501281199575,0.08013564162056053,0.014062000639181838,0.02569916855631127,0.02944942381562088,-0.023929471032745675,0.05088666152659993,0.22570532915360508,0.004864489228631141,0.03678929765886285,-0.006802721088435382,-0.009691011235955171
2013-03-31,-0.010460105158923816,-0.012623819396452407,-0.039214232765011126,-0.06641652860344993,0.026879300366535963,-0.21861575178997616,-0.6019136626613262,-0.6004469273743016,-0.603448275862069,-0.6017699115044247,-0.642317057541971,-0.15535714285714286,-0.8406771222305203,-0.5739162652834383,0.08688425506195219,0.044282881692002674,0.021115663410022023,0.033161385408990496,0.023631840796020098,0.014193548387096744,-0.013573000733675733,0.04603580562659837,0.03757491931765777,0.048387096774193505,-0.013698630136986356,0.05762775965584077
2013-06-30,0.007061211258474254,0.0025663758107414836,-0.011573181081706685,0.00976042590949433,0.02915022856785021,0.05044070163190506,-0.48630519843487985,-0.4742729306487695,-0.4782608695652174,-0.4666666666666667,0.046578287352203596,0.635306553911205,0.171875,-0.5034782608695652,0.03969136660642292,0.06803797468354422,-0.002160493827160548,0.023537803138373725,0.03037667071688932,0.043256997455470625,0.016362960208255783,0.044009779951100114,0.021995112197289446,0.027692307692307683,-0.00694444444444442,-0.007151796888968387
2013-09-30,0.05252477187482496,0.07800428185795405,0.016834491192464718,0.02739584410214002,0.09397912927074148,0.11115726509927715,2.2840043525571274,2.198936170212766,2.2500000000000004,2.166666666666667,-0.8976377952755905,-0.38655462184873945,0.532,-4.038528896672505,-0.1159991977000735,0.015703703703703775,-0.042066192390968093,-0.01533101045296148,0.09316037735849036,-0.014634146341463317,-0.027808269301134225,0.042154566744730726,0.03934782608695664,-0.010978043912175717,0.0,0.04929767693138842
2013-12-31,0.04264344126055453,0.06329332527415588,0.012819856704196608,0.025910646005232518,0.07586628844763332,0.12848598130841116,0.44201457919151754,0.43831060857997994,0.42307692307692313,0.4342105263157896,24.16722408026756,0.38883034773445724,0.6379460400348129,-3.454178674351585,0.3220390258659809,0.05032088681446911,-0.06813044882143993,-0.03609341825902346,0.07766990291262132,-0.0383663366336634,0.05043281896876173,0.04494382022471921,0.032001673290106725,-0.02320887991927345,-0.020979020979021046,0.036426824559145254
2014-03-31,-0.02489414885476715,-0.047466298522007455,0.0013895555948562066,9.808248737197545e-05,-0.052034327663754376,-0.15533176532944648,-0.5089613970588236,-0.5070520231213873,-0.5045045045045045,-0.5045871559633028,-0.48571428571428577,-0.10849772382397571,1.3464399574920298,-1.5115077501174259,-0.12459954233409609,-0.036522705179836246,0.0,0.015418502202643403,-0.041041041041041004,-0.10682110682110668,-0.021497671085632386,0.04301075268817178,-0.027969193352249677,0.009297520661156966,0.0071428571428571175,-0.04756582215598604
2014-06-30,0.029139419304211378,0.028432584509143544,0.009032192955898743,0.008532339528269484,0.05115480053445309,0.06882892775903993,0.18577445016378102,0.2087242026266416,0.23636363636363633,0.2407407407407407,-0.05478036175710599,0.4246808510638298,-0.7459239130434783,-1.4540863177226813,0.06463207423866169,0.03891611415393492,0.11365211365211358,0.12798264642082424,0.055323590814196244,0.0835734870317002,0.0036616623947272053,0.04123711340206193,0.02147623019182654,0.12384851586489254,0.007092198581560183,0.01973312470117783
2014-09-30,-0.025988714924766176,-0.020164967255243305,-0.03232984947742157,-0.0559148149948947,-0.019377934576772393,-0.03460169522621359,-0.095501183898974,-0.11486224291812186,-0.11764705882352955,-0.11940298507462699,-0.6509021323127392,-0.520310633213859,1.429590017825312,-3.3629929221435795,-0.14345344054999698,0.04397891231964479,-0.07187305538270072,-0.06474358974358974,-0.014836795252225365,-0.010638297872340274,-0.10288215979569504,0.03960396039603964,0.006736068585425636,-0.0564663023679417,-0.007042253521126751,0.03785004901751843
2014-12-31,0.025090353978836966,-0.06385498847268345,0.04061910544947156,0.05278879332543651,0.009999470927464227,0.1571645762067655,0.9096858638743455,0.9101271372205173,0.9166666666666665,0.9152542372881356,5.78151918559123,7.849315068493151,0.08400586940572263,-0.34017971758664955,-0.11050594811523573,-0.01554817275747511,0.006369426751592355,0.0020562028786839104,0.014056224899598346,0.0,0.04229361529076847,0.04571428571428582,-0.014598540145985495,0.0,0.0,-0.11076430243541824
2015-03-31,0.03035664282259498,0.0007230004518752331,0.050381148660392894,0.02602485079737793,0.009717129387113665,-0.1524059779931023,-0.37697052775873885,-0.37548772090888227,-0.3739130434782608,-0.37168141592920356,-0.5481524249422633,-0.660427807486631,-0.7079526226734348,-1.3054474708171206,0.03794714792136644,0.05062095032397407,0.038974017321785404,0.0369357045143639,0.008910891089108919,0.03629032258064502,0.036285602809208006,0.04371584699453557,-0.02016460905349793,0.04922779922779941,-0.007092198581560294,-0.024662848697579842
2015-06-30,0.017800891897567617,0.00887293416418311,0.08384946338234589,0.018213025650805736,-0.05496614873803529,-0.021739972873474178,-0.45251191785845246,-0.4377067254685777,-0.4444444444444444,-0.45070422535211263,0.42678251980577553,1.420223787815997,1.7856315179606024,-6.666666666666667,-0.20717224249010324,0.10111782089168697,-0.07502404616864389,-0.09828496042216373,-0.04121687929342488,0.09079118028534383,0.041039156626506035,0.041884816753926524,-0.07139857202855948,-0.07083716651333949,-0.03571428571428559,-0.009186475992044696
2015-09-30,0.0225992814836391,-0.019066800939912754,0.07382930925429121,0.14923206592994953,-0.041941150636802815,0.12292029789256853,1.0817146684527796,1.0215686274509803,1.0749999999999997,1.1025641025641022,-0.985312555973491,-0.03339041095890416,-0.8169717138103161,1.2963656800299739,-0.6000587429018993,-0.03523920653442236,0.0956672443674178,0.049743964886612924,-0.032753326509723624,0.005945303210463715,0.06039783001808319,0.04020100502512558,-0.06309362279511532,0.05445544554455428,0.0,-0.14643471611546555
2015-12-31,0.018598523512236786,0.021102822074692495,0.008774424178413343,0.01022694862078799,0.032489112995645275,0.10233887183828982,0.4427284427284428,0.44261235046880043,0.45783132530120474,0.4512195121951219,115.35365853658537,-0.8588131089459698,8.302272727272728,-1.7498776309348996,1.125091799265606,0.02455249153362349,0.02372666877570384,-0.012543554006968605,0.03492063492063502,0.05910165484633567,-0.05286493860845842,0.048309178743961345,0.013516775283610949,0.001877934272300541,-0.014814814814814836,0.010750279955207054
2016-03-31,0.027289358082520643,-0.04993520711381205,0.005496718076752671,-0.01843187868032592,0.057716854431433484,-0.1498655913978495,-0.40544157002676184,-0.4047512326311071,-0.4049586776859504,-0.40336134453781514,-0.6290745204905146,4.6800501882057715,-0.4820425116051795,-1.6784160139251523,-0.35917521022923626,0.038484240349427434,-0.0024721878862794533,-0.026111503175723194,0.05521472392638049,0.0033482142857141906,0.018725243068059116,0.04608294930875578,0.029768992617289936,-0.012183692596063778,-0.015037593984962405,-0.03207400842011954
2016-06-30,0.04616449077277318,-0.006396538343955038,0.12857686377380406,0.10140937666926897,-0.06293614565297234,-0.0038396386222473433,-0.6669167291822955,-0.6479668674698795,-0.6527777777777778,-0.6619718309859155,0.33512291607798805,-0.6191738458140048,-1.2849056603773585,-2.1475304682488776,0.6431781412906705,0.04899397521882465,-0.04615861214374217,-0.07826086956521738,-0.05329457364341095,-0.00556173526140169,0.04878048780487809,0.04405286343612347,-0.10430157261794637,-0.06072106261859578,-0.01526717557251911,-0.0979225090139072
2016-09-30,0.013520106686327082,0.041632150718326155,0.006564939673527226,0.01175153889199776,0.023824855119124244,0.08264369119147497,2.3333333333333335,2.144385026737968,2.2,2.291666666666667,-1.3174603174603174,-0.617169373549884,-1.596026490066225,-1.6987143655673562,-0.27360245049775733,-0.014195925444299928,-0.024683338746346206,-0.038522012578616316,0.021494370522006312,0.0413870246085013,0.03572632288506905,0.04219409282700415,0.010069713400464808,-0.017171717171717282,-0.023255813953488413,0.029564776043649266
2016-12-31,0.19940094137783482,0.0881617814133151,0.3051295610787943,0.6438053097345133,0.03718895269346456,0.11972076788830721,0.45270270270270263,0.45578231292517013,0.4624999999999999,0.45569620253164533,-7.493333333333333,24.166666666666668,-37.27777777777778,-3.392,0.9006024096385543,-0.09838408266461474,-0.029304029304029422,-0.0834014717906787,0.03707414829659306,-0.11707841031149302,-0.08916368369671335,0.045883940620782715,-0.1352249488752556,-0.023638232271325776,-0.0634920634920636,-0.3380576780872566
2017-03-31,0.020781305743845957,0.03821257047400284,-0.012695840086439758,-0.3584567070435173,0.08594779857632484,-0.10941396508728185,-0.3023255813953488,-0.3037383177570093,-0.3076923076923076,-0.30434782608695643,-0.5605749486652978,-0.7718242022877785,-1.143185298621746,-1.205685618729097,-0.09746434231378764,-0.0009753718605217676,0.009262435677530156,-0.03479036574487071,0.08212560386473422,-0.03649635036496357,0.012861736334405238,0.04387096774193555,0.06384865503990533,0.012631578947368327,-0.05084745762711851,0.6184137032210015
2017-06-30,0.01074705111402352,-0.0016090104585679832,-0.01969904240766074,-0.012937062937062982,0.06433600388443805,0.012950647532376625,-0.2566666666666667,-0.23154362416107388,-0.23456790123456794,-0.23750000000000004,0.28037383177570097,-0.7150395778364116,1.4224598930481283,-0.975609756097561,-0.0026338893766462146,0.1089821820844521,0.06458191706322225,0.060073937153419577,0.06339285714285725,0.023989898989899006,0.07548500881834208,0.04202719406674915,0.053070297304806946,0.09771309771309777,-0.0267857142857143,0.011446649410411291
2017-09-30,0.054806362378976514,0.10938759065269954,0.039492045771699624,0.1130003542330853,0.07915145985401462,0.13130615065653073,0.9282511210762332,0.8646288209606987,0.8709677419354838,0.8688524590163933,-0.8302919708029197,-1.3333333333333333,-1.3818984547461368,-103.66666666666667,0.27112676056338025,0.12490370859469557,0.03671775223499374,0.03923278116826512,0.07892527287993278,0.05795314426633791,0.0006559527714005142,0.04033214709371302,0.022955145118733533,0.07007575757575757,-0.03669724770642202,-0.003241583257506897
2017-12-31,0.03294541878380586,0.08498274922825488,0.07598335347026453,0.0830681094844048,-0.03508771929824561,0.14355528405620044,-0.7093023255813953,-0.711943793911007,-0.7155172413793103,-0.7105263157894737,13.591397849462366,-6.0,-4.092485549132948,1.146103896103896,0.4577562326869806,0.1649383682253962,-0.25469664305512785,-0.24328859060402686,-0.03424124513618676,0.08041958041958042,0.054736152081284795,0.04332953249714944,-0.06577250451379923,-0.25398230088495577,0.01904761904761898,0.001768699720431366
2018-03-31,0.013329101872421534,0.03246861924686195,0.0024953212726137597,-0.004407875404055295,0.03198247535596943,-0.09989316239316237,1.992,2.024390243902439,2.0606060606060606,2.0,-0.6455416359616801,-0.9388888888888889,-0.14018691588785048,-0.9470499243570348,0.016627078384798155,0.16392341283170975,0.0342975206611571,0.039911308203991025,0.03464947622884762,0.2049622437971954,0.49564947172156626,0.04153005464480852,0.01849806736609594,0.028469750889679624,0.009345794392523477,0.03702016174962974
2018-06-30,-0.01605073598496709,-0.00016210082671419546,-0.02215308027380214,-0.023022432113341207,-0.00488219061770323,-0.022255192878338326,-0.5213903743315508,-0.5,-0.49504950495049505,-0.505050505050505,0.3347193347193347,18.454545454545453,-0.23913043478260865,0.17142857142857149,0.019158878504672794,0.04819624819624835,-0.05273671594087104,-0.05756929637526642,-0.005451713395638658,0.012533572068039511,-0.016829420319966815,0.03987408184679975,0.011114123068582282,-0.06574394463667821,0.0092592592592593,0.023396309314587027
2018-09-30,-0.0019097636667462226,0.013132295719844311,0.03258241058928335,0.07643504531722045,-0.060153583617747475,0.06949924127465867,1.8044692737430168,1.6881720430107525,1.666666666666667,1.7346938775510208,-1.1853582554517135,-1.144859813084112,0.8342857142857143,-19.0,-0.3383768913342503,-0.05417125550660795,0.08477435681147183,0.05769230769230771,-0.04933437744714164,-0.04862953138815218,-0.015638207945900318,0.038345105953582204,-0.05817694369973192,0.04691358024691361,0.00917431192660545,-0.05876355049908766
2018-12-31,0.010603523877860122,0.03056489038246113,0.028349562430666886,0.05978108335672183,-0.0226963231956423,0.13649262202043122,0.14143426294820727,0.1459999999999999,0.1617647058823528,0.15671641791044766,-12.697478991596638,-3.129032258064516,0.39252336448598135,-1.5867208672086721,0.3000693000693,-0.0009460737937558861,0.40046656298600336,0.37754010695187157,-0.018121911037891292,0.0511152416356877,-0.064405324173465,0.041788143828960234,-0.03302021064617133,0.3549528301886793,0.0181818181818183,-0.02759564399338621
2019-03-31,0.020116756074471498,0.11180124223602483,-0.0034759678772623426,0.12049788135593231,0.06549001393404552,-0.06516853932584266,-0.03141361256544506,-0.03141361256544506,-0.03164556962025322,-0.02580645161290329,-0.6530172413793103,-13.257575757575758,-0.6890380313199105,1.3695150115473442,0.546908315565032,0.04618298368298368,0.11993337034980556,0.10791925465838514,0.06375838926174504,0.06542882404951378,-0.24598439651216153,0.04011194029850751,0.044450986164262574,0.08355091383812008,0.02678571428571419,-0.007739665787159233
