Quarter end,Assets,Current Assets,Liabilities,Current Liabilities,Shareholders equity,Revenue,Earnings,Earnings available for common stockholders,EPS basic,EPS diluted,Cash from operating activities,Cash from investing activities,Cash from financing activities,Cash change during period,Cash at end of period,Price,ROE,ROA,Book value of equity per share,P/B ratio,P/E ratio,Cumulative dividends per share,Equity to assets ratio,Net margin,Asset turnover,Current ratio
1993-12-31,0.023488724897791302,0.05120791570290417,0.022357882653726735,0.03216463414634152,0.024587462928696402,0.053247076387161085,0.09157303370786507,0.09157303370786507,0.10126582278481,0.078125,-0.7147995889003083,-1.3616392057456697,-1.0764198632173654,-1.0387931034482758,-0.018489984591679498,0.06323024054982818,0.010443864229765065,0.0010256410256410664,0.02733485193621865,-0.07670454545454541,0.024347826086956514,1.0512820512820515,0.000985804416403946,-0.004366812227074246,0.0,0.018460760347298377
1994-03-31,0.023488724897791302,0.05120791570290417,0.022357882653726735,0.03216463414634152,0.024587462928696402,0.053247076387161085,0.09157303370786507,0.09157303370786507,0.10126582278481,0.078125,-0.7147995889003083,-1.3616392057456697,-1.0764198632173654,-1.0387931034482758,-0.018489984591679498,0.06323024054982818,0.010443864229765065,0.0010256410256410664,0.02733485193621865,-0.07670454545454541,0.024347826086956514,1.0512820512820515,0.000985804416403946,-0.004366812227074246,0.0,0.018460760347298377
1994-06-30,0.02851436395382434,0.050791516410977344,0.020618556701030855,0.020971791463594736,0.036169317928799405,0.060099220411055976,0.07050952135872368,0.07050952135872368,0.06896551724137945,0.078125,4.5927927927927925,0.20327102803738328,-8.198443579766536,-8.86111111111111,0.14809000523286242,-0.0530058177117001,0.010443864229765065,0.0010256410256410664,0.0354767184035476,-0.07670454545454541,0.024347826086956514,0.44999999999999973,0.007484735079771321,-0.004366812227074246,0.0,0.029217017050157335
1994-09-30,0.0033097619658275512,-0.029141461144718495,-0.03160316031603161,-0.053486185447707224,0.036649714681374235,-0.002763292775326498,0.0009615384615384581,0.0009615384615384581,0.0,0.078125,0.727770618556701,1.269902912621359,1.2400000000000002,-4.749116607773852,-0.48359161349134006,0.03276450511945406,0.010443864229765065,0.0010256410256410664,0.04068522483940051,-0.003076923076922977,0.024347826086956514,0.3448275862068968,0.03323558162267837,-0.004366812227074246,0.0,0.025653397667873
1994-12-31,0.06248326232501511,0.06626325564675573,0.11094185686254265,0.13983876513964777,0.019254686996176718,0.021050279329609012,-0.023054755043227626,-0.023054755043227626,-0.021505376344086002,0.078125,-0.6817079992541488,-0.5911035072711719,-1.037162162162162,-1.817153628652215,0.7652250661959399,0.0033046926635822427,0.010443864229765065,0.0010256410256410664,0.01851851851851838,-0.03703703703703709,0.024347826086956514,0.28205128205128194,-0.04068117313150421,-0.004366812227074246,0.0,-0.06452877528618473
1995-03-31,0.07962604401773543,0.12105972916783725,0.1338167282530387,0.1635772466731471,0.02693541826727519,0.10045522192068623,0.11651917404129786,0.11651917404129786,0.1208791208791209,0.078125,-0.5389572349150556,1.5910041841004183,10.792207792207792,-0.8154555940023068,0.08000000000000007,0.059288537549406994,0.010443864229765065,0.0010256410256410664,0.028282828282828243,0.04166666666666674,0.024347826086956514,0.19999999999999996,-0.04871794871794877,-0.004366812227074246,0.0,-0.036543458218087355
1995-06-30,0.02588265257393907,0.022554695135704073,-0.001680775616455188,0.0050701466309450716,0.055472428816617514,0.045980669026689514,0.054601497137824806,0.054601497137824806,0.0490196078431373,0.078125,2.9021601016518423,-0.3754541784416633,-1.8794052863436124,-1.175,-0.012962962962962954,0.05845771144278622,0.0025839793281654533,0.0010256410256410664,0.04911591355599221,0.027692307692307683,0.016411997736276218,0.18333333333333335,0.02882023636740616,-0.00328947368421062,0.0,0.017398869073510292
1995-09-30,-0.0277432969215492,-0.07259270151704533,-0.07028025870033883,-0.059674969187996196,0.015448120582900682,-0.017188272426512552,-0.007515657620041805,-0.007515657620041805,-0.009345794392523366,0.078125,0.9078476066427874,-0.1641887524240465,2.462116468378209,33.25,-0.449812382739212,0.06580493537015286,0.004123711340206171,0.0010256410256410664,0.01872659176029967,0.017964071856287456,0.027839643652561197,0.16901408450704225,0.04433696090286188,-0.002200220022002153,0.009345794392523477,-0.013766566908935407
1995-12-31,0.03555697414618586,0.06310615469992875,0.04701647453734381,-0.01493583686408384,0.024903506610823634,-0.00723544205842519,-0.030290281867900726,-0.030290281867900726,-0.028301886792452824,0.078125,-0.7607100187745349,0.30085073472544477,-1.2541146681135829,-2.1532846715328464,0.9428815004262574,0.03638368246968038,-0.0005133470225872072,0.002049180327868827,0.023897058823529438,0.01764705882352935,0.003250270855904569,0.15662650602409633,-0.010227711308375076,0.0011025358324145973,0.0,0.07924397433674346
1996-03-31,0.06612419348210241,0.056178378781476024,0.11453038324439468,0.006962279914596081,0.02015183990705305,0.09899446566373071,0.10585683297180037,0.10585683297180037,0.10679611650485432,0.078125,0.41226818830242506,-0.15219976218787157,-1.6391459074733095,-1.3010849909584086,-0.14611671785870994,0.0941489361702128,0.0010272213662043672,0.005112474437627856,0.019748653500897495,0.06647398843930641,0.06263498920086397,0.12500000000000022,-0.04308832131019691,0.0,0.0,0.048923521850899876
1996-06-30,0.006630175005782224,0.0003059615429876761,-0.009329876421718009,-0.028916477167967525,0.023190056355175015,0.027306901198666633,0.04707728520988619,0.04707728520988619,0.043859649122807154,0.078125,0.7373737373737375,-0.037868162692847096,1.0668151447661471,-1.5555555555555556,0.09506680369989717,0.019931939718035974,0.007696254489481857,0.008138351983723258,0.022887323943661997,0.0,-0.008130081300813052,0.11111111111111094,0.016503667481662543,0.0033039647577091102,0.0092592592592593,0.03009879757984213
1996-09-30,0.003388986750402001,-0.01482283186673572,-0.020478337281271464,-0.043985949811714775,0.027366239349044363,-0.010114609223971227,-0.0026227051330086626,-0.0026227051330086626,0.0,0.078125,0.8462209302325581,-0.32215743440233235,2.3157327586206895,-4.464864864864865,-0.3007977475363679,0.015252621544328049,0.0045824847250510725,0.0020181634712412855,0.029259896729776358,-0.005420054200542035,-0.012295081967213073,0.10833333333333339,0.023852475445981236,0.002195389681668658,0.0,0.030483271375464582
1996-12-31,0.020551474095983124,0.033960641956438664,0.01441220063967541,0.031577902088643306,0.026431800351178758,-0.012868352223190938,-0.04244928625093913,-0.04244928625093913,-0.04201680672268915,0.078125,-0.7101243898598646,1.0881720430107529,-1.0669483262918427,-1.513260530421217,0.2208053691275167,0.12112676056338012,-0.0005068423720223647,0.0,0.028428093645485042,0.08719346049046339,0.0886929460580912,0.09774436090225547,0.0056773688332028005,0.0010952902519165697,0.0,0.0023088023088024823
1997-03-31,0.020857484761228173,0.08534669931168293,0.0577525713736422,0.06032408150168456,-0.014067589947041825,0.09641065498480894,0.10003923107100832,0.10003923107100832,-0.4473684210526315,0.078125,0.24280282455187407,-0.7183316168898044,-2.3106796116504853,2.1094224924012157,0.5623969213853766,0.022194304857621416,0.009127789046653234,0.012084592145015227,-0.011382113821138296,-0.005012531328320802,-0.0019056693663649371,0.09589041095890427,-0.03426124197002156,-0.001094091903719785,0.00917431192660545,0.023610711200690915
1997-06-30,0.01620953340354414,0.0243248419842943,0.013522601283193048,0.05065819337267352,0.018938275251033643,0.03380054776864827,0.05777460770328102,0.05777460770328102,0.06349206349206349,0.078125,1.0314685314685317,2.206581352833638,3.6462962962962964,-0.5972629521016618,0.14496833216045046,0.04997951659156086,0.01306532663316573,0.011940298507462588,0.023026315789473673,0.06297229219143574,0.023866348448687402,0.08124999999999982,0.0028220116911912285,0.0010952902519165697,0.009090909090909038,-0.02510548523206735
1997-09-30,0.03305546794034164,-0.020028255630349823,0.08362175636174518,0.10671390305020312,-0.018024709249664816,-0.01630095998005232,-0.022252191503708718,-0.022252191503708718,-0.02985074626865669,0.078125,0.33584337349397586,1.4874572405929305,0.11239537664408128,-3.5315533980582523,-0.32052858020897357,0.09949278189621547,0.018849206349206282,-0.000983284169124854,-0.009646302250803762,0.07345971563981046,0.06573426573426566,0.08092485549132955,-0.04944723618090452,-0.002188183807439681,0.0,-0.11447738584721923
1997-12-31,0.03962209834864305,0.050924355495250984,0.037285274550690195,0.04156256506350209,0.042227018650727866,0.004879439814961417,-0.026551724137931054,-0.026551724137931054,-0.015384615384615441,0.078125,-0.6038009341278789,-0.756131102452441,-1.4163382300250806,-3.3307766059443913,1.099502487562189,-0.04187366926898506,0.017039922103213367,-0.0029527559055118058,0.03409090909090917,-0.03311258278145701,-0.06255468066491687,0.07486631016042766,0.002537534362444527,-0.00328947368421062,0.0,0.008960573476702427
1998-03-31,0.016203062722886408,0.02789993947952385,0.017836915075224447,0.01816546313185574,0.014390399320305836,0.06649850228598453,0.08962097059865393,0.08962097059865393,0.09375,0.078125,0.384959349593496,1.4953007518796992,-1.9741824440619622,-1.1550802139037433,-0.08121499353726847,0.1274074074074074,0.009095260890378043,-0.0029615004935833467,0.015698587127158437,0.091324200913242,0.09706019598693438,0.074626865671642,-0.0018983336848766852,0.002200220022002153,0.0,0.009526885192959744
1998-06-30,0.01800901689429102,0.01621101799697766,0.02774425129708291,0.0336212820261117,0.00717164843218332,0.024479659413434218,0.0559167750325098,0.0559167750325098,0.05714285714285716,0.05797101449275366,0.25829175227472856,-0.19849340866290022,1.0300353356890461,-0.6604774535809019,-0.030011723329425588,0.034822601839684664,0.012808349146110176,-0.001980198019801982,0.012364760432766575,0.01882845188284521,0.011059123777116042,0.06944444444444442,-0.010566356720202896,0.003293084522502765,-0.009009009009009028,-0.01679462571976964
1998-09-30,0.026856035105079945,-0.034106491048494614,0.045724221025820855,-0.04513509663326842,0.0054227304227303375,-0.010706452730001148,-0.03355911330049266,-0.03355911330049266,-0.027027027027027084,-0.0273972602739726,0.48402146022859815,1.418233082706767,0.4303742384682332,14.9375,-0.49311094996374183,-0.061587301587301635,0.002810304449648804,-0.004960317460317443,0.010687022900763399,-0.07392197125256683,-0.08203618005889779,0.06060606060606055,-0.020931225971806966,0.0,0.0,0.01155034976411251
1998-12-31,0.03963727705019027,0.0178753524083739,0.04859622256253182,0.06907526667827035,0.02905243568314586,-0.00040838948688781684,-0.036635871296591294,-0.036635871296591294,-0.04166666666666674,-0.028169014084507116,-0.5668028921722729,0.17372716673144195,-2.302099178582294,-1.5490196078431373,0.5340963280877444,0.05920162381596761,0.0023353573096682734,-0.008973080757726848,0.031722054380664666,0.04878048780487809,0.036205316223647976,0.06938775510204076,-0.01025305410122157,-0.003282275711159688,-0.00909090909090915,-0.04792537793502727
1999-03-31,0.007157184536834338,0.0195454456165165,0.016551455554473682,0.021211768810326825,-0.004152782196620852,0.04727580471007098,0.07771164021164023,0.07771164021164023,0.0869565217391306,0.07246376811594213,0.3450653120464442,-0.6245033112582781,-1.344392523364486,-1.14375,-0.05004662729250853,-0.06675183647396998,0.005125815470643058,-0.008048289738430636,0.0,-0.09513742071881615,-0.08359133126934992,0.061068702290076216,-0.011240908089045654,0.0,-0.00917431192660556,-0.0016047297297299146
1999-06-30,0.02098703963548032,-0.005587453277330345,0.024135619193563773,0.05705240622224239,0.017117586722940503,0.012622955387744828,0.05891377723227986,0.05891377723227986,0.06666666666666665,0.06756756756756754,0.27434583220933373,1.5330687830687832,-1.8351424694708278,-2.68944099378882,0.08900523560209428,0.05133470225872694,0.004172461752433909,-0.007099391480730133,0.019033674963396807,0.051401869158878455,0.03330115830115843,0.05755395683453246,-0.003789567543468486,0.003293084522502765,-0.0092592592592593,-0.05930124354961497
1999-09-30,0.006612974730308752,-0.007130124777183555,-0.005624507354611175,-0.010945445143497379,0.02175602175602176,-0.0038249862410566493,-0.014198782961460488,-0.014198782961460488,-0.012499999999999956,-0.012658227848101222,0.4644369178662151,-0.6992167101827675,-5.682372055239642,-3.452205882352941,-0.20042067307692313,0.01725260416666674,0.004616805170821747,0.0020429009193054792,0.027298850574712707,-0.0022222222222221255,-0.0037365716954694816,0.054421768707483054,0.015215931975833374,0.007658643326039494,0.0,0.00386690647482002
1999-12-31,0.00041839468565352256,0.015104207321832819,-0.0003493215101437741,-0.01758016730568146,0.0013429334196262133,-0.021214883566752274,-0.044973544973545,-0.044973544973545,-0.05063291139240511,-0.03846153846153855,-0.5617230413414281,-0.23553240740740744,-0.8405621096460791,-2.100449775112444,0.2758361518226231,-0.06047999999999998,0.0078125,0.00815494393476035,0.00419580419580412,-0.08463251670378613,-0.08251289263947481,0.05806451612903207,0.0008816398501212408,0.008686210640608039,-0.009345794392523366,0.03332437516796549
2000-03-31,0.09636662460012335,0.053616055980622024,0.18442556851782155,0.2999312592855401,-0.009501034126163432,0.09917308723506335,0.08587257617728539,0.08587257617728539,0.10666666666666669,0.09333333333333327,0.27440633245382595,8.834216502649507,-11.32752992383025,-0.5381471389645777,0.09985272459499273,-0.12125340599455037,0.01276789785681709,-0.011122345803842304,0.0,-0.12652068126520688,-0.13847726111394998,0.054878048780487854,-0.0966747412464215,-0.0010764262648008671,-0.009433962264150941,-0.1895101863892501
2000-06-30,0.024868496781015326,0.033481124673855556,0.025123119170278985,0.026098971393480275,0.024502446982055393,0.037769276195855905,0.05924036281179146,0.05924036281179146,0.06024096385542177,0.060975609756097615,0.181159420289855,-0.3297667616041875,-0.5223896322832157,-0.1415929203539823,0.07793251205141938,0.12790697674418605,0.011256190904997743,-0.010224948875255602,0.023676880222841312,0.1281337047353761,0.0996441281138789,0.052023121387283267,-0.00024378352023401995,-0.006465517241379226,0.0,0.007166541876136634
2000-09-30,-0.009788301053923809,-0.032043360050845626,-0.030163825547930068,-0.13241234851129624,0.019521671284354003,0.005740016824187233,-0.0072250468290072645,-0.0072250468290072645,-0.011363636363636354,-0.011494252873563204,0.5201577563540754,-0.7779947168944528,-2.3366424001764834,-5.18213058419244,-0.302360248447205,0.10412371134020626,0.013357079252003468,-0.004132231404958664,0.01632653061224487,0.07901234567901239,0.07659115426105734,0.049450549450549275,0.029504998780785163,-0.00759219088937102,0.0,0.11576040781648267
2000-12-31,0.023054146910836737,0.05526474182428376,0.021457512982936633,0.034988886334023084,0.02523895795589426,-0.035793357933579295,-0.03665768194070085,-0.03665768194070085,-0.034482758620689724,-0.03488372093023262,-0.6006053617757279,-0.206414899120538,-0.9318369367882489,-1.648315529991783,0.2809829059829059,0.0977279800809212,0.00746924428822493,-0.009336099585062207,0.024096385542168752,0.08009153318077789,0.07114228456913807,0.04973821989528804,0.002131691141638914,-0.0010928961748634114,0.0,0.019512659432705082
2001-03-31,0.014399989686668002,0.028276613028674236,0.01198949661992299,0.019791165253452814,0.017686307964170478,0.046893736445975165,0.0036373810856182853,0.0036373810856182853,0.0,0.0,0.4305304944063515,0.5286831812255541,1.973365617433414,-0.4435994930291508,0.12204614956908544,-0.026368018145732863,-0.017008286088094238,-0.008376963350785305,0.019607843137254832,-0.048728813559321904,-0.04957904583723105,0.04738154613466339,0.0033089104230679123,-0.008752735229759279,0.0,0.008402576790215832
2001-06-30,-0.016514904081386228,-0.04681223001025325,-0.03190972528928537,-0.056587331844670796,0.004355961380136275,-0.048351326980722864,-0.07889601338165597,-0.07889601338165597,-0.08333333333333326,-0.07228915662650592,-0.14379414732593343,-0.9769722814498933,1.452768729641694,-0.5535307517084282,0.04856293359762143,-0.04193360512521849,-0.04569653948535923,-0.032734952481520696,0.00512820512820511,-0.06013363028953245,-0.044783464566929165,0.04523809523809508,0.021201413427561766,-0.02207505518763797,-0.01904761904761909,0.010369410239792431
2001-09-30,-0.027847054414824157,-0.061843126190308295,0.018773238440657813,0.035119116345302626,-0.08876833194229161,-0.09039924197802762,-1.0444915254237288,-1.0444915254237288,-1.0389610389610389,-1.0389610389610389,1.047142015321155,27.59259259259259,1.0401726427622844,-4.4438775510204085,-0.15949905482041593,-0.1729483282674772,-0.26406322640632274,-0.2707423580786027,-0.07270408163265307,-0.17772511848341221,-0.1478619268418342,0.04328018223234631,-0.06274509803921569,-0.24717832957110608,-0.029126213592232997,-0.09374140932832387
2001-12-31,0.030020470012760425,-0.011522339805642767,0.03628364157449293,-0.032161514007919556,0.02087013411841676,-0.07238379458881161,-18.3265306122449,-18.3265306122449,-21.333333333333332,-21.333333333333332,-0.637881404720783,3.233808290155441,-1.8331977217249795,-2.6548148148148147,0.3140286758504358,-0.04704152884968771,-0.08780795957043586,-0.0988023952095809,0.02063273727647874,0.02881844380403442,0.3065296251511487,0.04148471615720517,-0.008860447944868288,-0.06296851574212892,-0.040000000000000036,0.021334681496461005
2002-03-31,0.0023035081719695594,-0.011637635962577053,-0.010187435855885107,-0.021494016634332813,0.020827992822353147,0.03824207842661154,0.07852375343541418,0.07852375343541418,0.06557377049180335,0.06557377049180335,0.7424483306836247,-0.8415175156799755,-1.6787109375,-1.1727842435094002,-0.04129225502781342,0.1330505206324719,-0.07963988919667597,-0.08803986710963452,0.020215633423180668,0.10924369747899165,0.24710782045349378,0.04192872117400426,0.01862428606903399,-0.0464,-0.04166666666666663,0.010098010098010146
2002-06-30,-0.04100091413562679,0.01993227643527784,0.008502324769160241,0.013721487181500569,-0.11218532236800804,0.0438201590271281,0.02511831088460137,0.02511831088460137,0.04615384615384621,0.030769230769230882,0.11427919708029188,-0.7355212355212355,0.09035971223021577,-6.176165803108808,0.22294130774380716,-0.05547991831177668,-0.017306245297215916,-0.0491803278688524,-0.11228533685601061,-0.0732323232323232,0.029684601113172615,0.03822937625754541,-0.07435397367137986,-0.03523489932885904,-0.010869565217391353,0.0060766441242772196
2002-09-30,-0.023622364384536354,-0.0641741492492266,-0.047196458912782346,-0.14796382719157264,0.014884740489322645,-0.009241885344610345,-3.4467329545454546,-3.4467329545454546,-3.426470588235294,-3.462686567164179,0.30910951893551686,2.5145985401459856,0.8991818421747162,-2.674674674674675,-0.30474452554744524,-0.12288288288288285,-0.8445635528330782,-0.8448275862068966,0.01488095238095255,-0.013623978201634857,-0.07675675675675675,0.03875968992248069,0.039504872267579705,-0.8469565217391304,0.0,0.09839259620068197
2002-12-31,-0.0034376074252320254,-0.0044345898004434225,-0.021467514766015494,-0.15590909090909089,0.024211809789235428,-0.0838680498629053,-1.3149492017416546,-1.3149492017416546,-1.3151515151515152,-1.3151515151515152,-0.5199374511336983,-0.7611630321910696,-0.6748193440800445,-1.3347280334728033,0.14698162729658804,-0.01889893179950697,-0.29556650246305416,-0.2962962962962963,0.02346041055718473,-0.03314917127071826,5.657689305230289,0.035447761194029814,0.02786926779832788,-0.30681818181818177,0.0219780219780219,0.1794235033259426
2003-03-31,0.021317695757157695,0.06944725652966177,0.01741149158444566,0.04065697361335485,0.027040816326530548,0.07312557852514656,0.0875576036866359,0.0875576036866359,0.0769230769230771,0.0769230769230771,0.21824104234527697,2.1739130434782608,-0.41025641025641024,2.017857142857143,0.38672768878718533,0.017169179229480802,-0.4545454545454546,-0.45614035087719307,0.02722063037249267,-0.005714285714285672,0.49897402825819315,0.03603603603603611,0.005422726152329194,-0.459016393442623,0.010752688172043001,0.027673334335990285
2003-06-30,0.03911105106727919,0.06285497917455518,0.015288077581289139,-0.0341526520051747,0.07368769663851626,0.02731454859114435,0.5254237288135593,0.5254237288135593,0.5357142857142856,0.5178571428571426,-0.4385026737967914,0.06849315068493156,-0.5869565217391304,-0.3905325443786982,0.16996699669966997,0.03458213256484144,1.6282051282051286,1.7096774193548385,0.07391910739191077,0.005747126436781658,0.965738423028786,0.034782608695652195,0.03334150527089963,1.727272727272727,-0.010638297872340274,0.10046831552758673
2003-09-30,-0.01228629006045634,-0.020306376914855706,-0.018541409147095234,-0.0846504152156442,-0.0037014188772362955,0.02602854743912686,-0.23333333333333328,-0.23333333333333328,-0.2325581395348837,-0.22352941176470587,3.0,0.6666666666666667,11.701754385964913,-1.1262135922330097,-0.01833568406205921,0.06685236768802238,7.546341463414633,7.666666666666668,-0.0025974025974027093,-0.005714285714285672,-0.6189812972542778,0.031932773109243584,0.008778173190984617,7.666666666666668,0.0,0.07028392845268971
2003-12-31,0.03376332762932743,0.08727272727272717,0.028280283947790252,0.06613988879133736,0.04117647058823537,-0.018003273322422242,-0.1159420289855072,-0.1159420289855072,-0.12121212121212133,-0.12121212121212133,-0.6619047619047619,-0.49230769230769234,-1.091160220994475,-25.076923076923077,0.4497126436781609,0.0973517344274526,-0.0091324200913242,0.004120879120879106,0.03776041666666674,0.10057471264367823,-0.8813577023498694,0.032573289902280145,0.007055503292568099,-0.0012820512820512775,0.010752688172043001,0.019818588469184828
2004-03-31,0.019991086776596445,0.054849498327759205,0.0038971161340608518,-0.00850947021685422,0.041480820695807274,0.07194444444444437,0.30327868852459017,0.30327868852459017,0.3103448275862071,0.2931034482758621,0.5880281690140845,-0.2727272727272727,-4.878787878787879,-0.5015974440894568,0.15460852329038643,0.08667573079537716,0.03456221198156695,0.051983584131326976,0.04140526976160608,0.04699738903394257,0.06205985915492951,0.03154574132492116,0.02101821578701535,0.04621309370988458,0.0,0.06390496497106302
2004-06-30,-0.0052431184070906856,0.00554850982878885,-0.008984028393966281,0.13870431893687707,-0.0004282655246252709,0.04586680487172834,0.07232704402515733,0.07232704402515733,0.06578947368421062,0.08000000000000007,0.6740576496674058,-0.33333333333333337,0.8984375,0.41666666666666674,0.18969957081545075,-0.06099468251485762,-0.034521158129176,-0.024707412223667125,0.0036144578313253017,-0.09725685785536153,-0.12391214256112715,0.030581039755351647,0.005032021957914079,-0.04539877300613504,0.02127659574468077,-0.11692624828218046
2004-09-30,0.026604756227646353,0.011508749802932261,0.021040850587576987,0.05494772672015569,0.03370465581262505,0.020812685827552135,0.038123167155425186,0.038123167155425186,0.04938271604938271,0.03703703703703698,-0.03841059602649011,16.84375,-0.5617283950617284,-1.1809954751131222,-0.028860028860028808,0.024983344437041977,0.03690888119953861,0.046666666666666634,0.03601440576230508,0.01933701657458564,0.039735099337748325,0.029673590504451175,0.006827492034592542,0.03470437017994876,0.02083333333333326,-0.04117494488393214
2004-12-31,0.03636697023409319,0.0662406483790523,0.01951112572618663,0.09449181839133436,0.05761260016579173,-0.036407766990291246,-0.1610169491525424,-0.1610169491525424,-0.16470588235294115,-0.16666666666666674,-0.640495867768595,-0.7723292469352014,-0.7230046948356808,-4.475,0.10326894502228834,0.07312317192070217,0.008342602892102313,0.02292993630573248,0.05793742757821563,0.03794037940379402,0.008189262966332933,0.030259365994236287,0.020569620253164445,0.01863354037267073,0.0,-0.025833502400757435
2005-03-31,0.01810568530313761,0.04458412512790533,0.037737877647564755,0.07538429142977465,-0.005747877204441587,0.06473551637279606,0.1717171717171717,0.1717171717171717,0.18309859154929575,0.18571428571428572,0.6896551724137931,0.7538461538461538,0.5423728813559323,-0.1294964028776978,0.08148148148148149,0.015445184736523343,0.0022062879205737573,0.0037359900373599153,0.0,-0.04177545691906004,-0.023916967509025278,0.029370629370629286,-0.023477297895902582,-0.0012195121951219523,0.0,-0.028601180145782612
2005-06-30,-0.006893355731912187,-0.017352364959417832,0.018027351844177364,0.02349716075974162,-0.03849691236368413,0.0563047078306127,0.028735632183908066,0.028735632183908066,0.023809523809523725,0.03614457831325302,0.37414965986394555,0.004385964912280604,2.868131868131868,-1.3471074380165289,-0.026151930261519296,-0.036087086191470386,0.00165107319757829,-0.006203473945409432,-0.0295728368017526,-0.03542234332425065,-0.06010171058714753,0.02717391304347827,-0.03175323202540259,-0.012210012210012167,0.010204081632652962,-0.039948545701422145
2005-09-30,0.004841343910406026,-0.02634577043577324,0.00010177081213114114,-0.05662904151520953,0.011205247335337454,0.039865621500559945,0.17039106145251393,0.17039106145251393,0.18604651162790709,0.17441860465116288,0.45049504950495045,0.48908296943231444,1.4630681818181817,6.880952380952381,-0.21163682864450128,0.03279702970297027,0.04230769230769238,0.03495630461922583,0.016930022573363512,0.06497175141242928,0.016724053123462923,0.02777777777777768,0.006324666198172846,0.01606922126081578,0.02020202020202011,0.03208277504838475
2005-12-31,-0.034887095837928817,-0.08015211350007312,-0.08324005291543701,-0.16872845264652203,0.029324324324324413,-0.020460908895110874,-0.04773269689737469,-0.04773269689737469,-0.0490196078431373,-0.04950495049504955,-0.6370875995449374,-0.5219941348973607,-0.1268742791234141,0.8398791540785497,-0.4939172749391727,0.08867585380467347,0.07327358987875598,0.0772014475271412,0.027746947835738167,0.06896551724137945,0.03434929850024182,0.029601029601029616,0.06634078212290517,0.03649635036496357,0.03960396039603964,0.10659935088351968
2006-03-31,0.03506555996631788,0.05438066465256797,0.028083028083027983,0.040009758477677515,0.043324143363528966,0.06684256816182943,0.08771929824561409,0.08771929824561409,0.09278350515463929,0.09375,0.7210031347962382,0.8834355828220859,-0.6446499339498019,-0.9671592775041051,-0.03205128205128205,0.10594386351128215,0.0446954813359528,0.05711086226203799,0.04535637149028071,0.07692307692307687,0.027128157156220745,0.02750000000000008,0.008076839118096535,0.021126760563380254,0.03809523809523818,0.013817376002085657
2006-06-30,0.06827822650938464,0.08083245362690383,0.11077521053768091,0.22214403002580352,0.018749213539700493,0.0752267106347897,0.1198156682027649,0.1198156682027649,0.12264150943396213,0.12380952380952381,0.12932604735883424,0.8371335504885993,-1.0743494423791822,-5.55,0.15066225165562908,0.03334162727046541,0.0521861777150916,0.060381355932203284,0.025826446280991844,-0.011520737327188946,-0.025045537340619317,0.02676399026763976,-0.046340407102641756,0.0367816091954023,0.01834862385321112,-0.115654130504661
2006-09-30,0.015665796344647598,0.02274312822659419,0.02235614307931577,0.03147792706333963,0.007164031620553457,0.05731263178071688,0.08230452674897126,0.08230452674897126,0.09243697478991608,0.09322033898305104,0.6516129032258065,-0.677304964539007,-37.25,0.2637362637362637,0.16546762589928066,-0.03563688899590667,0.036639857015192234,0.03996003996003994,0.023162134944612278,-0.06060606060606055,-0.10929472209248015,0.027251184834123254,-0.008401453224341604,0.015521064301551979,0.02702702702702675,-0.008432683919743944
2006-12-31,0.02308269065981139,0.056753069577080595,0.03603346643848648,0.028284331968738474,0.006377238165317545,-0.08430021754894856,-0.1539923954372624,-0.1539923954372624,-0.5692307692307692,-0.5736434108527131,-0.6806640625,-0.5714285714285714,-1.0234482758620689,1.4347826086956523,0.345679012345679,0.0689138576779027,0.0060344827586207295,-0.009606147934678178,0.011811023622047223,0.04466501240694787,0.002097535395909844,0.02998846597462501,-0.016258300893061572,0.0,-0.00877192982456143,0.027639296187683238
2007-03-31,0.02245720567450138,0.031371030209140116,0.026521060842433775,0.047050307636626876,0.017060687301974076,0.0914670362304495,0.11011235955056176,0.11011235955056176,0.10714285714285698,0.1090909090909089,0.6758409785932722,2.641025641025641,-16.705882352941174,-0.9857142857142858,0.003669724770642091,0.0266292922214435,0.019280205655527016,0.0,0.020428015564202484,0.016627078384798155,-0.004186289900575568,0.02911534154535267,-0.005353817504655467,0.0,0.0,-0.0149818078048084
2007-06-30,0.027800532459553606,0.04781574665164601,0.016627927766851514,-0.017974421016246134,0.04277498202731844,0.0654815889715219,0.16194331983805665,0.16194331983805665,0.16129032258064502,0.180327868852459,0.6405109489051095,-0.39084507042253525,0.8651685393258426,58.25,0.21663619744058504,0.0348122866894196,0.0260613703236654,0.022308438409311293,0.04766444232602485,0.014018691588784993,-0.0021019442984762104,0.028291621327529937,0.014509712146033138,0.01419213973799116,0.0,0.06699500253494617
2007-09-30,-0.019676214196762132,-0.036554772428622595,-0.040801969750263845,-0.023935234072509637,0.00792830058600491,0.044262853251617384,0.08536585365853666,0.08536585365853666,0.09722222222222232,0.08333333333333348,0.3815350389321468,0.9364161849710984,1.502008032128514,-2.3628691983122363,-0.24267468069120957,0.08597185576077404,0.02867677181482997,0.034155597722960174,0.01364877161055511,0.03456221198156695,0.03001579778830976,0.02751322751322771,0.028143021914648125,0.01829924650161474,0.017699115044247815,-0.012897094759706795
2007-12-31,0.05965447154471537,0.1151890886546807,0.07077374404107073,0.15542733501622785,0.04582763337893292,-0.08102380176067814,-0.0930979133226324,-0.0930979133226324,-0.08860759493670889,-0.08974358974358987,-0.6594202898550725,-0.04179104477611939,-1.447833065810594,-3.1609907120743035,0.6924603174603174,0.10164000809880536,0.027080844285145567,0.03302752293577993,0.047576301615798844,0.0868596881959911,0.04550102249488752,0.030895983522142068,-0.013013237603769268,0.029598308668076,0.008695652173912993,-0.03479576399394857
2008-03-31,0.028579648988203754,0.04936624416277513,0.02482876712328763,0.028089887640449396,0.03335513407455859,0.0684761397906688,-0.031858407079646045,-0.031858407079646045,-0.02777777777777779,-0.028169014084507116,0.7683215130023642,-0.19937694704049846,-1.8476702508960572,-0.9126074498567335,0.035756154747948354,-0.04686638485572503,-0.00891818534315636,0.0,0.04027420736932319,-0.09016393442622939,-0.10073349633251827,0.029970029970030065,0.004773812230052243,0.002053388090349051,-0.008620689655172376,0.02066115702479343
2008-06-30,0.03477855477855485,0.06950625132443311,0.039431913116123596,0.06906496660595018,0.02890295358649797,0.09048646853727371,0.11882998171846437,0.11882998171846437,0.12857142857142878,0.1304347826086958,0.10561497326203217,-0.4046692607003891,-0.15221987315010566,3.754098360655738,0.16411997736276174,0.0256459699190128,-0.012128325508607207,-0.009769094138543544,0.03542009884678743,-0.013513513513513598,-0.002718868950516651,0.02909796314257984,-0.00588235294117645,-0.013319672131147597,0.008695652173912993,0.00041881893061557207
2008-09-30,-0.05208145611821946,-0.07558945908460468,-0.041392059154476746,-0.0667329263098112,-0.06571662907525122,0.0016747868453106385,0.12418300653594772,0.12418300653594772,0.11392405063291133,0.1282051282051282,0.5659008464328901,1.2287581699346406,1.8379052369077309,-1.9655172413793105,-0.1361205639280506,-0.15961646926113926,0.018217821782178234,0.011659192825111964,-0.054892601431980825,-0.18721461187214605,-0.17666303162486374,0.02827521206409056,-0.014337733272644537,0.009345794392523255,0.0,-0.009489254814401327
2008-12-31,-0.024619771863117923,-0.049083699496302646,0.016181772449065157,0.03879507074395261,-0.07802041040272134,-0.17692658458732335,-0.3343023255813954,-0.3343023255813954,-0.31818181818181823,-0.31818181818181823,-0.7536679536679537,0.21700879765395897,-1.0562390158172232,-0.6107142857142858,-0.061339335959482266,-0.22617449664429523,-0.024115130299494303,-0.04078014184397161,-0.06313131313131315,-0.1825842696629213,-0.2516556291390728,0.030247479376718678,-0.05472177326252603,-0.034979423868312765,-0.008620689655172376,-0.08460129613975764
2009-03-31,-0.02587467108468955,-0.08351177730192716,-0.028135313531353123,-0.12902753368482722,-0.02261366341347293,-0.06057248384118186,-0.18558951965065507,-0.18558951965065507,-0.16666666666666663,-0.18333333333333335,0.5642633228840126,-0.3903614457831325,-6.921875,0.47706422018348627,-0.09652278177458029,-0.07545533391153525,-0.04264647269828625,-0.05914972273567465,-0.017969451931716174,-0.013745704467354014,-0.04070796460176995,0.02935943060498225,0.0034196384953590897,-0.03944562899786774,-0.017391304347826098,0.05225086571758353
2009-06-30,0.016657495873142913,-0.05090998524348256,-0.009763137787588083,-0.16041701698335298,0.054554310764734604,0.000786318065657543,0.03753351206434319,0.03753351206434319,0.040000000000000036,0.04081632653061229,0.8356713426853708,0.7272727272727273,0.6675461741424802,-0.22360248447204967,-0.0829462508294625,0.04565353345841139,-0.07701915070774346,-0.08546168958742628,0.05397987191216824,0.0662020905923344,0.12177121771217725,0.028522039757994833,0.037244401168451846,-0.045504994450610514,-0.044247787610619316,0.13046657890887836
2009-09-30,-0.027602834087777972,-0.008421870951023536,-0.039094650205761305,-0.007410374524334018,-0.012124711316397252,0.04537418974661156,0.3074935400516796,0.3074935400516796,0.28846153846153855,0.3137254901960784,0.4759825327510918,-0.5331807780320366,0.5838607594936709,-2.424,0.12879884225759763,0.07476076555023914,-0.0807397383852052,-0.08055853920515577,-0.01302083333333337,0.019607843137254832,0.19161184210526305,0.02773109243697469,0.015958695141985446,-0.041860465116278944,-0.03703703703703709,-0.0010350627506793275
2009-12-31,0.08733491878763355,0.053573761923428664,0.11982512491077801,0.17130750605326872,0.02758620689655178,-0.058436677940623794,-0.16007905138339917,-0.16007905138339917,-0.16417910447761186,-0.16417910447761186,-0.4918639053254438,5.627450980392157,-1.9550449550449551,0.5730337078651686,0.17948717948717952,0.12910406232609906,-0.029931305201177705,-0.031542056074766234,0.027264731750219928,0.14423076923076916,0.23395445134575565,0.027800490596892935,-0.05497805497805497,0.0,-0.028846153846153855,-0.10050511591762723
2010-03-31,0.010749685885802052,0.05519037579064867,0.013066687913313668,0.03341946597760548,0.007280172904106541,0.02654160846138498,-0.04705882352941182,-0.04705882352941182,-0.0357142857142857,-0.0535714285714286,-0.08005822416302766,-0.9001479289940828,-1.1715481171548117,0.13928571428571423,0.17336956521739122,0.13750616067028099,0.0,-0.0024125452352232735,0.006849315068493178,0.10644257703081239,0.15771812080536907,0.026252983293556076,-0.0034221461745295167,0.016990291262135804,-0.01980198019801982,0.021022318214542812
2010-06-30,0.05699815837937394,0.17042783262811478,0.09075894612662205,0.20970161693615608,0.007905138339920903,0.09661741835147741,0.4444444444444444,0.4444444444444444,0.4444444444444444,0.4528301886792452,0.11234177215189867,0.24444444444444446,-5.804878048780488,2.9655172413793105,0.5859194071329319,0.04441074523396882,0.10672736469398081,0.08101571946795638,0.008503401360544283,0.037974683544303556,0.02608695652173898,0.02635658914728678,-0.04635761589403975,0.08591885441527447,-0.010101010101010055,-0.03243548159638965
2010-09-30,-0.005009147138252512,-0.16017272544687688,-0.07051698031581222,-0.19401956731431724,0.0971428571428572,-0.0705548661584825,0.28034188034188023,0.28034188034188023,0.2564102564102564,0.2857142857142856,0.806543385490754,4.130952380952381,-3.9263959390862944,-2.448221343873518,-0.5350467289719626,0.0012445550715620701,0.08775137111517362,0.08724832214765099,0.09696458684654297,-0.007317073170731603,-0.10169491525423735,0.024924471299093698,0.10262345679012363,0.13076923076923075,-0.030612244897959218,0.04197638828159156
2010-12-31,-0.006128792190167709,-0.006935310295348551,-0.039640058955860646,-0.0425713797230296,0.03860294117647056,0.05569330535952699,-0.3591455273698264,-0.3591455273698264,-0.3571428571428571,-0.36363636363636365,-0.7464566929133858,-0.8410672853828306,-0.878143972246314,-0.9459606986899564,-0.06218592964824121,0.14833229749326704,-0.0117647058823529,0.012345679012345734,0.0368946963873944,0.04668304668304657,0.019392033542976916,0.025055268975681555,0.04501982738511767,0.0,0.010526315789473717,0.03720800111903766
2011-03-31,0.03664713914460638,0.05936183022275743,0.028271405492730217,0.05964285714285711,0.04670599803343167,0.05763324299909667,0.15833333333333344,0.15833333333333344,0.17460317460317465,0.1587301587301586,1.3385093167701863,1.116788321167883,0.4128113879003559,-2.0101010101010104,0.06697923643670456,0.065307595165073,0.019557823129251695,0.04674796747967469,0.0496664195700518,0.028169014084507005,0.039588688946015305,0.025161754133716796,0.00959821428571428,0.034013605442176686,0.01041666666666674,-0.0002697235333783965
2011-06-30,0.024176758019970324,0.05512616503750856,0.02945797329143751,0.06302662622177291,0.018694222639736857,0.07413734198838395,0.22841726618705027,0.22841726618705027,0.22972972972972983,0.23287671232876717,0.19920318725099606,-0.15172413793103445,0.22418136020151125,0.8799999999999999,0.11801632140615181,-0.05063505503810317,-0.006672226855713115,0.028155339805825186,0.02824858757062154,-0.09589041095890405,-0.1112759643916914,0.02384291725105192,-0.00530621269069198,0.012218045112782017,0.010309278350515427,-0.007419398354242435
2011-09-30,-0.010081314304679734,0.0066788753635678155,0.015642884395268952,0.024889029803424334,-0.04103651789007745,0.04087150127226469,0.11420204978038062,0.11420204978038062,0.10989010989010994,0.12222222222222223,0.3898117386489479,-0.28861788617886175,0.48765432098765427,0.4414893617021276,0.15216170690623243,-0.1100606493043168,-0.00965575146935349,-0.005665722379603277,-0.02953296703296704,-0.13383838383838376,-0.14579855314412904,0.023287671232876672,-0.031340297843965303,-0.04921077065923862,0.05102040816326525,-0.017735797771133432
2011-12-31,-0.017476216420099777,-0.028892455858748,-0.01495116453794143,0.010672853828306295,-0.0200980863544572,-0.18884644766997705,-0.5124835742444153,-0.5124835742444153,-0.504950495049505,-0.504950495049505,-0.7338645418326692,-0.19999999999999996,-0.7648686030428768,-0.9114391143911439,0.011695906432748648,-0.07656845059130091,-0.04451038575667665,-0.05128205128205132,-0.018400566171266952,-0.04956268221574356,-0.0820846905537459,0.02677376171352086,-0.0025240936209270926,-0.03515625000000011,-0.01941747572815533,-0.03915600138360431
2012-03-31,0.02943183757038037,0.05168044077134981,0.028068034474868497,0.05984083256810524,0.0315014720314033,0.11489922772650218,0.4690026954177897,0.4690026954177897,0.48,0.48,0.6826347305389222,1.5499999999999998,-0.21176470588235297,2.2083333333333335,0.037090558766859294,0.09377034946820051,-0.001330967169476449,-0.011011011011011096,0.03316510454217747,0.11349693251533743,0.13910574875798454,0.026075619295958363,0.001840349666436758,-0.007085020242914908,0.0,-0.007703938368493035
2012-06-30,0.007955581337532047,0.04809304274937132,0.013502485347577808,0.06801444043321303,0.0007611074112834348,0.09545531339753333,0.4128440366972477,0.4128440366972477,0.4189189189189191,0.4054054054054055,0.5053380782918149,-0.5826330532212884,2.6865671641791047,0.8051948051948052,0.06456107756618668,-0.03988886683865844,0.044868947134606874,0.03441295546558698,0.009071877180739651,-0.06887052341597799,-0.04299065420560755,0.02541296060991116,-0.007118254879448838,0.028542303771661448,0.0,-0.018647511246553505
2012-09-30,-0.02088300583737568,0.012296311106668067,-0.020862308762169657,-0.03555976203353162,-0.021294799885920757,0.03331276989512655,-0.6337662337662338,-0.6337662337662338,-0.6285714285714286,-0.625,0.549645390070922,0.0738255033557047,1.2287449392712553,-0.460431654676259,0.0327225130890052,-0.0020669698222406385,-0.19387755102040816,-0.19569471624266144,-0.016597510373444035,-0.01183431952662728,-0.044921875,0.024783147459727317,-0.00046253469010182346,-0.20118929633300298,0.00990099009900991,0.04961182994454716
2012-12-31,-0.001973297506087879,-0.00395022713806048,-0.01667165071770338,0.00981354268891077,0.017775619232637263,-0.17119402985074628,0.6099290780141844,0.6099290780141844,0.6153846153846154,0.5897435897435896,-0.5774218154080855,-0.16249999999999998,-0.7656675749318801,1.1333333333333333,0.06759611322348968,0.04308202154101082,0.035337552742616074,0.03892944038929458,0.020393811533051975,0.05988023952095811,0.2856169052488071,0.024788391777509133,0.01989819527996306,0.032258064516129004,0.009803921568627416,-0.013665821358129104
2013-03-31,-0.0019771991081569684,0.010212175292484638,-0.007830913099673098,-0.07760655282521167,0.005153655277724711,0.07329371510895011,0.23568281938325986,0.23568281938325986,0.22222222222222232,0.24193548387096775,0.07761732851985559,0.08955223880597019,0.3255813953488371,-0.44999999999999996,0.03482390185991302,0.1169579030976966,0.007131940906775158,0.012880562060889833,0.009648518263266848,0.09604519774011289,0.06892895015906686,0.024188790560472073,0.007032667876587961,0.006009615384615419,0.0,0.09527210398514518
2013-06-30,-0.008893947057831753,0.031111983511630248,0.015249042145593972,0.04605659241420823,-0.039498670717812434,-0.9681208053691275,-0.6541889483065954,-0.6541889483065954,-0.6493506493506493,-0.6493506493506493,0.6666666666666667,0.32191780821917804,0.7485380116959064,1.2159090909090908,0.0745697896749522,0.0003555555555556644,-0.27162367223065254,-0.2728323699421965,-0.0334470989761092,-0.010309278350515427,-0.01041666666666674,0.023617511520737322,-0.030862806938499632,-0.032258064516129004,-0.24271844660194175,-0.014280125195618165
2013-09-30,0.050950538000255285,0.046925566343042124,0.05615518152313381,0.09712230215827344,0.04636219849742984,67.2421052631579,3.0979381443298966,3.0979381443298966,3.1111111111111116,3.0740740740740744,0.5105527638190954,0.6373056994818653,0.22909698996655514,1.3846153846153846,0.1654804270462633,0.07819441976186248,0.33472222222222237,0.3306836248012719,0.062146892655367214,0.11458333333333348,0.48370927318295753,0.023072594259988755,-0.004184100418410108,0.0024691358024691024,0.3205128205128205,-0.04577627836210896
2013-12-31,-0.023754603213143932,-0.09091735612328389,-0.053741156292431924,-0.06780327868852454,0.014737836561171447,-0.5676384389942928,-0.4188679245283019,-0.4188679245283019,-0.4144144144144144,-0.40909090909090917,-0.5402528276779774,0.7563291139240507,-0.08163265306122447,-2.156989247311828,-0.16427480916030535,0.09922531729025863,-0.002601456815816805,0.0011947431302270495,0.015957446808510634,0.03504672897196248,-0.1837837837837838,0.023652365236523698,0.039215686274509665,0.0024630541871921707,0.0,-0.024818024263431382
2014-03-31,0.009202453987730008,0.020402040204020366,0.043803338116456425,0.10185706246482829,-0.024578717065450117,0.036746343203710286,0.18398268398268391,0.18398268398268391,0.19999999999999996,0.18461538461538463,-0.16787264833574533,-0.6306306306306306,-0.45333333333333337,-0.9758364312267658,-0.004749725977347463,-0.0062977957714800414,-0.005216484089723528,-0.013126491646778038,-0.02290575916230364,-0.020316027088036037,-0.01697019867549665,0.023105857066093582,-0.03346810422282109,-0.0012285012285012664,-0.009708737864077666,-0.07393189734840411
2014-06-30,0.031586297543744424,0.05978633735175931,0.030460892844222487,0.08950459652706844,0.03273837930705348,0.08602890571231936,0.3308957952468008,0.3308957952468008,0.3205128205128205,0.3376623376623378,0.7704347826086957,0.29756097560975614,0.1680216802168022,-26.0,0.11930983847283416,0.015844273426889988,0.2459360251704248,0.24546553808948013,0.03817816476892166,0.03917050691244239,0.016000000000000014,0.022584033613445298,0.001161980013943742,0.014760147601476037,0.22549019607843146,-0.02725109388193736
2014-09-30,-0.03734819828787572,0.004993988717284736,-0.01628984693161073,-0.009258174147427689,-0.06478743068391868,0.07842205323193907,-0.4368131868131868,-0.4368131868131868,-0.4271844660194175,-0.4368932038834952,0.3831041257367387,-0.5,1.5150812064965198,-0.6923076923076923,0.03279763857002305,-0.04129530600118814,-0.14267676767676774,-0.1475728155339805,-0.058709677419354844,-0.07760532150776045,-0.2465810194778284,0.022085259373394894,-0.028551532033426308,0.06060606060606055,-0.19999999999999996,0.014362373737373701
2014-12-31,-0.018736815982131727,-0.03533633937609271,0.011277658815131986,0.050035486160397546,-0.05988734064630896,-0.17922726604965478,0.2804878048780488,0.2804878048780488,0.2881355932203391,0.2931034482758621,-0.5944602272727273,1.8270676691729322,-0.8653136531365313,-1.27,-0.00857415052397592,-0.041679578555934405,0.06038291605301915,0.034168564920273425,-0.04866346812885536,0.019230769230769162,0.1226622662266228,0.023618090452261375,-0.041816009557944955,0.029714285714285804,0.010000000000000009,-0.08129765053679794
2015-03-31,-0.03186646433990892,-0.013259563102165361,-0.011857707509881465,-0.012053621719049223,-0.0625459896983076,-0.0334705566493646,0.8533333333333333,0.8533333333333333,0.8684210526315788,0.8933333333333333,-0.37302977232924694,-4.13031914893617,7.691780821917808,-5.962962962962963,0.04292120435618196,-0.05254648342764756,0.2398148148148147,0.2103524229074889,-0.0389048991354467,-0.004716981132075526,-0.08280254777070073,0.02307314678448691,-0.03167082294264345,0.21420643729189792,-0.00990099009900991,-0.0011855364552461056
2015-06-30,0.02159526297457326,0.029002320185614883,0.0475000000000001,-0.05222348916761688,-0.01895043731778423,0.01907407407407402,-0.42034943473792397,-0.42034943473792397,-0.4084507042253521,-0.4084507042253521,0.3938547486033519,-1.215802888700085,-0.876280535855004,0.02238805970149249,0.042076167076167126,0.006655290102389078,-0.010082150858849781,-0.046405823475887065,-0.002248875562218866,0.04739336492891,-0.1661324786324786,0.022552783109405006,-0.03966005665722372,-0.030164533820840944,-0.010000000000000009,0.08571428571428563
2015-09-30,-0.058643027616774646,-0.055900037579857176,-0.04807364473235598,-0.06159769008662175,-0.07635158303806144,0.056514628384517485,0.14893617021276606,0.14893617021276606,0.1785714285714286,0.16666666666666674,1.2064128256513027,-1.1732283464566928,7.764331210191083,-3.4744525547445257,-0.09991158267020339,-0.1615528055602644,0.15956242927197284,0.12118320610687006,-0.07212622088655152,-0.1583710407239819,-0.11723254324151189,0.022055373064289174,-0.0187717886832931,0.14514608859566436,-0.02020202020202022,0.006012806496954681
2015-12-31,-0.02426657008330313,-0.03532689819882573,0.006805157593123168,0.05153846153846153,-0.07734191312956318,-0.18937048503611975,-0.4614197530864198,-0.4614197530864198,-0.4545454545454545,-0.4591836734693877,-0.5576748410535877,-4.704545454545455,-0.846656976744186,-1.1622418879056047,0.018009168303863676,-0.052972098665588274,-0.006831489915419597,-0.04255319148936165,-0.06153846153846154,0.018817204301075252,-0.14804063860667627,0.02203856749311295,-0.05438644438371132,-0.02716049382716046,-0.020618556701030966,-0.08258945897694636
2016-03-31,0.00983667409057154,0.022591293583660077,-0.0024190679473496957,-0.0024384296513045856,0.031652360515021405,0.04561850201570117,0.057306590257879764,0.057306590257879764,0.05555555555555536,0.07547169811320731,0.4763860369609856,-0.8466257668711656,1.4360189573459716,2.8727272727272726,0.0685107751688645,0.03309137489325353,-0.2093023255813954,-0.2275555555555555,0.031924072476272825,0.1029023746701847,0.09369676320272569,0.021114106019766377,0.021387283236994126,-0.2208121827411167,-0.010526315789473717,0.025129029528724978
2016-06-30,0.014611284690314363,0.03096943407646524,0.007560088438770318,0.017599608897580055,0.027171086843473802,0.0401785714285714,0.29810298102981037,0.29810298102981037,0.29824561403508776,0.29824561403508776,-0.0013908205841446364,6.4,-0.36770428015564205,-0.08920187793427226,0.058398555087296744,0.08782806364951434,-0.017812758906379456,-0.028768699654775576,0.026755852842809347,0.052631578947368585,0.4042056074766356,0.02111746590409158,0.012450481041313077,-0.02714440825190012,0.0,0.013123142951469102
2016-09-30,-0.015351870301603121,-0.025440313111546042,-0.00014157287463723023,-0.03819361037713187,-0.042146563726110586,-0.23293015996878663,-0.08559498956158662,-0.08559498956158662,-0.08108108108108103,-0.08108108108108103,0.33286908077994437,0.3675675675675676,2.0615384615384613,-2.7216494845360826,-0.09499431171786121,0.01747720364741645,-0.09911429776465619,-0.1101895734597157,-0.041530944625407185,-0.00909090909090915,0.0532445923460898,0.02068074105988793,-0.027110117384013366,-0.024553571428571397,-0.08510638297872342,0.013279022403258622
2016-12-31,-0.19647702708917814,-0.10873493975903614,-0.312070796460177,-0.48226773226773223,0.01915961945031719,-0.18209562563580872,-0.29452054794520544,-0.29452054794520544,-0.2941176470588236,-0.2941176470588236,-0.7513061650992685,-15.853754940711463,1.9346733668341707,-3.9011976047904193,0.3045254556882464,0.0035474234503360957,-0.03277153558052437,0.022636484687083902,0.016142735768904126,0.04816513761467878,0.12322274881516582,0.020261713803292558,0.26831370295891976,0.06064073226544631,-0.03488372093023262,0.7214182344428364
2017-03-31,-0.011104115391219693,0.06409823138447668,-0.051147473500051444,-0.09044862518089725,0.037987812783612185,0.11131840796019898,-0.055016181229773475,-0.055016181229773475,-0.06249999999999989,-0.06249999999999989,-0.2773109243697479,-0.7251197445449707,-0.876027397260274,-0.08359133126934981,0.21392435557696943,0.11404651162790702,-0.057599225556631106,0.006510416666666741,0.038461538461538325,0.09628008752735218,0.1364275668073136,0.019859329747620835,0.04960362400906004,0.033441208198489614,-0.02409638554216853,0.16991266171594055
2017-06-30,0.12299589049024706,-0.09443150539911072,0.2342733188720174,0.4240254574383453,-0.004996252810392177,0.13010632344711803,0.4143835616438356,0.4143835616438356,0.4222222222222223,0.4222222222222223,2.7674418604651163,-4.000968054211036,-2.3950276243093924,-3.1385135135135136,-0.3768604881921016,-0.011356045424181671,-0.04571135079609667,-0.010349288486416475,0.0024154589371980784,-0.04790419161676651,0.03919141914191426,0.01947261663286004,-0.11394044022442806,0.02713987473903967,-0.03703703703703709,-0.3640863906742785
2017-09-30,0.009638181630759801,-0.035305120411503355,-0.04929701230228467,-0.06052141527001864,0.09440120512176753,0.0980440703144343,0.22033898305084754,0.22033898305084754,0.21875,0.21875,0.3179012345679013,-0.9429032258064516,-2.611881188118812,-0.9589257503949447,-0.024840764331210186,0.03040540540540526,0.008611410118406937,0.07581699346405224,0.0907630522088354,0.027253668763102867,0.07622072250893197,0.019100676482292078,0.08377983438869951,0.010162601626016343,0.0641025641025641,0.02686923221796711
2017-12-31,0.013732196640972028,-0.012118274357731496,0.06017191977077374,0.22735381565906843,-0.04232622161046107,-0.13957158962795946,-0.2222222222222222,-0.2222222222222222,-0.21794871794871795,-0.21794871794871795,-0.4765807962529274,1.2146892655367232,-0.961916461916462,-1.435897435897436,0.011103853690398457,0.04655737704918028,0.03415154749199556,0.021871202916160293,-0.03166421207658321,-0.04081632653061229,0.0022132054592403083,0.018742678641155752,-0.05528089887640453,0.015090543259557387,0.0,-0.19514580913370416
2018-03-31,-0.003676100312216768,-0.05237978410206079,-0.01935483870967747,-0.039890180878553005,0.017127799736495364,0.1132075471698113,0.22959183673469385,0.22959183673469385,0.24590163934426235,0.24590163934426235,0.11185682326621915,0.0025510204081633514,25.193548387096776,-20.176470588235293,-0.210594315245478,0.09993734335839588,0.10268317853457165,0.08323424494649245,0.025095057034220547,0.13617021276595742,0.04195804195804187,0.01878114220007654,0.020932445290199775,0.07333994053518333,0.012048192771084265,-0.012988985947588239
2018-06-30,0.03548142532221377,0.11016181229773458,0.0692567567567568,0.16972245584524814,-0.00930287329251056,0.048964218455743946,0.4771784232365146,0.4771784232365146,0.48684210526315774,0.47368421052631593,0.8591549295774648,-0.6259541984732824,-1.3485221674876846,-2.483128834355828,0.3956628477905073,-0.0066932497863856355,0.1516144127281236,0.15148188803512608,-0.00667655786350152,-0.03183520599250933,-0.1169198163193218,0.018058690744920947,-0.0431034482758621,0.13850415512465397,0.011904761904761862,-0.05094659073418506
2018-09-30,-0.004734709815980898,-0.22819496268656714,-0.05213270142180093,-0.11360368133448373,0.06347319624390835,0.09694793536804314,-0.1334269662921348,-0.1334269662921348,-0.1327433628318584,-0.1339285714285715,0.10822510822510822,11.16326530612245,-6.413427561837456,-3.3971044467425027,-0.6795661096452653,0.05060931899641585,0.04713531084924805,0.04289799809342232,0.0672143390589992,0.05802707930367501,-0.10360000000000003,0.017738359201773912,0.06841977112247388,0.02676399026763976,0.0117647058823529,-0.129257216996432
2018-12-31,0.0019127023050515835,0.005892128720350609,0.06605263157894736,0.22323166774821535,-0.0794679780932156,-0.15159574468085102,-0.24635332252836306,-0.24635332252836306,-0.24489795918367352,-0.2371134020618556,-0.6845703125,-0.8551454138702461,-1.0639686684073106,-1.0668679896462467,0.14181152790484908,-0.07832969432314407,0.036476523088863066,0.026508226691042136,-0.062281315605318355,-0.13528336380255934,-0.12896028558679162,0.01779230210602778,-0.08113035551504111,0.013428120063191162,0.023255813953488413,-0.1776867200596015
2019-03-31,0.03142591414166129,0.07419645539200959,0.028470336542417485,-0.10954907161803717,0.035211267605633756,0.10200144682903312,0.11827956989247301,0.11827956989247301,0.14864864864864868,0.1351351351351351,0.6501547987616099,0.2277992277992278,-1.9795918367346939,-0.1225806451612903,0.10897435897435903,-0.0549304116079361,0.01572444777236992,0.0008904719501336977,0.03432835820895508,0.006342494714587588,-0.08913934426229497,0.017481270067784438,0.003472222222222321,-0.001558846453624363,0.0,0.20634201585503953
