Quarter end,Assets,Current Assets,Liabilities,Current Liabilities,Shareholders equity,Revenue,Earnings,Earnings available for common stockholders,EPS basic,EPS diluted,Cash from operating activities,Cash from investing activities,Cash from financing activities,Cash change during period,Cash at end of period,Price,ROE,ROA,Book value of equity per share,P/B ratio,P/E ratio,Cumulative dividends per share,Equity to assets ratio,Net margin,Asset turnover,Current ratio
1994-12-31,-0.02418386255490479,-0.07978198244498846,-0.2100317758852125,-0.21002706909905144,0.08831455000344302,0.0,0.0,0.0,0.0,0.0,-1.3662819110562938,-0.24557628534541676,-0.281789521092929,-2.0306015548898158,0.6112546622927246,0.06400000000000006,-0.09271978021978033,0.008064516129032251,0.026548672566371723,0.14861995753715496,0.09782070331847437,,0.1152672981216889,-0.021024967148488893,-0.04999999999999993,0.16491026941223152
1995-03-31,-0.02418386255490479,-0.07978198244498846,-0.2100317758852125,-0.21002706909905144,0.08831455000344302,0.0,0.0,0.0,0.0,0.0,-1.3662819110562938,-0.24557628534541676,-0.281789521092929,-2.0306015548898158,0.6112546622927246,0.06400000000000006,-0.09271978021978033,0.008064516129032251,0.026548672566371723,0.14861995753715496,0.09782070331847437,,0.1152672981216889,-0.021024967148488893,-0.04999999999999993,0.16491026941223152
1995-06-30,-0.04888655751540705,-0.2039168136390359,-0.2097229422268303,-0.21220563396687953,0.021782320213605155,-0.6305826855971789,-0.964643710942415,-0.964643710942415,-0.9583333333333334,0.0,-1.3662819110562938,-0.24557628534541676,-0.281789521092929,-2.0306015548898158,-0.3909748223760816,0.17857142857142838,-0.09271978021978033,0.008064516129032251,0.01724137931034475,0.14861995753715496,0.09782070331847437,,0.07442061321433702,-0.021024967148488893,-0.04999999999999993,0.010522729853514434
1995-09-30,0.052095625729841055,0.01602957602163735,-0.006073858114674424,-0.0002710795125497878,0.07186350557511867,0.17020053726494666,2.5943060498220643,2.5943060498220643,2.0,0.0,-0.018456748943740275,-0.8810146970002013,1.820861204013378,-0.6189321254057139,-0.24463347338775232,0.3732057416267942,-0.09271978021978033,0.008064516129032251,0.05084745762711873,0.34935304990757854,0.09782070331847437,,0.0187566988210075,-0.021024967148488893,-0.04999999999999993,0.016293965614113892
1995-12-31,0.24481864905627226,0.3880255297885389,0.676741627963823,0.6751833364146176,0.10870996938127053,1.5591573507586194,8.664686468646865,8.664686468646865,8.000000000000002,0.0,-1.349278270438216,0.9351381838691484,-0.9062615783623564,-1.2218270310745039,0.07184104033101435,-0.10220673635307775,-0.09271978021978033,0.008064516129032251,0.10483870967741948,-0.14657534246575332,0.09782070331847437,,-0.10941609679116249,-0.021024967148488893,-0.04999999999999993,-0.171421200058971
1996-03-31,-0.0019832400920336557,-0.017067415472929448,-0.25722532819208255,-0.2596530209835487,0.11965776337317746,-0.5055469098767956,-0.7496243682557028,-0.7496243682557028,-0.7777777777777778,0.0,4.4220719051149,3.954095016030312,7.93596837944664,6.3647679324894515,0.49362971761478525,-0.18111254851228986,-0.09271978021978033,0.008064516129032251,0.10948905109489049,-0.2584269662921349,0.09782070331847437,,0.12197282929710584,-0.021024967148488893,-0.04999999999999993,0.32765446376940544
1996-06-30,-0.03359114042511058,-0.05049311109483312,-0.2307314871150713,-0.23184099378881984,0.0287356856759029,-0.3196722694748211,-0.9952264048008729,-0.9952264048008729,-1.0,0.0,-1.0415961719217295,-0.6270039711722313,-0.43135173389950465,-1.2464980377553068,-0.08146514181845721,0.18009478672985768,-0.09271978021978033,0.008064516129032251,0.026315789473684292,0.06277056277056281,0.09782070331847437,,0.06449065543564081,-0.021024967148488893,-0.04999999999999993,0.23610413106844907
1996-09-30,0.0775009817815493,0.07796320128483414,0.34112769485903804,0.360109190643759,0.015175870607004649,0.6032718568221564,167.11428571428573,167.11428571428573,inf,0.0,8.494658997534922,-1.4302839116719244,0.2691350342252645,0.06589192330040672,-0.09453428568483757,0.0682730923694781,0.007570022710068125,0.008064516129032251,0.0064102564102563875,0.042769857433808456,0.09782070331847437,,-0.05786350148367947,0.005369127516778427,0.007518796992481258,-0.20745920745920743
1996-12-31,0.2786762408826873,0.39260782157797824,0.7619541334145019,0.7619541334145019,0.12773795271099275,1.0970626687398948,5.233514615907546,5.233514615907546,5.0,0.0,-2.8881869320640416,-1.8953445747800588,-0.14868840402059325,-6.174007849978194,0.5401873626936518,0.02631578947368407,0.09541697971450058,0.08499999999999996,0.12101910828025475,0.01953125,-0.040153394992104685,,-0.11797900262467187,0.11214953271028039,-0.02985074626865669,-0.20961012311901495
1997-03-31,-0.08523046145402724,-0.13794335849902828,-0.31191561035651816,-0.3120667688786197,0.025384013550785234,-0.46956444752675397,-0.7163149571950488,-0.7163149571950488,-0.7272727272727273,0.0,0.43342652855440456,14.595291709314226,-0.14816414686825052,-1.204357720836143,-0.07167404494963303,-0.04884004884004878,0.011659807956104107,0.011059907834101379,0.017045454545454586,-0.15134099616858243,-0.1772032902467685,,0.12081535485790806,0.01800720288115243,-0.007692307692307665,0.2530829475141707
1997-06-30,-0.02602075079881483,-0.03520185994586,-0.15810698426148218,-0.157921996390175,0.017230792945317264,-0.18104749254125785,-0.8573762614127823,-0.8573762614127823,-0.8333333333333334,0.0,-1.069257701961662,-0.9208222306813856,-0.5253549695740365,-0.36976696226025985,-0.04865893367513474,-0.10911424903722722,-0.01627118644067782,-0.020054694621695623,0.016759776536312776,-0.12415349887133176,-0.16538131962296487,,0.04447099429178292,-0.02948113207547176,0.015503875968992276,0.14575276243093893
1997-09-30,0.20262370394509377,0.25383932683989974,0.38858032169682954,0.38858032169682954,0.1522280478441831,0.6120178671512764,-0.9723719676549866,-0.9723719676549866,-1.0,0.0,3.5117728531855956,-4.597148541114058,1.475071225071225,-2.0600458115183247,0.1913520841527403,0.23054755043227648,-0.17367332873880081,-0.173953488372093,0.06043956043956045,0.2087628865979383,0.19301848049281323,,-0.0419420437214032,-0.1822600243013366,0.007633587786259444,-0.09704348874355795
1997-12-31,0.29005006361218055,0.41084868468210156,0.7194016227861184,0.7194016227861184,0.14982453910005322,1.061050003160756,1428.7560975609756,1428.7560975609756,inf,0.0,-2.1684829879764647,-2.0170522628813714,0.7751079136690648,1.030097237227967,0.09239057901280523,0.01756440281030458,0.3327773144286905,0.32094594594594583,0.14507772020725396,-0.04051172707889139,0.14601262191623654,,-0.10864950915362159,0.24368499257057952,0.06060606060606055,-0.17943326324221498
1998-03-31,-0.044950094585265665,-0.06356613024094704,-0.2907266311730081,-0.2907266311730081,0.0750827803523193,-0.4631982517348464,-0.7881780962128966,-0.7881780962128966,-0.7878787878787878,0.0,2.504334880462387,0.9538245423237266,0.9186998459917322,3.5956815935528015,0.3886866946166312,0.17721518987341778,-0.06382978723404242,-0.06052855924978684,0.05882352941176472,0.028888888888888964,-0.12465581977471851,,0.12561393064444104,-0.04659498207885304,-0.014285714285714346,0.32023591620907066
1998-06-30,-0.05704315920614844,-0.08310458774081864,-0.2979643723894273,-0.31083631881043183,0.020582728098048175,-0.15141343008556285,-0.7020214222436982,-0.7020214222436982,-0.7142857142857143,-0.9375,-1.0526789284286286,-0.5528909710786929,-0.5541802205230029,-1.2358264264562344,-0.06600667706968322,0.17790811339198442,-0.05681818181818188,-0.042649727767695156,0.017094017094017033,0.11231101511879049,0.14869888475836435,,0.08237471902684113,-0.03383458646616533,-0.007246376811594013,0.33045782241666144
1998-09-30,0.10833611843929769,-0.13383444743387052,0.6891015842406853,0.7008464425457159,-0.02038305975231769,0.37897890820947033,-7.83054054054054,-7.83054054054054,-8.0,-8.0,5.254743833017078,2.417263201576927,0.0029375533023785483,4.443563661873027,-0.384704622523648,-0.028215767634854783,-0.37065910701630045,-0.376303317535545,-0.02941176470588225,-0.044660194174757306,-0.052028877271595775,,-0.11617395553383825,-0.3748378728923476,-0.007299270072992692,-0.49073731011485733
1998-12-31,0.20167427799327875,0.31527182986136304,0.37015551543784264,0.37226345910975267,0.13728797326920206,1.1164902772182956,-3.8699006845249873,-3.8699006845249873,-3.8333333333333335,-3.738095238095238,-3.021843003412969,-0.9197304107592823,-0.3944633408919124,-1.6875306064589295,0.4298686648940455,-0.040990606319385225,0.2173423423423424,0.21732522796352605,0.1341991341991342,-0.012195121951219412,0.45640756302521024,,-0.05362819626814108,0.1390041493775933,0.07352941176470584,-0.04156056747908321
1999-03-31,-0.03696462322074978,-0.07568938008138326,-0.19067732025457518,-0.1918621359754762,0.033805689797942406,-0.46607453547500266,-0.6978671188870966,-0.6978671188870966,-0.6974789915966386,-0.7130434782608696,1.4014929852201967,10.570915279878971,-0.7264783897643938,0.2136042435943093,0.36485199564974846,0.006233303650934996,0.1036077705827938,0.09612983770287142,0.026717557251908275,-0.11316872427983549,-0.1849981968986657,,0.07360887980137276,0.08561020036429867,0.006849315068493178,0.143799221937565
1999-06-30,-0.04303044885477225,-0.0951349073252965,-0.24669166575989154,-0.2490760301258631,0.030375710292624758,-0.32983825668649447,-0.8938578077941042,-0.8938578077941042,-0.8888888888888888,-0.8787878787878788,-1.0210796794701573,-0.07951035350646374,9.651454649172846,-1.621959318578467,-0.16626205575373232,0.11061946902654873,-0.06035205364626994,-0.0637813211845103,0.01858736059479571,0.08352668213457082,-0.008407079646017723,,0.07658821928989257,-0.025167785234899376,-0.04081632653061229,0.20498568999128963
1999-09-30,0.16284404998464774,0.23308861629105215,0.4659633216109158,0.4697110641296687,0.08296831355004186,0.8207984096281968,6.795356835769561,6.795356835769561,6.249999999999999,6.000000000000001,36.473138199333086,-0.936419161251376,0.8318337617823479,0.6557735286814006,-0.3301904544959344,0.28605577689243034,0.5031222123104371,0.5097323600973238,0.06934306569343063,0.26124197002141325,0.30946006247211066,,-0.06861258529188785,0.49569707401032703,0.014184397163120588,-0.16099273691094984
1999-12-31,0.17652175645918233,0.2026197794449769,0.19542651846181247,0.1982968276496988,0.16977834133838732,0.7725406994071771,4.121387602029561,4.121387602029561,4.06896551724138,3.928571428571428,-1.1951354558038363,8.31192404356325,0.18108993100222204,-1.3322235220012597,0.16377347331066106,0.45105328376703846,0.08783382789317495,0.10394842868654308,0.15017064846416384,0.35653650254668934,-0.11330720736070876,,-0.005698005698005715,0.10932105868814723,-0.006993006993006978,0.003610404529416744
2000-03-31,0.009775832529478778,-0.0769727052991529,-0.14746890018894487,-0.1507183466502766,0.06709555743280338,-0.5100426009379198,-0.9630415351977687,-0.9630415351977687,-0.9659863945578231,-0.9710144927536232,5.5585224969598706,1.5881964853355726,0.11089657903856631,3.011059949440231,0.5644614133611161,-0.08625106746370637,-0.20676486633933433,-0.19635036496350367,0.059347181008901906,-0.20525657071339176,-0.18966179861644883,,0.05676081320780457,-0.14730290456431538,-0.05633802816901401,0.08682855040470927
2000-06-30,-0.13026623903810408,-0.254705999946124,-0.42869414210226875,-0.436502551808882,-0.043355321082139464,-0.47403274744914425,-13.316724941724942,-13.316724941724942,-12.999999999999998,-17.25,-0.9823468969939508,-0.4539892939077237,-0.8534471233120906,-1.4705412310220252,-0.16977239965078272,-0.23317757009345785,-0.4181568088033013,-0.40599455040871935,-0.04761904761904756,-0.27559055118110243,-0.10552525492055975,,0.09980632666236278,-0.36739659367396593,-0.059701492537313494,0.3226134055517944
2000-09-30,0.07531962576446927,0.10735000656301552,0.4391382172031113,0.45091874753339534,0.012043800991442977,0.420551812350209,-0.0795344325897187,-0.0795344325897187,-0.5499999999999999,-0.5384615384615385,-20.79824945295405,-0.620363296833885,5.212102782423598,-0.4110837379511588,-0.12042688891497433,0.3942717854966482,-0.7990543735224586,-0.7951070336391437,-0.00588235294117645,0.46304347826086967,1.3107104984093318,,-0.058816623620568276,-0.7711538461538461,-0.11111111111111105,-0.23681142109603848
2000-12-31,0.19924311720921883,0.39049035911108665,0.46701522374288795,0.47552418536891206,0.1330181946715765,1.9118644838562981,-3.2611221054254798,-3.2611221054254798,-3.6666666666666665,-3.1,-1.9787793717809854,-0.14689770821688097,-0.6713415081870915,-2.8055397611891806,0.24720575641980935,-0.010489510489510412,-0.3529411764705883,-0.35074626865671643,0.1272189349112427,-0.004457652303120341,5.111863240018358,,-0.05525757764749906,-0.34453781512605053,0.0,-0.057609181696229084
2001-03-31,0.031139420732892775,0.011510853584709935,0.0623103958564557,0.062405289123988794,0.021157726800642873,-0.5201532361213708,-1.2032326263384028,-1.2032326263384028,-1.0972222222222223,-1.1111111111111112,3.350007904424219,1.1240990695845894,2.110366398570152,3.3981014936116614,0.87173748272326,-0.05035335689045939,-2.0545454545454547,-2.0459770114942533,-0.047244094488189003,-0.15820895522388068,2.228773629179103,,-0.009638236070768413,0.0,-0.0267857142857143,-0.04792408066429421
2001-06-30,-0.0652250532664016,-0.1039675007664338,-0.2706437860411932,-0.27357025639215826,0.00320588738595462,-0.40782086540495677,1.5309843400447427,1.5309843400447427,3.1428571428571423,3.7142857142857144,-1.1567123885075852,-0.14710963045221792,-0.18689843413302687,-1.1155317560172258,-0.05380741855878346,0.29488372093023263,0.2155172413793105,0.20879120879120872,0.04683195592286493,0.3599290780141844,0.0,,0.07319024130116003,0.0,-0.03669724770642202,0.2334911537503117
2001-09-30,0.004014032822903024,0.01254624416921346,0.10458587828024601,0.10799781380943707,-0.020343791770545905,0.31990107172300086,-0.2746718522119591,-0.2746718522119591,-0.31034482758620685,-0.2727272727272728,0.6860361106509856,1.8700133820391334,-0.7237926972909305,4.242286068440391,-0.2981146610342301,-0.05639367816091956,-0.44680851063829785,-0.4545454545454545,-0.023684210526315752,-0.09908735332464147,0.0,,-0.024223602484472084,0.0,-0.01904761904761909,-0.08616161616161622
2001-12-31,0.3100261793050585,0.5738735342819832,0.8905975886080282,0.9045384955477362,0.15148447744485538,2.4680707540098936,-5.030343650987082,-5.030343650987082,-6.05,-4.833333333333334,-2.384709095553416,-1.0764684384963392,1.1915778251599147,-1.8084328396020877,0.34336902135901437,0.0315949752569471,-5.371794871794871,-5.283333333333333,0.14285714285714302,0.05643994211287984,0.0,,-0.12106938255887967,1.9871794871794877,0.06796116504854366,-0.1736118787074905
2002-03-31,0.0023599526475883703,-0.014152900249681633,-0.13099148673470162,-0.13094644268623046,0.06214968241289309,-0.43606266463995924,-0.6424953889879963,-0.6424953889879963,-0.6237623762376238,-0.6630434782608696,3.1942473606538764,-24.00906394199077,0.11986184754584817,0.8623463173618293,0.47602112469228763,0.052767527675276815,1.6656891495601172,1.6420233463035019,0.009433962264151052,-0.07808219178082187,-0.8815174418604651,,0.05967555040556194,1.5278969957081543,0.04545454545454519,0.1343795978420792
2002-06-30,-0.015010821631965654,-0.01932335713287925,-0.14981582178565167,-0.14943640144641512,0.03443996351627199,-0.2933694705668195,-0.8434506818902632,-0.8434506818902632,-0.8157894736842105,-0.8387096774193548,-0.9775253148925661,-0.9971565474613054,-0.1358325007601755,-0.7996948757067217,0.06459898774659667,0.05573080967402744,0.43784378437843796,0.42709867452135497,0.07943925233644866,0.04606240713224352,-0.5521370037783994,,0.05016402405686171,0.395585738539898,0.026086956521739202,0.1530086860826163
2002-09-30,0.10348504807735392,0.14944455847795934,0.17419897253914884,0.17801655895559199,0.08216540848276943,0.36635351824958273,5.78471096704484,5.78471096704484,4.428571428571428,5.8,11.332681017612524,205.70780856423173,1.0426761837740024,0.09019377240143367,0.06615205815087566,0.008300132802124827,0.4261667941851568,0.415892672858617,0.0670995670995671,-0.06676136363636365,-0.36014024323435956,,-0.01926330860341019,0.3819951338199514,0.025423728813559254,-0.024270520861739864
2002-12-31,0.33238318756310625,0.4849948236779211,0.6461218806144546,0.6449354231753908,0.22974923605408004,1.7205142340514676,3.981068598956882,3.981068598956882,3.7105263157894735,3.970588235294117,1.3794766008349,0.33211069544130734,0.2143120801240248,2.5598849305216653,0.22088192123620054,0.009219624629568601,0.3530042918454934,0.3476676384839652,0.21298174442190687,-0.05327245053272456,-0.3520547945205479,,-0.07697412076974108,0.25616197183098577,0.07438016528925617,-0.09722610396869769
2003-03-31,-0.041239727349376754,-0.009405566731267467,-0.2330721730916,-0.23536565764800432,0.04276243332793861,-0.6246087056607383,-0.9630723486226066,-0.9630723486226066,-0.9497206703910615,-0.9585798816568047,1.210622701227551,1.4880759625675788,-0.5340047825558303,0.3270633563497045,0.2400922633499898,-0.11908646003262635,-0.18556701030927825,-0.17739318550567873,0.02341137123745818,-0.27331189710610937,-0.4030126849894292,,0.08756290438533432,-0.10511562718990886,-0.08461538461538465,0.2954994001780118
2003-06-30,-0.0048017976438557985,0.0028114154035006056,-0.2349293833964864,-0.22967859920543165,0.06931321610610852,-0.23697234037959103,0.9878787878787878,0.9878787878787878,0.44444444444444464,0.714285714285714,-1.0796187877226813,-0.3300758486556442,2.1746031746031744,-1.7573548201188514,-0.14663024542234437,0.25555555555555554,-0.059883154819863726,-0.04339250493096658,0.05882352941176472,0.2256637168141593,0.3957503320053122,,0.07443151771549439,0.025841816758026548,-0.0672268907563024,0.3018191594228874
2003-09-30,0.11448371371640365,0.14428988108593233,0.24068010132845785,0.24068010132845785,0.08540460951193252,0.4998118178396689,3.1696428571428568,3.1696428571428568,1.0,1.0833333333333335,-2.823263676372009,2.0772396988123725,-0.15509589041095895,2.1197289264741777,-0.5360473765167504,0.25427728613569345,-0.01812532366649411,-0.00412371134020606,0.07253086419753085,0.18411552346570392,0.21503330161750722,,-0.026085886551002857,0.04885496183206106,-0.05405405405405406,-0.0776944081136276
2003-12-31,0.2756532777182108,0.3261208284561681,0.54235619933321,0.54235619933321,0.20540591425750754,1.7836020414901745,4.122160129524207,4.122160129524207,4.076923076923077,4.04,0.26035039483359435,-1.1326264914126731,-0.5314698920198451,-1.453054959822538,0.5234562977733466,0.09948259642521151,0.26793248945147696,0.2850241545893719,0.20143884892086317,0.025914634146341653,0.14591490472461488,,-0.05508528111181299,0.2802037845705969,0.00952380952380949,-0.14019156611518835
2004-03-31,0.018626431362305906,0.0008826644293455921,-0.14171582444849007,-0.14171582444849007,0.07266472293866033,-0.5943722154402798,-0.7704794338968534,-0.7704794338968534,-0.7803030303030303,-0.7777777777777778,6.130357029615068,11.862489074161232,1.130216623987819,7.009116997231887,2.7519153243398895,0.022459893048128343,0.04908485856905154,0.059613319011815324,0.05868263473053892,-0.15007429420505214,-0.26423690205011396,,0.05308196282925515,0.10972143263217737,-0.047169811320754707,0.16614583333333321
2004-06-30,-0.008931924292428617,-0.023707858336193377,-0.1365324893077633,-0.18866657528594555,0.02547717668810523,-0.2787133709427303,-0.7309529098178587,-0.7309529098178587,-0.7241379310344827,-0.7142857142857143,-1.117105691461829,-2.0412652545323198,-0.2807550480027291,-1.644765120887832,-0.4729155280398719,0.0807531380753137,-0.07454401268834254,-0.07095793208312218,0.02262443438914019,0.020979020979021046,-0.0727554179566563,,0.03478923311325555,-0.015881147540983687,-0.05940594059405946,0.20331497196168913
2004-09-30,0.09863341954883298,0.11558457005036948,0.27622417989808246,0.2957466705802849,0.05830965249700082,0.6581557359008992,3.0145717234262124,3.0145717234262124,3.0,2.875,-2.351464244486299,-1.123954055763612,-0.06875056463998552,-1.248698257327036,0.22313931436649903,-0.02690669763840481,-0.04455869751499564,-0.04582651391162029,0.053097345132743445,-0.047945205479452135,-0.03806343906510856,,-0.036809815950920144,-0.02394586153045286,-0.021052631578947323,-0.13904239524909268
2004-12-31,0.19808110666535228,0.203489864888309,0.3836026068372309,0.4015991212866723,0.14728280538939043,0.9949631703663961,2.856950428264424,2.856950428264424,2.84375,2.8064516129032255,0.5385557740938467,-5.890415286294013,-0.2610108653473031,-2.672053152992822,-0.30503540337627144,0.05669385319275899,-0.09820627802690585,-0.10005717552887361,0.13760504201680668,0.003597122302158251,-0.04477611940298509,,-0.04229299363057326,-0.01440000000000008,-0.08602150537634412,-0.14135511220750596
2005-03-31,-0.014896256402892605,-0.028668943589673646,-0.21813917122752147,-0.22196757634443154,0.04891896576230148,-0.6121584114869129,-0.9802132764596108,-0.9802132764596108,-0.983739837398374,-0.9745762711864406,2.462324589277757,-0.5864041102697116,1.7575319986872335,-1.725296662385551,0.31846820986276514,0.18298192771084354,-0.1969169567379413,-0.19313850063532412,0.05355493998153271,0.03942652329749108,0.234375,,0.06477786645384409,-0.12824675324675328,-0.07058823529411762,0.248444952720984
2005-06-30,-0.10343249427917622,-0.11953588774959523,-0.13937282229965153,-0.14251207729468596,-0.09462550028587768,-0.3408934956119759,-8.814605227701428,-8.814605227701428,-10.5,-7.333333333333334,-1.0654052594267966,-0.8518287139933763,-4.7847230487253345,-2.2913913763753646,-0.31181102362204727,-0.14640356460852966,-0.19071207430340553,-0.19133858267716541,-0.0858895705521473,-0.18965517241379304,-0.01295260523991748,,0.009743910056214888,-0.14525139664804476,-0.05063291139240511,0.026810849457080232
2005-09-30,-0.04185809086268499,-0.047808764940239,0.02294197031039147,0.026760563380281654,-0.05778339122197662,0.8493150684931507,-1.8793103448275863,-1.8793103448275863,-1.8947368421052633,-1.8421052631578947,-1.3870967741935485,-1.5675675675675675,0.04088050314465419,-0.24494949494949492,-0.3421052631578947,0.10309470544369881,-0.11476664116296875,-0.1119766309639727,-0.047938638542665335,0.20638297872340416,0.32687145839546683,,-0.0165780032166275,-0.09731299927378356,-0.026666666666666727,-0.07263153313895299
2005-12-31,0.1537027171017582,0.1786289024782748,0.28891820580474925,0.2990397805212619,0.11963806970509383,0.8814814814814815,4.078431372549019,4.078431372549019,4.0588235294117645,4.1875,22.166666666666668,24.19047619047619,-1.2749244712990937,-3.9665551839464883,1.542608695652174,-0.04512421835389557,-0.30942091616248923,-0.3048245614035088,0.10775427995971798,0.003527336860670305,0.07619689817936615,,-0.02956346710278035,-0.2711182622687047,-0.04109589041095896,-0.09270295635851711
2006-03-31,0.012699145693835234,-0.17749863462588744,-0.011258955987717534,-0.08236536430834218,0.02005387608500442,-0.4952755905511811,-1.0617760617760619,-1.0617760617760619,-1.058139534883721,-1.0602409638554218,0.21223021582733814,-2.1739130434782608,-0.39560439560439564,-1.2480270574971815,-0.15047879616963067,-0.03769911504424783,-0.0838548185231539,-0.09148264984227128,0.01181818181818195,-0.1318101933216168,0.36821219715956555,,0.007259528130671544,-0.11699779249448117,0.028571428571428692,-0.10364891773772267
2006-06-30,-0.04400364797081624,-0.06573705179282874,-0.22256728778467905,-0.22324510932105868,0.0061619718309859906,-0.35569422776911075,4.0625,4.0625,4.2,4.2,-1.1127596439169138,-1.0177133655394526,-0.509090909090909,-1.0272727272727273,0.004830917874396157,-0.1007908773220525,-0.11612021857923505,-0.11284722222222221,0.004492362982928988,-0.11133603238866407,-0.0048847504197833125,,0.05250965250965245,-0.11250000000000004,0.0,0.20276391333198696
2006-09-30,0.07584068685905088,0.06929637526652455,0.20772303595206387,0.2340740740740741,0.04724409448818889,0.8983050847457628,-1.2716049382716048,-1.2716049382716048,-1.2692307692307692,-1.2692307692307692,-0.8421052631578947,-8.818181818181818,1.074074074074074,-7.0,-0.028846153846153855,0.013499693188791184,-0.1731066460587325,-0.17416829745596862,0.04114490161001805,0.009111617312072884,0.1178094799815923,,-0.0265346050379065,-0.16619718309859144,-0.01388888888888895,-0.1335364244764805
2006-12-31,0.11793393925958773,0.1734795613160518,0.2844542447629548,0.3157262905162064,0.0799220272904484,0.6339285714285714,6.2727272727272725,6.2727272727272725,6.428571428571428,6.142857142857142,-38.833333333333336,2.63953488372093,0.125,-0.6388888888888888,-0.010726072607260773,0.11059535822401623,-0.5551401869158878,-0.5545023696682465,0.07474226804123707,0.06772009029345383,0.27995059695347857,,-0.034040949629443595,-0.5388513513513513,-0.028169014084507116,-0.10810586346270978
2007-03-31,0.020424350584969275,0.01869158878504673,-0.043776824034334805,-0.06386861313868608,0.03971119133573997,-0.5214676034348166,-1.15625,-1.15625,-1.1538461538461537,-1.16,-0.05726872246696035,-0.6837060702875399,-0.3015873015873016,-14.23076923076923,0.14345287739783164,-0.06959840087225144,-0.1428571428571429,-0.1436170212765958,0.03437250199840136,-0.13530655391120516,1.1112898037954326,,0.01885565669700906,-0.09890109890109888,-0.05797101449275355,0.08818325728652576
2007-06-30,-0.023513408472600084,-0.05615790936891851,-0.12746858168761221,-0.41325536062378165,0.005208333333333259,-0.3556280587275693,4.28,4.28,4.25,4.25,-1.897196261682243,4.525252525252525,-0.40909090909090906,-5.116279069767442,-0.5164113785557987,-0.014257812500000022,-0.6862745098039216,-0.6832298136645962,0.003863987635239541,-0.046454767726161306,0.11431037984968517,,0.02948308870453098,-0.6707317073170732,-0.04615384615384621,0.6086200011409664
2007-09-30,0.09850746268656718,0.13490427098674518,0.4907407407407407,0.760797342192691,0.004441154700222105,0.620253164556962,0.4772727272727273,0.4772727272727273,0.4761904761904763,0.4761904761904763,-0.45833333333333337,-1.7586837294332724,2.5,-1.5805084745762712,0.6199095022624435,0.036457301367148975,-8.484375,-8.254901960784313,-0.005388760585065433,0.03333333333333344,2.4055963177323063,,-0.08566823704438375,0.0,-0.08064516129032262,-0.3554570440641901
2007-12-31,0.16757246376811596,0.2709576953023618,0.4782608695652173,0.649056603773585,0.05698845492507987,1.3484375000000002,-0.8307692307692307,-0.8307692307692307,-0.8387096774193548,-0.8387096774193548,-4.355769230769231,-0.14939759036144573,-0.03296703296703296,0.9562043795620438,0.7486033519553073,0.09826037086599126,0.9540709812108561,0.881081081081081,0.051083591331269274,0.10421836228287829,0.0,,-0.09477966101694923,0.0,0.0,-0.229277284106853
2008-03-31,-0.05989138867339028,-0.19848887073718602,-0.19701213818860874,-0.2568649885583524,0.008366256100394986,-0.2501663339986693,1.8484848484848486,1.8484848484848486,2.0999999999999996,2.0999999999999996,-0.18338108882521487,-2.8413597733711047,-0.5681818181818181,-1.404228855721393,-0.1730564430244942,-0.10791993037423853,0.15705128205128194,0.13218390804597702,0.003681885125184081,-0.15280898876404503,0.0,,0.07264829239065307,0.0,0.12280701754385981,0.07856505443512396
2008-06-30,-0.04703746492820593,-0.07847133757961788,-0.1581395348837209,-0.20246343341031559,-0.002996082046554549,-0.2866015971606034,0.010638297872340496,0.010638297872340496,-0.032258064516129115,-0.032258064516129115,-2.0210526315789474,-0.8523076923076923,-0.10526315789473684,0.08923076923076922,-0.2279459111397295,-0.04117073170731711,-0.09602954755309323,-0.11040609137055835,-0.0044020542920030215,-0.04244031830238726,0.0,,0.04622259460969147,0.0,0.0625,0.15544744506221875
2008-09-30,0.03255975060616567,0.06027094277025169,0.33563535911602216,0.48069498069498073,-0.06888580674988443,0.11194029850746268,2.263157894736842,2.263157894736842,2.2333333333333334,2.2333333333333334,-0.5738831615120275,-2.958333333333333,0.5,-1.2768361581920904,0.08173477898248538,-0.09910459910459901,0.2788559754851889,0.25249643366619123,-0.07516580692704489,-0.09695290858725769,0.0,,-0.09823812066203952,0.0,0.04411764705882337,-0.28393435110130893
2008-12-31,-0.12713854411271386,-0.05162972620599737,0.11220268872802475,0.16558018252933504,-0.24205561072492554,0.8501118568232662,1.067741935483871,1.067741935483871,1.061855670103093,1.061855670103093,-2.709677419354839,-1.4734042553191489,-1.156862745098039,-0.16326530612244894,0.0632228218966846,-0.383555455161509,1.3130990415335466,1.2585421412300684,-0.24382470119521915,-0.33435582822085885,0.0,,-0.13158673771462404,0.0,0.09859154929577474,-0.18635999999999997
2009-03-31,-0.10107609531129902,-0.14215012372834757,-0.2821943282194328,-0.3646532438478747,0.02653128070750088,-0.48004836759371217,-0.9344773790951638,-0.9344773790951638,-0.935,-0.935,0.014150943396226356,-1.2247191011235956,-2.75,1.951219512195122,0.17548948513415508,-0.36167094173689984,0.03349447513812143,0.015128593040847127,0.02212855637513167,-0.1520737327188939,0.0,,0.14181012442474872,0.0,0.0,0.350228602330269
2009-06-30,0.009405728943993052,0.017948717948717885,0.11463730569948183,0.10915492957746475,-0.04243777919591574,-0.25116279069767444,4.571428571428571,4.571428571428571,4.538461538461538,4.538461538461538,-2.525581395348837,-6.6,-0.7857142857142857,-2.71900826446281,-0.25663170882171504,0.18369690011481055,0.24089542265285657,0.18529557873820157,-0.043298969072164906,0.15760869565217384,0.0,,-0.05135094790267214,0.0,0.012820512820512775,-0.08225013653741131
2009-09-30,0.05929690808979249,0.016057934508816096,0.3631609529343405,0.5182539682539682,-0.11496167944018665,0.22360248447204967,0.670940170940171,0.670940170940171,0.6805555555555556,0.6805555555555556,-1.0182926829268293,0.8214285714285714,6.333333333333333,-0.6081730769230769,-0.13526970954356843,-0.034432589718719764,0.1892837910608507,0.11860854987426661,-0.1206896551724137,0.009389671361502261,0.0,,-0.16443745082612105,0.0,0.025316455696202445,-0.33075458224232324
2009-12-31,-0.012594962015193945,-0.13789897737836998,-0.002557544757033292,-0.02195504443282803,-0.021460843373493965,0.5774111675126903,-0.7902813299232736,-0.7902813299232736,-0.7933884297520661,-0.7933884297520661,35.833333333333336,-0.24019607843137258,-0.40909090909090906,-1.441717791411043,0.06909788867562372,-0.07332998493219489,-0.4045732397554901,-0.4196328212813788,-0.02450980392156865,0.051162790697674376,0.0,,-0.009039548022598876,0.0,-0.09876543209876554,-0.11856067342462506
2010-03-31,-0.059323749746912346,-0.07081236520488854,-0.1807692307692308,-0.15873864243719937,0.05001923816852627,-0.21238938053097345,-1.3658536585365852,-1.3658536585365852,-1.3599999999999999,-1.3599999999999999,0.14479638009049767,-0.34838709677419355,0.15384615384615374,1.2083333333333335,0.14272890484739675,-0.06016260162601628,-0.06273764258555137,-0.09489993544222086,0.04020100502512558,-0.03539823008849541,0.0,,0.11630558722919049,0.0,0.041095890410958846,0.10451274463649196
2010-06-30,-0.08631080499354282,-0.13810444874274663,-0.22117892540427753,-0.25984752223634056,0.008427995602784843,-0.16751787538304397,2.2,2.2,2.2222222222222223,2.2222222222222223,-1.5849802371541502,-0.4752475247524752,-0.9333333333333333,-2.3584905660377355,-0.16967792615868027,-0.010957324106113053,-0.4754563894523327,-0.47432239657631947,0.006038647342995196,-0.05045871559633042,0.0,,0.10367722165474968,0.0,0.06578947368421062,0.16446447055958102
2010-09-30,0.05865724381625448,0.11535008976660688,0.2431346282652378,0.3459227467811159,-0.04142441860465118,-0.2257668711656442,-3.09375,-3.09375,-3.103448275862069,-3.103448275862069,-0.09459459459459463,-2.830188679245283,15.0,-0.9953703703703703,-0.0009460737937558861,-0.07113702623906704,-0.5467904098994586,-0.5345997286295794,-0.0456182472989195,-0.07729468599033817,0.0,,-0.09455498997377743,0.0,-0.012345679012345734,-0.17130307467057104
2010-12-31,0.05184690698709393,0.09215291750503019,0.2764008620689655,0.2806122448979591,-0.10614101592115244,0.6687797147385104,0.6019900497512438,0.6019900497512438,0.5901639344262295,0.5901639344262295,-3.6044776119402986,-1.5257731958762886,-1.0,-298.0,0.28125,0.02699309478970502,1.5870307167235498,1.556851311953353,-0.1132075471698114,0.0785340314136127,0.0,,-0.1502555366269166,0.0,-0.03749999999999998,-0.14714790509843523
2011-03-31,0.04252168394330447,0.1171702284450995,-0.0021105951878429563,-0.003486055776892427,0.08736217133163704,0.03513770180436837,-1.468944099378882,-1.468944099378882,-1.463917525773196,-1.463917525773196,-0.27507163323782235,-0.8431372549019608,-inf,-0.23905723905723908,0.16703621581670358,0.06968215158924207,-0.29353562005277045,-0.3158494868871152,0.09361702127659566,0.20388349514563098,0.0,,0.0431034482758621,0.0,0.012987012987013102,0.1210417283219889
2011-06-30,-0.11627435064935066,-0.22361477572559363,-0.3210659898477157,-0.38780609695152424,0.07254290171606859,-0.08348623853211012,0.4635761589403973,0.4635761589403973,0.48888888888888893,0.4666666666666668,-2.08300395256917,7.0,0.875,-2.7964601769911503,-0.2571247625079164,0.26,-0.4528478057889823,-0.45666666666666667,0.08041504539559008,0.15322580645161277,0.0,,0.21372285220065335,0.0,0.0512820512820511,0.2682154171066524
2011-09-30,0.24799081515499433,0.09090909090909083,0.8037383177570094,0.513469387755102,-0.07636363636363641,-0.2842842842842843,-2.5384615384615383,-2.5384615384615383,-2.5373134328358207,-2.5606060606060606,-0.22992700729927007,6.984375,-7.653333333333333,-0.4014778325123153,-0.2071611253196931,-0.0321995464852608,0.9385665529010241,0.8312883435582825,-0.08043217286914761,-0.10489510489510478,0.0,,-0.2600158353127474,0.0,-0.03658536585365846,-0.2791944213155704
2011-12-31,0.048022079116835314,0.09267912772585674,0.18514680483592394,0.2928802588996764,-0.1082677165354331,0.4839160839160839,-0.3970588235294118,-0.3970588235294118,-0.3980582524271845,-0.3980582524271845,-3.251184834123223,-0.776908023483366,-1.0721442885771544,-2.2839506172839505,0.3354838709677419,0.0534208059981256,-0.397887323943662,-0.4321608040201005,-0.10835509138381205,0.14453125,0.0,,-0.1491547185961909,0.0,-0.03797468354430378,-0.15486246480398524
2012-03-31,-0.035990168539325795,-0.07020669992872419,-0.11600116584086273,-0.11556111806424696,0.0852097130242826,0.289349670122526,-2.951219512195122,-2.951219512195122,-2.9838709677419355,-3.0,-0.3957894736842106,-1.0,5.888888888888889,-0.8365384615384616,0.04106280193236711,-0.16281138790035588,-1.4444444444444444,-1.4277286135693217,0.1317715959004393,-0.058020477815699745,0.0,,0.12575452716297786,1.2592592592592595,0.03947368421052633,0.051341192550828474
2012-06-30,-0.12128938262611544,-0.2522039095438865,-0.250576986482031,-0.369811320754717,0.03824247355573629,-0.30190058479532167,-0.49750000000000005,-0.49750000000000005,-0.4878048780487805,-0.49193548387096775,-1.8501742160278747,-inf,-0.7096774193548387,-8.333333333333332,-0.2892498066511988,-0.24017003188097763,-0.25,-0.2827586206896553,0.03751617076325986,-0.32971014492753614,-0.9234567570822572,,0.18163538873994645,-0.2513661202185792,-0.03797468354430378,0.18656049402778918
2012-09-30,0.07585492227979285,0.19528446950281908,0.3361196656401231,0.5314371257485031,-0.15595611285266453,-0.2554973821989529,-2.8955223880597014,-2.8955223880597014,-2.9206349206349205,-2.9206349206349205,-0.8852459016393442,-3.05,0.625,-0.8716577540106951,-0.05223068552774757,-0.1104895104895105,-0.7192982456140351,-0.7307692307692308,-0.1197007481296758,-0.14054054054054055,0.0108391608391607,,-0.21554169030062398,-0.7299270072992701,0.013157894736842035,-0.21947545024994863
2012-12-31,-0.029281448661144238,-0.04416809605488847,0.014487981560750818,0.04887585532746819,-0.09099350046425259,0.2967651195499297,-0.8818897637795275,-0.8818897637795275,-0.8760330578512396,-0.8760330578512396,-13.964285714285714,-0.060975609756097615,0.3504273504273505,-6.979166666666667,0.3295063145809414,0.07389937106918243,10.984375,11.178571428571429,-0.07507082152974498,0.21383647798742134,4.906260809408509,,-0.0633887683779224,10.945945945945946,0.0,-0.08869977188980516
2013-03-31,0.00615201428854939,0.043068640646029666,-0.09023044466082442,-0.10671015843429632,0.15781409601634322,0.31127982646420826,-8.177777777777777,-8.177777777777777,-8.200000000000001,-8.133333333333333,-0.35812672176308535,-2.12987012987013,-1.0126582278481013,-0.5331010452961673,0.11571675302245255,0.20937042459736444,-0.4276401564537158,-0.42815249266862165,0.1470137825421134,0.31088082901554404,-0.9051537335285506,,0.1505404014410705,-0.41628959276018107,-0.025974025974025983,0.16761336285741812
2013-06-30,-0.09171597633136097,-0.18967741935483873,-0.2461648234034962,-0.3604590505998957,0.0992501102779002,-0.21505376344086025,-0.31269349845201233,-0.31269349845201233,-0.3240740740740742,-0.33644859813084116,-2.0643776824034337,-0.9770114942528736,9.5,-2.7611940298507465,-0.1826625386996904,0.22639225181598066,0.22323462414578588,0.22564102564102573,0.08544726301735661,0.06719367588932812,0.8397653596789134,,0.2104674569447551,0.21705426356589141,0.01333333333333342,0.2670679419525064
2013-09-30,0.09359391965255148,0.2420382165605095,0.30146710837671553,0.5097879282218598,-0.0826645264847512,-0.2676501580611169,-2.22972972972973,-2.22972972972973,-2.219178082191781,-2.2535211267605635,-0.9758064516129032,-2.5,0.33333333333333326,-1.1440677966101696,0.032196969696969724,0.2630799605133267,0.8789571694599629,0.9246861924686192,-0.0897908979089791,0.16666666666666652,0.02248699446215796,,-0.16130820399113077,0.9140127388535033,0.0,-0.17732804060649443
2013-12-31,0.10663224781572667,0.2482905982905983,0.29781818181818176,0.4365207995678011,-0.12335958005249348,0.162589928057554,0.1282051282051282,0.1282051282051282,0.12359550561797761,0.12359550561797761,-115.16666666666667,-9.666666666666666,-0.9642857142857143,18.294117647058822,0.6018348623853211,-0.07385697538100822,-1.157581764122894,-1.1543478260869566,-0.12567567567567572,0.01587301587301604,-0.47431478746102085,,-0.20775501211720648,0.0,-0.052631578947368474,-0.1310710330643885
2014-03-31,0.025659429391710065,0.07428962684012319,-0.07705239562902777,-0.10116585182399396,0.2085828343313374,0.38985148514851486,-2.1915584415584415,-2.1915584415584415,-2.19,-2.19,-0.5897810218978102,9.615384615384615,38.0,-0.9451219512195121,0.020618556701030855,0.09240506329113929,-1.220125786163522,-1.2112676056338028,0.19010819165378678,0.25,0.0,,0.17825361512792015,-0.9633943427620633,-0.05555555555555547,0.19526627218934922
2014-06-30,-0.04198740377886634,-0.06628425748884637,-0.16120218579234968,-0.25271966527196654,0.12014863748967786,0.08103294746215495,-0.08719346049046317,-0.08719346049046317,-0.10084033613445365,-0.1260504201680671,-0.9857651245551602,-0.25,-1.8461538461538463,-7.333333333333333,-0.12794612794612792,0.23252220934723833,13.685714285714285,13.8,0.1272727272727272,0.03499999999999992,98.62535123321885,,0.16922350719848955,13.318181818181817,0.02941176470588225,0.24942878903274934
2014-09-30,0.10135135135135132,0.20546075085324222,0.21643141512848363,0.3365061590145577,-0.015849612974566885,-0.18451400329489287,-0.991044776119403,-0.991044776119403,-0.9906542056074766,-0.9903846153846154,44.75,-0.8743961352657005,1.1818181818181817,-1.3070175438596492,0.04504504504504503,0.12409902851770593,2.149805447470817,2.1396396396396393,-0.010368663594470084,-0.0024154589371979673,-0.9669382638671263,,-0.1063786838918046,2.0476190476190474,0.04285714285714293,-0.09801889667784214
2014-12-31,0.02255015751948264,0.0628539071347678,0.03540612912823571,0.2857142857142858,0.006367041198501955,0.13737373737373737,46.333333333333336,46.333333333333336,45.0,43.0,2.726775956284153,0.03846153846153855,0.25,6.742857142857143,0.33374384236453203,0.1282408698076387,0.99444101297097,1.077474892395983,0.0093131548311991,0.1404358353510895,-0.6906161137440758,,-0.015812062344703004,0.98125,0.041095890410958846,-0.17334594850307494
2015-03-31,-0.003243067942273359,-0.009057005860415579,-0.10603448275862071,-0.10492016943629845,0.12988462969854853,0.052397868561278926,1.7816901408450705,1.7816901408450705,1.7826086956521738,1.6818181818181817,-0.7096774193548387,6.777777777777778,-0.33333333333333337,-1.1808118081180812,-0.04524469067405357,0.2873733629849271,-0.024156085475379507,0.014502762430939065,0.11303344867358711,0.27600849256900206,-0.40441176470588236,,0.13357815010328222,0.018927444794952564,0.0,0.10709614126880318
2015-06-30,-0.0693020985846754,-0.1059139784946237,-0.23336547733847635,-0.2613760465962869,0.09881422924901195,0.0151898734177216,0.11898734177215187,0.11898734177215187,0.109375,0.1186440677966103,-1.3585858585858586,-0.33333333333333337,-0.21666666666666667,1.6326530612244898,-0.1247582205029013,0.18790786948176574,0.06283719454141545,0.11095983662355358,0.10880829015544036,0.06655574043261248,0.19238683127571998,,0.18060336100425167,0.12487100103199178,-0.013157894736842146,0.21045635799734153
2015-09-30,0.04876769795490299,0.09621166566446182,0.1966457023060797,0.2444553967471661,-0.05695443645083931,-0.3225270157938487,-1.3167420814479638,-1.3167420814479638,-1.3169014084507042,-1.3409090909090908,-1.1267605633802817,-1.4285714285714286,4.531914893617022,-0.17829457364341084,-0.11712707182320437,0.09258361609306842,-0.17885936100328448,-0.14460784313725494,-0.0542056074766355,-0.01404056162246492,-0.011216566005176842,,-0.10084033613445376,-0.11100917431192658,-0.040000000000000036,-0.11908247925817472
2015-12-31,0.07833333333333337,0.13878222709818977,0.2116327960756832,0.24554455445544554,-0.0425937698664971,0.31288343558282206,-0.6785714285714286,-0.6785714285714286,-0.6888888888888889,-0.6888888888888889,97.77777777777777,-1.05,-0.18846153846153846,-4.136792452830189,0.416145181476846,0.045992309967465284,-0.2432727272727273,-0.2320916905444126,-0.0375494071146244,0.106012658227848,0.2395287958115182,,-0.11214953271028028,-0.21259029927760575,-0.02777777777777779,-0.08573407202216066
2016-03-31,0.08964451313755806,0.048651252408477896,0.05610179294389828,-0.2311605723370429,0.12749003984063756,0.22242990654205608,-20.977777777777778,-20.977777777777778,-21.999999999999996,-18.71428571428571,-0.5545556805399325,132.66666666666666,-2.004739336492891,-0.6541353383458647,0.10163499779054352,-0.10702672133465296,0.7236905333974051,0.708955223880597,0.15605749486652964,-0.07296137339055786,0.16402675114396348,,0.03480128893662737,0.7234600262123196,0.0,0.3639600060596879
2016-06-30,-0.06312056737588656,-0.08773541570969223,-0.20892661555312153,-0.3176178660049628,0.09422850412249706,-0.02828746177370034,-0.510567296996663,-0.510567296996663,-0.5034013605442177,-0.435483870967742,-1.6262626262626263,-0.7980049875311721,-1.5613207547169812,-2.9608695652173913,-0.18090653830726033,0.10117162761241283,-0.030108725954837046,-0.035480349344978235,0.09769094138543521,-0.04629629629629639,-0.34472331418203805,,0.1679468548889349,-0.017110266159695797,-0.02857142857142847,0.3368689953906816
2016-09-30,0.04345193035579098,0.0725075528700907,0.1367255105572862,0.24242424242424243,-0.0290635091496233,-0.2934697088906373,-1.0863636363636364,-1.0863636363636364,-1.0890410958904109,-1.092857142857143,-1.439516129032258,1.074074074074074,0.9495798319327731,-0.343680709534368,-0.14495592556317338,0.15585909417685118,0.05173900546133958,0.05263157894736836,-0.032362459546925404,0.05177993527508096,0.12736502076603595,,-0.0694987557767508,0.06847195357833646,-0.014705882352941235,-0.13679225688530716
2016-12-31,0.11999419616947193,0.19741784037558685,0.26979293544457983,0.43268292682926823,-0.01635254988913526,0.27951002227171484,-0.9736842105263158,-0.9736842105263158,-1.0,-1.0,9.229357798165138,0.4821428571428572,-0.5301724137931034,-3.489864864864865,0.4221076746849943,0.002239084463241614,-0.004099480732440597,-0.010752688172043001,-0.03762541806020081,0.03692307692307706,-0.0863692181743757,,-0.1216809933142311,0.0173787110789283,-0.02985074626865669,-0.16419634263715133
2017-03-31,-0.0001295504599041486,0.01921191923152321,-0.12278177458033568,-0.17773237997957103,0.1439842209072979,0.328981723237598,-567.0,-567.0,inf,inf,-0.6349775784753363,0.04819277108433728,-0.3211009174311926,-0.8887381275440978,0.03302456705598056,0.055976169790244557,-0.2892425905598244,-0.2733695652173912,0.13814074717636826,0.09643916913946571,0.01657706093189959,,0.14397564158329712,-0.28967971530249115,0.030769230769230882,0.23952095808383245
2017-06-30,-0.04444156517232445,-0.05712637045585689,-0.21022416621104434,-0.32546583850931676,0.10492610837438421,-0.05108055009823187,0.13780918727915203,0.13780918727915203,0.13043478260869557,0.22619047619047628,-0.5675675675675675,0.10344827586206895,1.9054054054054053,-4.865853658536585,-0.12358674463937624,0.1987541137752702,0.15173745173745168,0.17950635751682875,0.10916030534351151,0.0541271989174561,0.5235786690171882,,0.15646387832699604,0.1678356713426854,0.014925373134328401,0.39780750650315855
2017-09-30,0.07416949152542363,0.10465116279069764,0.22326064382139155,0.3947206875383671,-0.021845742309407057,-0.3381642512077294,-1.0341614906832297,-1.0341614906832297,-1.0336538461538463,-1.0339805825242718,-0.7045454545454546,-0.5833333333333333,-0.3674418604651163,-0.42902208201892744,-0.08051601423487542,0.11775664280811848,-0.03419376466644308,-0.02029169308814205,-0.019270474879559463,0.007702182284980763,-0.08649117732137701,,-0.0894295577839882,0.001716001716001836,-0.02941176470588236,-0.20796224910275152
2017-12-31,0.09088613986367089,0.10175438596491237,0.2891907187323146,0.36751760563380276,-0.06882406563354604,0.20959332638164763,7.454545454545455,7.454545454545455,7.571428571428571,7.571428571428571,15.326923076923077,0.5416666666666667,0.15441176470588225,-3.7569060773480665,0.2414126753749395,-0.03543859649122816,-0.18257549461992373,-0.18058252427184474,-0.0652631578947368,-0.016560509554140124,-0.05129829005699804,,-0.1464163206354937,-0.15760171306209847,-0.030303030303030276,-0.19434421414785608
2018-03-31,-0.006711409395973145,0.006369426751592355,-0.12445127304653203,-0.19826198905696812,0.1245717082721487,0.36379310344827576,-4.263440860215054,-4.263440860215054,-4.316666666666666,-4.166666666666666,-0.27561837455830385,-7.5675675675675675,-0.14012738853503182,2.3907815631262523,0.6593920498830865,0.0745725718443071,0.009341825902335454,0.013428120063191162,0.12462462462462454,0.14896373056994805,0.28471295060080104,,0.13219120135363793,0.02948652770716831,-0.015625,0.2552338298093948
2018-06-30,-0.039259086672879806,-0.06329113924050633,-0.2511907746302331,-0.41228422320353275,0.14472252448313383,-0.28128950695322374,-0.5172981878088962,-0.5172981878088962,-0.5175879396984925,-0.5,-0.8048780487804879,-1.0847736625514404,1.8740740740740742,-1.2257683215130024,-0.08971348050728045,0.1086662153012865,-0.36474547749263775,-0.35385814497272017,0.15220293724966627,-0.01465614430665152,0.03455442972200573,,0.19148141229217264,-0.2938271604938273,-0.07936507936507942,0.5937850060158487
2018-09-30,0.024615011519340424,0.03182788051209107,0.048878473384667,0.1263661202185793,0.010836501901140716,0.13104661389621808,-0.12969283276450516,-0.12969283276450516,-0.125,-0.12631578947368416,-2.05,4.834951456310679,-0.30154639175257736,1.6047120418848166,-0.25670794633642935,-0.0008396946564886987,0.33311258278145695,0.37876960193003617,0.01969872537659323,-0.13272311212814647,0.5077850326469111,,-0.013483850736908165,0.31188811188811183,0.051724137931034475,-0.08392554991539769
2018-12-31,0.048165680473372774,0.07651214888850588,0.12128949888285989,0.2674348089751364,0.005078051532819261,0.00233281493001547,0.027450980392156765,0.027450980392156765,0.03571428571428581,0.03614457831325302,-8.571428571428571,-1.6206322795341097,0.1512915129151291,-2.0110552763819096,0.34918431100312386,-0.25433570173428066,0.3725782414307004,0.4523184601924761,0.013636363636363447,-0.26781002638522433,-0.47218520986009327,,-0.041004450095359135,0.4269722814498935,0.016393442622950838,-0.1506351055667643
2019-03-31,0.011290504685559366,0.02145029614214833,0.03216623968118415,0.08373205741626788,-0.0024326347305388962,-0.039565554693560934,-0.2022900763358778,-0.2022900763358778,-0.206896551724138,-0.19767441860465118,-0.3721174004192872,0.34048257372654156,-0.09615384615384615,-0.18389662027832998,0.21121687676871614,-0.047131147540983576,-0.3058269996380746,-0.28855421686746996,0.0050448430493272856,-0.06126126126126119,-0.3537393499526664,,-0.013589658601259713,-0.23085543518864393,-0.08064516129032262,-0.05747741719638666
