Quarter end,Assets,Current Assets,Liabilities,Current Liabilities,Shareholders equity,Revenue,Earnings,Earnings available for common stockholders,EPS basic,EPS diluted,Cash from operating activities,Cash from investing activities,Cash from financing activities,Cash change during period,Cash at end of period,Price,ROE,ROA,Book value of equity per share,P/B ratio,P/E ratio,Cumulative dividends per share,Equity to assets ratio,Net margin,Asset turnover,Current ratio
1996-03-31,0.3898352251138546,0.37122379871587907,0.011746778797932178,0.011578495965069546,0.8611809120748319,0.09700752424445769,0.1474910394265232,0.1474910394265232,0.08333333333333348,-0.03389830508474578,-3.6350839198700595,18.405837387074357,346.85714285714283,-1.5620247664566587,0.37476459510357807,-0.11250000000000004,0.023068050749711633,-0.015806111696522684,0.8124999999999998,-0.5653153153153154,0.09678899082568804,,0.3392496068299258,-0.06153846153846154,0.06020066889632103,0.3555417185554173
1996-06-30,0.3898352251138546,0.37122379871587907,0.011746778797932178,0.011578495965069546,0.8611809120748319,0.09700752424445769,0.1474910394265232,0.1474910394265232,0.08333333333333348,-0.03389830508474578,-3.6350839198700595,18.405837387074357,346.85714285714283,-1.5620247664566587,0.37476459510357807,-0.11250000000000004,0.023068050749711633,-0.015806111696522684,0.8124999999999998,-0.5653153153153154,0.09678899082568804,,0.3392496068299258,-0.06153846153846154,0.06020066889632103,0.3555417185554173
1996-09-30,0.07260517662279664,0.07921116338353551,0.11235772977713387,0.11023971018960999,0.0456653746770026,0.05196942465516119,0.09542401999062933,0.09542401999062933,0.07692307692307687,-0.03389830508474578,-0.791041709471954,-0.9472336615935542,-0.9999066641777115,-1.7301894085813685,-0.19905163329820863,-0.21126760563380276,0.023068050749711633,-0.015806111696522684,0.06896551724137945,-0.5653153153153154,0.09678899082568804,,-0.02516356316054358,-0.06153846153846154,0.06020066889632103,-0.02797427652733131
1996-12-31,0.07848522052541274,0.07913849030760578,0.16832200731834823,0.1705746567853237,0.013720971897027923,0.16392210946666386,0.01953236384374102,0.01953236384374102,0.023809523809523725,-0.03389830508474578,24.394296951819076,0.06311503223617243,-1016.4,-10.322392800423504,2.3168004209972373,-0.0803571428571429,0.023068050749711633,-0.015806111696522684,0.0,-0.13989637305699487,0.09678899082568804,,-0.060058509722939135,-0.06153846153846154,0.06020066889632103,-0.0781154009734889
1997-03-31,0.07550303736373465,0.08081353149736459,0.12243371107932677,0.12278152568759726,0.036510451581449166,0.15833547029330886,0.06852188505104184,0.06852188505104184,0.06976744186046524,-0.03389830508474578,-1.231239835824363,1.085221832109799,-0.6720504234784321,-1.8050539466212379,-0.5623339018682321,0.058252427184465994,0.023068050749711633,-0.015806111696522684,0.032258064516129004,0.06024096385542177,0.09678899082568804,,-0.036250457707799444,-0.06153846153846154,0.06020066889632103,-0.037369284396145286
1997-06-30,0.04417717914752961,0.048133888859589025,0.03601978735778655,0.03641417742915243,0.051516630311439826,0.1470475972365357,0.06412773197225485,0.06412773197225485,0.08695652173913038,-0.03389830508474578,-4.3871399866041525,-0.2995560998010103,-1.263063063063063,-2.135219016717218,1.4585825629871305,0.16513761467889898,0.023068050749711633,-0.015806111696522684,0.0625,0.12784090909090917,0.09678899082568804,,0.007028875379939237,-0.06153846153846154,0.06020066889632103,0.011342456999840378
1997-09-30,0.09203810517455002,0.10485231713657939,0.1069389866215884,0.11050730408302378,0.07882891698305228,0.06462905345823011,0.05927930143893745,0.05927930143893745,0.040000000000000036,-0.03389830508474578,-0.09679651967569702,-0.45432692307692313,5.474885844748859,0.15658009195973666,0.6861545266882925,0.1811023622047243,0.00732807215332576,-0.015806111696522684,0.0588235294117645,0.11083123425692687,0.10915934755332501,,-0.01207319373703064,-0.06885245901639336,0.05362776025236582,-0.005107413647851722
1997-12-31,0.0924833213004228,0.1050698016164584,0.13284860364800877,0.13534848232776664,0.055768343690558275,0.08831426187030567,0.050040636247532744,0.050040636247532744,0.0769230769230771,-0.03389830508474578,0.09343185550082111,0.18582298758510207,-0.4978843441466855,-0.010798323842269308,0.4025403349219536,0.19999999999999996,0.003357582540570725,-0.015806111696522684,0.05555555555555558,0.13378684807256236,0.13725490196078427,,-0.033607026923811456,-0.04225352112676062,0.029940119760479167,-0.02667372320719763
1998-03-31,0.03039939578840678,0.028540970634781004,0.005065214001519047,0.006154436954918019,0.05512491347612425,0.06654374597922974,0.0922158337019019,0.0922158337019019,0.0714285714285714,-0.03389830508474578,0.21249436852380232,0.5231340763255656,-0.5203651685393258,0.10796719708901326,0.31799547969760744,0.21111111111111125,0.006692693809258188,0.0032119914346895317,0.05263157894736836,0.14800000000000013,0.13395225464190985,,0.023908318514127558,-0.022058823529411797,0.023255813953488413,0.022239138709151174
1998-06-30,1.4378532299442548,0.4385104018634669,2.932452180527891,1.26960085173058,0.04836923649560321,1.174175063684491,-0.031382871026523596,-0.031382871026523596,-0.033333333333333326,-0.03389830508474578,0.9748575675006192,89.22904656319291,520.9502196193265,-1.1277388363315524,-0.030890770613557827,0.15596330275229353,-0.017728531855955576,-0.2785485592315903,0.04999999999999982,0.09756097560975596,0.08654970760233893,,-0.5698571979930529,-0.2443609022556391,-0.045454545454545525,-0.3661702127659574
1998-09-30,0.044104105985154574,0.08640613539084341,0.04199251933480874,0.0721878512696601,0.05146765131409592,-0.00010775248140337812,0.18133361204013387,0.18133361204013387,-0.4137931034482758,-0.4035087719298245,-0.4206125222117696,-0.9785075184366959,-0.9994754440492353,-8.350729086722946,0.2337694034950697,-0.04365079365079361,0.01917653694303434,-0.18343195266272183,0.04761904761904767,-0.0888888888888888,-0.07346609257265868,,0.006729475100942128,-0.154228855721393,-0.03571428571428559,0.013259483048002618
1998-12-31,0.03768478645950757,0.12282965783887079,0.03299155425005029,0.11296939878981993,0.05390358892973657,0.038975919060495245,0.05502963814916395,0.05502963814916395,0.0588235294117645,0.02941176470588225,-0.03294244993685724,-0.329636405213812,2.192513368983957,0.12424305700563787,0.2125519287833828,0.3319502074688796,0.019369120088544634,-0.13586956521739135,0.06818181818181812,0.27177700348432055,0.24310194597734536,,0.015597147950089152,-0.11176470588235299,-0.024691358024691357,0.008862017558389779
1999-03-31,0.0013592451032031772,0.009468615801019098,-0.01934220654151797,-0.03039147332819081,0.07147949089685768,0.07189208199955899,0.13568134171907764,0.13568134171907764,0.13888888888888884,0.14285714285714302,-1.1420789493321393,-0.03172437318778787,3.559463986599665,-1.3134751114413077,-0.055070193899942055,0.6012461059190031,0.02714440825190012,-0.0880503144654089,0.06382978723404253,0.4986301369863013,0.5130841121495329,,0.07020623080298383,-0.08609271523178808,-0.0031645569620254443,0.041129628109350724
1999-06-30,0.8598514061716578,0.1103348227413452,0.7749852907133763,0.4298076518532967,1.1229451824386452,0.1086235258656838,-0.9689138300228901,-0.9689138300228901,-0.975609756097561,-0.975,-15.764705882352942,127.30491456755328,233.60102865540043,3.970374759294919,-0.28967178300730334,-0.11089494163424118,-0.40539112050739956,-0.3540229885057471,0.8400000000000001,-0.16453382084095058,-0.17881408276714028,,0.141451414514145,-0.23913043478260865,-0.14920634920634912,-0.2234663302318246
1999-09-30,0.03179744373491533,0.10944963486003534,0.030089248172956218,0.12643933364987858,0.03622505840905532,0.08702993431646289,39.36817102137767,39.36817102137767,43.0,42.0,-0.3561290552077405,-0.9858921150432394,-1.0747998697117371,-0.34945611682312616,-0.26529173705382647,0.05032822757111588,-0.08888888888888902,-0.03558718861209964,0.032608695652173836,-0.42888402625820576,0.31289958631064296,,0.004310344827586299,0.06666666666666665,-0.10074626865671643,-0.015129975629569525
1999-12-31,0.18160021966370166,0.305399813926158,0.17893034150047082,0.3065467567811462,0.18847952262501866,0.20791585755738828,6.01729920564872,6.01729920564872,6.113636363636363,6.093023255813953,2.4651528963288305,0.4826780848579213,-0.20257086630657795,-4.3064272298318755,1.1938994938300196,-0.1333333333333333,1.7609756097560973,1.8671586715867163,0.19999999999999996,-0.16091954022988508,-0.19894013176740177,,0.005722460658083017,2.1250000000000004,-0.07883817427385886,-0.0008248273017836816
2000-03-31,-0.07487925715762922,-0.10023960125849274,-0.08149660845640161,-0.08723342766626863,-0.0579657517991885,0.12739957761932552,-0.8202902925565366,-0.8202902925565366,-0.8210862619808307,-0.819672131147541,-0.5163023548731684,-0.23057232869519562,0.3132580729850354,-1.0150049878075815,-0.008165573399683379,-0.28125,-0.11130742049469955,-0.08880308880308885,-0.04385964912280682,-0.4018264840182648,-0.7800822456642231,,0.01849217638691325,-0.07142857142857151,-0.018018018018018056,-0.014240016510164044
2000-06-30,0.01556541476700124,0.10034560963204453,0.03988059388829246,0.15185140934117913,-0.04503016984957564,0.12054009836605539,-4.461039567002613,-4.461039567002613,-4.5,-4.509090909090909,-0.384418880611774,0.3470101509852428,0.06343208988045257,28.28162511542013,-0.2410697317308642,0.05685618729096986,-0.48429423459244525,-0.4887005649717514,-0.04587155963302758,0.10687022900763354,0.017073170731707332,,-0.0597067039106145,-0.5353846153846153,0.09633027522935778,-0.04469800062807505
2000-09-30,-0.07709082195063499,-0.1592074578827024,-0.12828703877218295,-0.11617490070318137,0.061838910218922516,0.050274379493482124,-1.3218652682098224,-1.3218652682098224,-1.316326530612245,-1.3160621761658031,0.5834114213809536,-0.2655943258818314,1.3524015414982613,1.448694500504541,-0.77781339209696,0.3291139240506329,0.049344641480339124,0.07734806629834234,0.03846153846153855,0.3931034482758622,1.557953637090328,,0.150389899740067,-0.03311258278145701,0.11297071129707104,-0.04876177953101024
2000-12-31,0.05560089172116278,0.1244947389766351,0.05565748167177342,0.09140485327887782,0.055474821791231976,0.10654256951814833,-0.17302617801047115,-0.17302617801047115,-0.16129032258064513,-0.16393442622950816,0.5004734368130939,1.9720617401051994,-0.8140103567318757,-1.3994951901407544,1.3985213235957081,0.269047619047619,-1.100661278471712,-1.1025641025641026,0.05555555555555536,0.22277227722772275,0.16874999999999996,,0.0,0.0,0.12406015037593976,0.03041124294436126
2001-03-31,0.0013454013890621397,-0.004125553889171019,-0.02859488354333717,-0.04338120909292942,0.06805729648178493,0.07021132980032774,0.42215356564019446,0.42215356564019446,0.3846153846153846,0.392156862745098,-0.43585264984618155,-0.1845243276177213,-1.4537251869038412,0.02817355425182133,0.5995037967070145,0.011257035647279423,-0.7372262773722628,-0.725,0.05263157894736836,-0.04251012145748989,0.0,,0.06649451258876704,0.0,0.09030100334448155,0.0410285075461152
2001-06-30,0.034134649759815616,0.08421901894369599,0.023969089386858267,0.02949135998606134,0.05473546978988142,0.07283664249833444,0.07710388546600666,0.07710388546600666,-0.45833333333333326,-0.46478873239436613,-0.09152467890458027,-0.46408368022200874,-0.5447916666666667,0.12374592425382502,0.42118683901292586,0.14471243042671622,-39.77777777777778,-41.90909090909091,0.050000000000000044,0.08668076109936562,0.0,,0.01997578692493951,-0.11643835616438358,0.07055214723926384,0.05315721649484528
2001-09-30,0.0011766582227794586,-0.005255300532860052,-0.011856916011858787,0.020906883976211432,0.02681913728649299,0.06507955789885922,0.06437640523740251,0.06437640523740251,0.0512820512820511,0.05263157894736836,0.5942481475781096,0.30332603067118113,-15.30393176617433,-1.4498228384900818,-0.13331073315528807,0.06807131280388967,0.02936962750716332,0.05777777777777793,0.023809523809523725,0.017509727626459304,0.08850267379679155,,0.025519287833827953,0.0,0.054441260744985565,-0.025695931477516032
2001-12-31,0.059292089388712776,0.13160837791074576,0.08010703642100037,0.1101825055949548,0.019882884660881617,0.15603229252224682,0.06197384362088787,0.06197384362088787,0.07317073170731714,0.04999999999999982,0.55759364483919,-0.2911063569682152,-0.6195843453220669,-5.521180921664703,0.6954302614004961,-0.07132018209408186,0.08629088378566463,0.10294117647058809,0.03100775193798455,-0.09369024856596564,-0.13485630066322774,,-0.03703703703703709,0.03875968992248069,0.06793478260869557,0.01936159079016231
2002-03-31,0.0029065151615141893,-0.00887155735684797,-0.023618191060321925,-0.022014792669014627,0.05609154840702546,0.012022853692925661,0.2861697771017375,0.2861697771017375,0.2954545454545454,0.30952380952380976,-0.7804193451274151,2.0316160091973843,-0.9335550713002255,-1.261074147746759,-0.10708719016402668,0.02450980392156854,0.08456117873158253,0.1009523809523809,0.037593984962405846,-0.006329113924050667,-0.08404315729699041,,0.05288461538461542,0.04477611940298498,0.04834605597964381,0.013449691991786361
2002-06-30,0.27445691187120946,0.17467732277701997,0.3827504977447238,0.2052430029675052,0.073704995646805,0.23774194099893453,0.10759853533171104,0.10759853533171104,0.08771929824561409,0.1090909090909089,5.883946933344086,10.880306226446399,-196.12313003452243,-1.4657663811675687,0.05585944392629383,0.12121212121212133,0.08269344359125808,0.04152249134948094,0.0869565217391306,0.08067940552016983,-0.0037197768133910847,,-0.15753424657534243,0.014285714285714235,0.0315533980582523,-0.02542802147705392
2002-09-30,-0.022420640632646927,-0.06723144202497877,-0.04395572681836124,-0.017407461138343572,0.02899111430985113,0.006924039524627723,0.09737166324435309,0.09737166324435309,0.11290322580645151,0.09836065573770503,-0.46431186480391295,-1.0287027024870223,-1.3285258489520058,-1.671254512635379,-0.03551221142597938,-0.15647226173541973,0.08565193671576665,0.058139534883721034,0.040000000000000036,-0.2239685658153241,-0.2545115121344119,,0.05250677506775059,0.035211267605633756,0.021176470588235352,-0.050623700623700696
2002-12-31,0.02654425354649992,0.05791580519705253,0.023614583836439884,0.07007457736144884,0.03304256997995414,-0.21699534002413168,0.06143108416601173,0.06143108416601173,0.04347826086956519,0.07462686567164178,0.5200218698742483,-2.368040592201293,-0.18902083277234738,-5.883361344537815,0.1798042054975928,0.10286677908937603,0.07437185929648238,0.05808477237048648,0.03205128205128216,0.06075949367088618,-0.02963272120200333,,0.006437077566784577,0.12244897959183687,-0.05990783410138245,-0.0113872769079163
2003-03-31,0.045929331909777105,0.10564627739142973,0.03714424284878848,0.06300408678308833,0.0652377462345004,0.20175425844354766,0.03342441604230939,0.03342441604230939,0.05555555555555558,0.0277777777777779,-0.3206336417133073,-0.6756427192358501,-0.744764919426244,1.26758672907489,0.3455841471985901,-0.007645259938837912,0.021047708138447252,0.0014836795252226587,0.06211180124223592,-0.03818615751789978,-0.12430107526881717,,0.018548129197313745,0.036363636363636376,-0.031862745098039214,0.040093033558533664
2003-06-30,-0.03343303658869978,-0.09878571618606002,-0.07885842919184882,-0.07703379605367389,0.06377266612935384,0.0341863056885261,0.006567612289111402,0.006567612289111402,-0.013157894736842146,0.0,-0.7229658181202083,0.9179197994987469,2.3465591257967997,-1.9406863265894638,-0.24159491075500605,0.2326656394453004,-0.000916170407695871,0.04444444444444429,0.0584795321637428,0.16129032258064502,0.1473477406679764,,0.10047095761381475,0.05263157894736836,-0.0075949367088608,-0.02353317005643707
2003-09-30,0.01623864215736326,0.04061239727916233,0.005129320518184377,0.014778100707378616,0.03682398720175706,-0.02567184842407333,0.0938209673592516,0.0938209673592516,0.09333333333333327,0.09459459459459474,5.146242641999847,-0.19887291734727208,-0.3085973436993845,-2.5771148292163475,0.5024002631551896,0.03875000000000006,-0.0009170105456212108,0.03546099290780136,0.03867403314917128,-0.019230769230769162,-0.008561643835616417,,0.0202567760342367,0.061111111111111116,-0.028061224489795866,0.025408942202835405
2003-12-31,0.03471631432767652,0.07949815982247954,0.04660582517299483,0.05817803510630193,0.013358760809435655,0.07361166434053779,0.044761550618202195,0.044761550618202195,0.07317073170731714,0.07407407407407396,0.09782459980845526,0.4691609746151493,0.10333776869881373,0.06119818308302993,0.35486298792377946,-0.10228640192539118,0.0009178522257915489,0.028767123287671392,0.02127659574468077,-0.13507625272331147,-0.14378238341968919,,-0.020693512304250428,-0.015706806282722474,0.04986876640419946,0.020206317132829943
2004-03-31,0.09106839369301767,0.0011607969823124176,0.10211535761637536,0.0557104982267671,0.07057327806779434,0.04016300541009832,0.03754949503937355,0.03754949503937355,0.022727272727272707,0.02298850574712641,-0.4460652134505574,22.624592325307056,-3.507448236033496,-1.9176033934252386,-0.24033683466316536,0.16756032171581792,-0.00045850527281054987,0.017310252996005193,0.06770833333333326,0.1435768261964736,0.1119515885022695,,-0.018560822387207354,0.010638297872340274,0.0024999999999999467,-0.05170436776816434
2004-06-30,-0.04704404348590541,-0.11557441806566937,-0.08810163083659484,-0.02623621445577673,0.03137319021135809,0.04181304724744783,-0.0649343224275688,-0.0649343224275688,-0.05555555555555558,-0.0674157303370787,-0.43216239709566906,-0.9437163317217597,-2.485147777077787,0.9241251063740374,-0.6087410297915621,0.10562571756601602,-0.012844036697247652,0.002617801047120505,0.034146341463414887,0.03524229074889873,0.05532879818594094,,0.08204829793424495,-0.0052631578947368585,0.009975062344139696,-0.09178850170385833
2004-09-30,0.013518946131569898,0.034078578279674865,0.041952661260075574,0.031875610059522774,-0.034496647349737564,-0.0031260707420680545,-0.05354631611128091,-0.05354631611128091,-0.04705882352941171,-0.036144578313252906,1.700806829233152,-0.016073478760045945,-0.5970653031623023,-1.2372340890228455,0.36910111882289987,-0.10591900311526492,-0.02834572490706322,-0.031331592689295085,-0.014150943396226578,-0.13617021276595753,-0.1293510958315427,,-0.047324549610110234,-0.042328042328042215,0.014814814814814836,0.002178649237472685
2004-12-31,0.0020907009596180526,0.010160993824299913,0.03624529787118469,0.05109250009998467,-0.06015252014917338,0.04565874580976681,0.3067009060516497,0.3067009060516497,0.32098765432098775,0.32499999999999996,0.28666022071816766,-0.016070860294897682,0.9290347411675477,-0.8873826183023384,0.030360943404421636,0.0011614401858304202,0.05069344811095178,0.037735849056603765,-0.023923444976076458,0.014778325123152802,0.0039486673247777215,,-0.06209427039232296,0.016574585635358963,0.01703163017031617,-0.03900966183574883
2005-03-31,0.030208167249337947,0.08800866517858075,-0.0009102360789625674,0.024903345132460286,0.09273485054927044,-0.02553380724204113,0.05400027191713952,0.05400027191713952,0.08411214953271018,0.07547169811320731,-0.28402624459715786,-0.7973155085979192,-0.7350609416169334,17.202942979767013,0.5363737097570669,0.16589327146171717,0.04870277651342736,0.05584415584415581,0.07843137254901977,0.19660194174757262,0.10422812192723696,,0.06078844417694862,0.04347826086956519,0.014354066985646119,0.06158099786351645
2005-06-30,0.03503145729201429,0.0884921481641896,0.008484816687652774,0.01501476134083668,0.08380085277994942,0.027384386325831844,0.19611614053191984,0.19611614053191984,-0.4051724137931034,-0.4035087719298245,0.2902931596091205,2.3688829787234043,-0.9268849118454859,0.8203374987369059,0.6355102088812759,0.17611940298507456,0.10373263888888906,0.10209102091020905,0.08181818181818179,0.08924949290060868,0.09928762243989309,,0.04709219858156022,0.109375,-0.009433962264150941,0.072451758020599
2005-09-30,-0.024896815745901524,-0.05407885197276219,-0.004919154354673716,-0.006239143122338642,-0.05904772928911073,-0.024494365727967815,-0.0030000000000000027,-0.0030000000000000027,0.01449275362318847,0.0,0.20422543112637026,0.4241730480776822,62.473189942441685,-1.0754076924974711,-0.029301167397238648,0.13705583756345163,0.10735351946519844,0.109375,-0.037815126050420145,0.05214152700186214,-0.0012150668286756705,,-0.034949878081820596,0.11737089201877948,-0.004761904761904856,-0.048128932553262005
2005-12-31,0.4674645242521689,0.39619963984606543,0.6713367000726542,0.27699955246339836,0.09890604465834141,0.20462922486031698,0.09180482624343611,0.09180482624343611,0.0714285714285714,0.10294117647058809,0.22025733958203286,72.97633037694013,-6.464617587400071,-6.973090135776214,0.1801682356978671,0.39657738095238093,0.028764204545454586,-0.041247484909456844,0.09170305676855883,0.4513274336283184,0.23763179237631782,,-0.25126333520494115,0.03361344537815114,-0.0717703349282296,0.09335498086512817
2006-03-31,-0.01132350263972326,-0.019805050952591885,-0.05307845084409135,-0.07397660818713447,0.10348122866894194,-0.04107502467107749,-0.0570116184814915,-0.0570116184814915,-0.053333333333333344,-0.06666666666666676,-0.8434744099748795,-0.9936307307500076,-1.000873382277676,-0.5686526901009216,0.06569037656903776,0.17954182205647307,-0.00690369347600972,-0.04826862539349419,0.10000000000000009,0.08048780487804885,0.08256880733944949,,0.11623547056617944,0.012195121951219523,-0.05927835051546393,0.0584429359355112
2006-06-30,-0.06949252412167639,-0.16855760972743294,0.053956268680195096,-0.017637241192656417,-0.3607571446245206,0.0016874409395670753,0.029608404966571245,0.029608404966571245,0.07042253521126773,0.0714285714285714,2.726829268292683,0.44705882352941173,453.9,-10.952380952380953,-0.6154299175500588,-0.1377597109304427,0.0851581508515813,-0.048511576626240394,-0.3163636363636364,-0.2167042889390518,-0.17766343825665853,,-0.31306684581793764,-0.016064257028112316,-0.0328767123287671,-0.153622607475699
2006-09-30,-0.00593659714251793,-0.061704903772969444,0.008134328358208931,0.06653503535678218,-0.060673504935165434,-0.027380337368882124,0.06400742115027835,0.06400742115027835,0.10526315789473673,0.10666666666666669,0.03926701570680624,0.4065040650406504,-0.40756210156078254,-0.5923444976076555,-0.6523736600306278,0.007333682556312171,0.10409993593850109,-0.03244495944380066,-0.04787234042553179,0.47406340057636887,-0.01693043798306959,,-0.05525672371638135,0.0,-0.03682719546742208,-0.12017523087852244
2006-12-31,0.016861090098339693,0.026768642447418722,-0.017149061119747344,0.045937917079261315,0.15885443494385498,0.023763336566440252,0.28334786399302536,0.28334786399302536,0.30952380952380976,0.3012048192771086,0.9269521410579344,2.6358381502890174,-0.3346938775510204,-1.4921752738654148,0.9236417033773863,-0.11232449297971925,0.16013925152306352,0.10179640718562877,0.15642458100558643,-0.06744868035190632,-0.1564956944964433,,0.13975155279503104,0.09795918367346945,0.008823529411764675,-0.01843628044677692
2007-03-31,0.01803018734950368,0.06083178150217261,-0.0178248644306086,0.005309953074833285,0.1449906658369633,0.02400126322438023,-0.09171195652173914,-0.09171195652173914,-0.10909090909090913,-0.10185185185185197,-0.49150326797385624,-0.8553259141494436,-0.6079196876742889,0.21144674085850546,0.581679389312977,0.09783245459871104,0.14003500875218822,0.07391304347826089,0.14009661835748788,-0.05136268343815498,-0.009764758100310855,,0.12488646684831961,0.055762081784386686,0.014577259475218707,0.055250891143405534
2007-06-30,-0.032171839544632874,-0.0718655247619554,0.11075609631409433,-0.04393399664250908,-0.466304347826087,0.013415574402467323,0.1421091997008228,0.1421091997008228,-0.40816326530612246,-0.41237113402061865,-0.3849614395886889,-2.406593406593407,1.9359886201991463,-2.2598425196850394,-0.4633204633204633,0.22411953041622223,0.18161877604737864,0.09008097165991913,-0.43644067796610164,0.07403314917127068,0.1331241595696997,,-0.44852644327815905,0.07746478873239426,0.011494252873563315,-0.029232168377289924
2007-09-30,-0.00971606827077831,-0.02791150848234758,0.023265447014152674,0.024539614561027934,-0.21821355833575795,-0.017694113555343005,-0.06417812704649639,-0.06417812704649639,-0.0344827586206895,-0.01754385964912264,1.5809822361546502,-2.53125,0.18313953488372103,-0.8416666666666667,-0.13669064748201443,0.13034001743679147,0.17672173751624287,0.05385329619312906,-0.19548872180451127,1.0061728395061729,0.020569620253164445,,-0.21083455344070268,0.042483660130719025,0.011363636363636465,-0.051124197002141214
2007-12-31,0.054654895666131686,0.16019102647249572,0.02550263122385643,0.034569242987919635,0.29586899888351326,0.021177251604337144,-0.030790762771168656,-0.030790762771168656,-0.017857142857142905,0.0,0.3319838056680162,1.1632653061224492,-1.2096642096642096,-23.282894736842106,3.528125,0.2290782876976476,0.11642214860388078,-0.022907488986784186,0.2897196261682242,0.5276923076923077,0.1465116279069767,,0.2291280148423005,-0.02507836990595602,0.002808988764044784,0.12143864598025389
2008-03-31,0.017331253329274876,0.05432462648643144,0.002258771929824599,0.03628282828282825,0.11602527283170594,-0.002275337508397035,0.2794223826714801,0.2794223826714801,0.2727272727272725,0.23214285714285698,-0.23100303951367784,-0.7146226415094339,-4.171875,-0.7720696781812814,0.17759374281113405,0.05961719485409489,0.28048608167302524,0.06943192064923354,0.12318840579710155,-0.1785834172541121,0.04969574036511171,,0.09660377358490568,0.07073954983922848,-0.0028011204481792618,0.017356307382718983
2008-06-30,-0.04992987377279101,-0.12623511833036105,-0.025731352427630583,-0.01766219588271989,-0.1922285126093669,0.022262282264019717,0.07336343115124144,0.07336343115124144,0.08571428571428585,0.0869565217391306,-0.0774703557312253,0.5454545454545454,1.5326354679802954,-3.540155440414508,-0.3830826333268217,-0.0011844832691739748,0.08530125800044153,0.059021922428330376,-0.1806451612903226,-0.11074785451573343,-0.08727858293075685,,-0.14934618031658642,0.05705705705705699,0.002808988764044784,-0.11052045988379267
2008-09-30,0.04306662730046251,-0.008715798764342475,-0.004244615626473824,-0.9999989871006152,0.37862376553042365,0.15803004228015372,0.061514195583596276,0.061514195583596276,0.07894736842105265,0.08000000000000007,0.03941730934018861,14.941176470588236,-0.9212253829321663,-0.547679755226925,-0.28087397086763777,0.03350133412392542,-0.029689883070666,0.07404458598726116,0.3779527559055118,0.2614889705882353,-0.03916725476358507,,0.3211974110032363,0.03693181818181812,0.03361344537815136,978554.7166087561
2008-12-31,0.039609004962919636,0.13734001112966054,-0.000631512472371365,1066495.8652037617,0.24575389948006943,0.3240253187780937,0.024269440316988522,0.024269440316988522,0.024390243902439046,0.024691358024691246,0.5416323165704864,-1.0278430057027843,1.29320987654321,-4.422773393461105,1.3368560105680318,-0.1047045324153757,-0.0286073561773027,0.08376575240919193,0.24571428571428577,-0.35045537340619315,-0.18435549026808662,,0.19840783833435394,-0.0328767123287671,0.12195121951219501,-0.9999989334879967
2009-03-31,0.03621215421476798,0.10421763381935611,-0.005032723990069932,0.0549289047286623,0.20571322574661477,-0.24856580661253225,0.03675048355899424,0.03675048355899424,0.03571428571428581,0.03614457831325302,-0.23449197860962567,-2.253012048192771,0.0915208613728129,-0.36001317523056653,0.36612021857923494,-0.17975008010253124,-0.09352750809061483,0.030095759233926156,0.201834862385321,-0.34155916993830615,-0.2516884286357497,,0.16351558507920294,0.011331444759206999,0.019323671497584627,0.04674390731122635
2009-06-30,0.7173962548391053,1.810040765685927,0.5242361693923379,-0.0019155753691836308,1.3724615384615384,0.014844729659954314,-0.10307835820895528,-0.10307835820895528,-0.14942528735632188,-0.12790697674418605,-0.19070904645476772,115.83653846153847,-49.30209617755857,14.110653628409676,4.049655172413793,0.11796874999999996,-0.38664762584791157,-0.17729083665338652,1.1450381679389312,-0.06984667802385014,0.05956678700361007,,0.3816425120772946,-0.0308123249299721,-0.14928909952606628,1.8155216284987281
2009-09-30,0.04334921104435896,0.06327956226248488,0.030015327609041798,0.06637121820148661,0.07240127099409888,0.021096433049261343,0.027561102444097818,0.027561102444097818,-0.027027027027027084,-0.053333333333333344,0.7630556754423823,-0.9518558143362686,-1.0179460342582902,-0.9041553133514987,0.0768642447418737,0.25262054507337517,-0.2823050058207217,-0.16222760290556892,0.07117437722419928,-0.4157509157509157,0.2526973310618965,,0.027654164017800298,-0.014450867052023142,-0.1532033426183843,-0.0028920018075012655
2009-12-31,0.1663978258106773,-0.38551090019279255,0.21061604253351818,0.7856605255407572,0.07386243386243385,0.4598355696337688,0.13006072874493935,0.13006072874493935,0.13888888888888884,0.12676056338028174,1.0685434516523866,59.485470085470084,1.5448079658605973,-11.206112295664534,-0.7284902597402597,0.14979079497907932,-0.2041092187077589,-0.15317919075144504,0.07142857142857162,0.07366771159874608,0.18631006346328216,,-0.07918342097123399,-0.02052785923753664,-0.13486842105263164,-0.6558959485180822
2010-03-31,-0.011088574493764214,-0.02507541933148305,-0.027149915268396274,-0.048984752968772916,0.02680331099724076,0.35844893580710435,0.16524854455888938,0.16524854455888938,0.15853658536585358,0.17499999999999982,-0.09964497041420117,-0.9918042052905268,1.0167691447736167,-1.1297701949860723,0.3481875934230194,0.12809315866084425,-0.1266983695652174,-0.09215017064846431,0.03100775193798455,0.052554744525547425,0.1390905617118836,,0.038293584145112414,-0.14071856287425144,0.057034220532319324,0.025154747794020826
2010-06-30,-0.02672283009433085,-0.05748093870680271,-0.03865356542646503,-0.06174005202813371,-5.483959418695061e-05,0.013002629241109398,0.11414296694850123,0.11414296694850123,-0.44210526315789467,-0.43617021276595735,-0.09568874868559407,-0.303448275862069,0.3314855875831486,-0.4953045344781325,0.13034439747765236,-0.013333333333333308,0.06728899260987942,0.07142857142857162,0.010526315789473495,-0.04299583911234395,-0.037906742703790686,,0.0274991912002589,-0.0662020905923345,0.14748201438848918,0.004624871531346386
2010-09-30,-0.11223832247727195,-0.32920102957398745,-0.11000663536137201,-0.18535252921484469,-0.11703411209827796,-0.0032775848628728843,0.040013797861331524,0.040013797861331524,0.07547169811320731,0.05660377358490565,-0.42848837209302326,0.504950495049505,2.594504579517069,-8.249867091972355,-0.8360102991662579,-0.005666957279860663,0.1140670553935863,0.10760233918128659,-0.08928571428571419,-0.01594202898550734,-0.09379358437935847,,-0.005352644836271958,-0.04104477611940305,0.15673981191222564,-0.17659846547314573
2010-12-31,0.0356165458522566,0.1516444792482381,-0.003369320544252763,-0.012453990823375172,0.12006211180124216,0.0032794752839546693,0.09320066334991717,0.09320066334991717,0.08771929824561409,0.08928571428571419,-0.29959308240081384,1.1809210526315788,-1.026059763724809,-1.1878712326758085,0.9577570093457943,0.12779482683033772,0.09453712790317303,0.133051742344245,0.11601307189542487,0.23858615611192935,0.010003847633705432,,0.08135485913263696,0.023346303501945442,0.10840108401084003,0.16617487187451463
2011-03-31,0.014235920362196675,0.07034304559208504,-0.02967832892162503,-0.05266516899826401,0.0988742860311651,-0.01720304375171633,-0.009405339805825252,-0.009405339805825252,0.0,0.0,-0.11256354393609291,-0.7315233785822022,-0.6533333333333333,-0.05386416861826693,0.4628604162688563,0.06588921282798843,0.03287507471607887,0.08294501397949672,0.09663250366032217,-0.04518430439952448,-0.03733333333333333,,0.08343091334894615,0.057034220532319324,0.022004889975550057,0.12984418697562927
2011-06-30,-0.04391068443514723,-0.143478813290134,0.24685317795667827,0.2836508663666495,-0.5387565603552684,0.024056965162918553,0.023583460949464063,0.023583460949464063,0.06451612903225823,0.08196721311475419,0.8768412438625204,0.904494382022472,-58.6474358974359,-2.959983498349835,-0.6201540268894401,0.03172866520787743,0.18489583333333326,0.06626506024096379,-0.5006675567423231,-0.05977584059775831,-0.03086664028492292,,-0.5174277222372332,0.03237410071942448,0.03349282296650724,-0.33274398868458277
2011-09-30,0.06190722706805096,0.22618208789171157,0.03532741174092435,0.07981526188726784,0.18419037199124721,0.018448430651152092,-0.028426092160383054,-0.028426092160383054,0.015151515151515138,0.0,1.0858949204272945,0.11799410029498536,-0.839208273101301,-2.6240791412334246,2.6515463917525772,-0.1645457758925415,0.11086691086691092,0.0016142050040355294,0.18983957219251324,0.6741721854304636,-0.20906492445896274,,0.11478163493840987,0.010452961672474004,-0.0092592592592593,0.13548842960607654
2011-12-31,0.4355620556122777,1.4370917009436246,0.5083610887791432,0.06112331590100517,0.14274495311128566,0.0458387347679543,-0.10563597166615335,-0.10563597166615335,-0.08955223880597019,-0.10606060606060619,-0.4438754180602007,-0.0949868073878628,-29.069156293222683,4.9065578019699325,4.289008093355919,-0.12354558916860592,0.07562101560782586,-0.1329572925060435,0.146067415730337,-0.26344936708860756,-0.15797625193598364,,-0.20391762933199398,-0.04482758620689664,-0.09112149532710279,1.2966708151835715
2012-03-31,0.2563721407060935,0.5021221146686523,0.2816809179718731,0.038328356021326115,0.12200347657355382,0.0025782140909316187,-0.07782369146005508,-0.07782369146005508,-0.0983606557377048,-0.06779661016949146,-0.0037586919751926295,-0.15451895043731778,-0.1487385434118459,-0.13162918266593526,0.7041867582427359,0.2189234853970552,0.0766400980993256,-0.19702602230483268,-0.32352941176470584,0.06337271750805584,0.2286940527283876,,-0.10725552050473197,-0.06859205776173283,-0.13881748071979438,0.44672492040913103
2012-06-30,1.9609296110810783,-0.20181591361604745,1.1345476364457276,1.2662996488627742,6.972725635020717,1.2824868536010419,-0.3618371919342793,-0.3618371919342793,-0.6181818181818182,-0.6181818181818182,0.3697415581965666,355.2896551724138,-0.5802726404445602,-3.0612745098039214,-0.8517389352349729,0.08198019801980205,-0.7291192103264996,-0.53125,6.910144927536232,0.5999999999999999,0.10828343313373257,,1.6932862190812723,-0.3565891472868217,-0.27164179104477615,-0.6478134656803072
2012-09-30,-0.012931784320986628,-0.02368211317317548,-0.03805712186405863,-0.08182157928338962,0.027864770452316723,-0.02502843730251869,1.2902282036278527,1.2902282036278527,1.2857142857142856,1.2380952380952381,0.09241151356562449,-0.9987515001354961,-1.658254033926355,-0.9789646591563799,-0.12084507042253523,0.08034407027818458,-0.373510861948143,-0.2641975308641975,0.02088677171124953,-0.8636363636363636,0.3223773075191356,,0.041458934662818026,-0.14457831325301196,-0.1393442622950819,0.0632810422759904
2012-12-31,0.01402080348714052,0.14040816326530603,0.0044180448343305034,0.10722553400775037,0.028142572620675432,0.0012666948154402835,0.2335206949412365,0.2335206949412365,0.25,0.21276595744680837,2.44452849218356,0.34883720930232553,0.18070395977372722,-10.249417249417249,1.237984620314002,-0.01880399796713539,-0.17337807606263989,-0.0872483221476511,0.02548456568557067,-0.03703703703703709,0.08341845420497096,,0.01385739480977577,-0.014084507042253502,-0.07619047619047625,0.030007501875468856
2013-03-31,-0.04345978055865307,-0.1904823880486014,-0.0794256167994124,-0.1174276655383154,0.009955099422706892,-0.03590346827651514,-0.22742336371168181,-0.22742336371168181,-0.23333333333333328,-0.21052631578947356,-0.6473903813776444,5.545977011494253,0.46579717859994685,-1.5064894153225805,-0.28773399191094884,-0.023480662983425438,-0.16508795669824083,-0.08823529411764708,0.011200560028001405,-0.04807692307692313,-0.012570710245128791,,0.05591451292246519,-0.05714285714285716,-0.030927835051546393,-0.08278708424374837
2013-06-30,-0.018065797498277414,-0.04652097520642173,-0.03921998110031233,-0.07860049808661851,0.010530193328760484,0.013889421785673095,0.4557640750670242,0.4557640750670242,0.4565217391304348,0.4666666666666668,-1.187772472493253,-0.9657594381035997,-0.7058289449791175,-0.19417838039557156,-0.32552763819095476,0.048974540311173875,0.23987034035656407,0.278225806451613,0.014537902388369606,0.03535353535353525,0.11075747931253965,,0.029183337255825004,0.2727272727272727,0.005319148936170137,0.03480677607199567
2013-09-30,0.003325302529245233,0.11097461097461103,0.011043875876084464,0.05725021896160398,-0.006879936312404467,-0.019277199621570484,-0.21418047882136282,-0.21418047882136282,-0.20895522388059706,-0.21212121212121215,-6.748479823106689,-33.76923076923077,0.6129629629629629,-1.5879901204075333,0.2831917746982566,0.08258890948929731,0.00915032679738581,0.03154574132492116,0.003411804844762889,0.06829268292682933,-0.1441260744985673,,-0.01029041847701806,0.029761904761904878,0.0,0.050901649827343576
2013-12-31,-0.02218286069061226,-0.07944320374666636,0.021244109148657264,0.17896527765405934,-0.07868012808883529,-0.008504530089984419,0.1762362315444106,0.1762362315444106,0.16981132075471694,0.1923076923076923,1.8224829310510624,-1.6424100156494523,2.282051282051282,-0.2935153583617748,0.15624455669743953,0.011988167522964277,0.027202072538859978,0.03363914373088672,-0.04318259095545729,0.009132420091324311,-0.010713090056913344,,-0.05776340110905731,0.023121387283236983,0.010582010582010692,-0.21917974930023132
2014-03-31,-0.01496035347593383,-0.04204253715523942,-0.026546048688784185,0.025658655262819963,0.0016897616016557926,-0.07823251035212797,-0.3458856345885635,-0.3458856345885635,-0.32258064516129037,-0.32258064516129037,-0.8453204320125379,0.40194884287454324,-0.814443407960199,-1.52396878483835,-0.07080445917445011,0.1459999999999999,-0.0050441361916770955,-0.011834319526627168,0.004975124378109541,0.19909502262443435,0.12047377326565134,,0.016920058852378572,0.0,-0.010471204188481686,-0.06608478802992523
2014-06-30,0.03576879108045761,0.2849626278520849,0.10736249991899371,0.1774967034747954,-0.06502608083458672,0.060206881992822536,0.5692963752665245,0.5692963752665245,0.6190476190476193,0.5952380952380953,0.6200440528634361,-0.2441355343179844,-1.699622957687474,-7.984397163120567,0.5322092520536101,-0.05463820647066708,0.02281368821292773,-0.014970059880239583,-0.02970297029702973,-0.06037735849056591,-0.04198127453941414,,-0.09741982155775253,-0.005649717514124242,-0.015873015873015817,0.09128838451268373
2014-09-30,-0.021865585040762303,-0.07153381041674645,-0.02646070834991454,-0.0038725257125697965,-0.01438497156743379,0.026581976026442522,0.13024068322981375,0.13024068322981375,0.1617647058823528,0.16417910447761197,-0.40842963970088375,0.34712643678160915,-7.931437125748503,-3.0312753858651504,-0.705558690744921,0.0014200511218402934,0.13258983890954146,0.09422492401215798,0.0010932944606412143,0.032128514056224855,-0.0031525851197982124,,0.007747795885653108,0.09090909090909083,0.005376344086021501,-0.06790029056430646
2014-12-31,0.00673101393733444,0.08896720145908676,0.013946121084791763,0.06873292510598206,-0.005134514354316222,0.020718816067653245,-0.0008586639189420708,-0.0008586639189420708,0.012658227848101333,0.0,5.721213514134682,-0.20989761092150172,-0.20901904885318123,-1.4988002399520095,1.195256348826066,0.09940442427680107,0.06455142231947497,0.03888888888888897,0.004368401892974161,0.09727626459143979,-0.015180265654648917,,-0.0116648992576881,0.03645833333333348,0.0053475935828875,0.018867924528301883
2015-03-31,-0.035201463226943286,-0.13215242096497948,-0.07246204968741565,-0.1243881082923447,0.027455595336637773,-0.05370050850163044,-0.2418356823650739,-0.2418356823650739,-0.23750000000000004,-0.23076923076923084,-0.9037751333606894,-0.265658747300216,-0.3793687199650503,-1.928843455602325,-0.5057295645530939,0.0824197084999354,0.0729701952723536,0.06149732620320836,0.023921710764769788,0.07801418439716312,0.017019910083494016,,0.06491416309012865,0.045226130653266194,0.015957446808510634,-0.008856682769726176
2015-06-30,-0.0007186191722970969,0.0508313798179143,0.15168869685270892,0.06500583884780076,-0.2321109644354713,0.02227345017590654,0.36046248016322835,0.36046248016322835,0.459016393442623,0.4666666666666668,2.1979388770433546,-0.45735294117647063,-0.07681478222613292,-0.8006042296072508,-0.20401854714064915,0.04790276453765485,0.10249042145593856,0.052896725440805925,-0.1713274336283186,0.023026315789473673,-0.01894537417113995,,-0.23173803526448367,0.033653846153846034,0.015706806282722585,-0.013322502030869376
2015-09-30,0.002481308249048464,0.06606347987590411,-0.016275029969364696,0.009137426900584833,0.0452591927797652,-0.009098694910859462,0.10264955840693224,0.10264955840693224,0.101123595505618,0.10227272727272729,-0.11879097677519723,0.4363143631436315,-0.029355699580632888,0.5303030303030303,-0.39223300970873787,-0.0750511712531271,0.08774978279756751,0.04306220095693791,0.04442545920546781,0.11575562700964648,-0.1387190215642098,,0.0429508196721311,0.041860465116279055,0.0,0.05647949942367858
2015-12-31,0.023978537016914547,0.17374250564509852,0.011636008722070157,0.07128226904295043,0.05045863238664183,0.03777564565112246,0.1689587426326129,0.1689587426326129,0.15306122448979576,0.16494845360824728,2.6242118537200505,1.0867924528301889,-0.9873330714846819,-10.717468175388968,6.271337288909174,0.03798868945168432,0.12460063897763574,0.08715596330275233,0.06380368098159517,-0.0057636887608069065,-0.023168908819133027,,0.02577805721471238,0.0848214285714286,0.005154639175257714,0.09569825436408985
2016-03-31,-0.0401120892206156,-0.1376259380571334,0.011030928984909094,0.004756547539244371,-0.14572780438386446,-0.05285879107864633,-0.3198448610213316,-0.3198448610213316,-0.2743362831858407,-0.2831858407079645,-0.7386221294363257,-0.2784810126582279,161.04651162790697,-1.5149739820239438,-0.4441515237108873,-0.09143669311855995,0.12713068181818188,0.03797468354430378,-0.0980392156862745,-0.14492753623188404,-0.18018362662586074,,-0.11002145265093466,0.0370370370370372,0.0,-0.14182076813655764
2016-06-30,-0.004872073820723299,0.020644627781303493,-0.022356198839441288,0.1102054313710703,0.037867813032726794,0.01736461249284038,0.3698916555787872,0.3698916555787872,0.3902439024390243,0.3950617283950615,-0.41573482428115016,0.028822055137844638,-0.615575966322235,-0.6843555681175806,-0.2522161368640957,-0.0603571894146786,0.05356017643352229,0.05284552845528445,0.04177323103154307,0.04067796610169472,-0.11245916938870748,,0.04304407713498626,0.04761904761904767,0.00512820512820511,-0.08055693684733956
2016-09-30,0.0009968815500229766,0.04790616609355136,-0.004161048076326335,-0.16502495231625425,0.01280261765488766,0.007445792017381381,0.0030525877618980957,0.0030525877618980957,0.01754385964912286,0.017699115044247815,2.372977899293689,0.014616321559074219,-0.4829517172722748,-3.194537721065592,0.7401842343702809,0.03163152053274132,0.03827751196172269,0.027027027027026973,0.035188216039279796,-0.009771986970683932,-0.03207150368033651,,0.01155496863651373,0.022727272727272707,0.005102040816326481,0.2549125653506401
2016-12-31,0.01641350401596564,0.11151667715544367,0.005688336926314985,0.028137810182432554,0.04074921636122375,-0.021519002286492395,0.9846451791395767,0.9846451791395767,1.0258620689655173,1.0347826086956524,0.519116455012159,0.2809123649459784,2.293140794223827,-0.2119759257370193,0.33518462272746996,-0.045454545454545414,0.2638248847926268,0.2518796992481205,0.059288537549407216,-0.07565789473684215,-0.08636610537751221,,0.02415143603133174,0.25555555555555554,-0.005076142131979711,0.0811664990662262
2017-03-31,-0.013313389338852732,-0.022178365174628345,-0.010554602533442647,0.037350637018279675,-0.0193027839369303,-0.008381831856591804,-0.6192235310517878,-0.6192235310517878,-0.6127659574468085,-0.6153846153846154,-0.5551603005914003,-0.549203373945642,-0.36673244171599795,-0.8878964401294498,0.02814246717795399,-0.03747534516765305,-0.011394712853236122,0.006006006006005871,0.0011194029850745135,-0.09252669039145911,-0.25208085612366227,,-0.006054811982154296,0.008849557522123908,0.0,-0.05740100983258045
2017-06-30,-0.01062754622375428,-0.03742183105581842,-0.01033695454131367,-0.015397524894816828,-0.01117907879366431,0.02809177891615855,0.4676917444627493,0.4676917444627493,0.5164835164835164,0.5222222222222224,0.08076769292283092,2.896049896049896,0.9703404500865551,-10.368360277136258,-0.2564321385675453,-0.08284543325526927,0.017980636237897585,0.025373134328358082,0.016026835631755665,-0.08235294117647063,-0.0977742448330684,,-0.0006412311638346324,0.023391812865497075,0.0,-0.02241330702001698
2017-09-30,0.013715172607664528,0.08956070397360105,0.014975563309582274,0.03441740716239661,0.010918029038527566,-0.02619982246769903,0.04976303317535535,0.04976303317535535,0.0652173913043479,0.06569343065693412,0.757214206437292,-0.5955176093916756,-0.5413225560827037,-2.286084062615555,0.44352816153028685,0.001755505904883492,0.02898550724637694,0.03202328966521106,0.030814380044020595,-0.017094017094017144,-0.03964757709251099,,-0.002887391722810273,0.040000000000000036,-0.005102040816326481,0.053352559480894124
2017-12-31,0.059555288226816216,-0.05693666692956856,0.023993946247438558,0.028207964601769886,0.13841610906920487,0.028172780087021954,1.7653558274919807,1.7653558274919807,1.8027210884353742,1.8082191780821915,-0.2790146849834202,43.58179419525066,-2.1795428425488446,-2.041115583668775,-0.3198857445743396,0.04699697307631023,0.210387323943662,0.23131170662905487,0.14270462633451952,0.01739130434782621,-0.006422018348623881,,0.07464607464607442,0.23901098901098905,-0.01025641025641022,-0.08281998631074605
2018-03-31,-0.015670214060063636,-0.040335867392595204,-0.0324656453688712,-0.0629426663080509,0.017820481688337386,-0.024012167635979687,-0.732256401443547,-0.732256401443547,-0.7305825242718447,-0.7317073170731707,0.10351876186304576,-0.9616784541177167,-2.4853307350871496,-1.0073644481266686,0.003463803255975062,0.17087644552647596,-0.020363636363636584,0.00572737686139746,0.022422921208346214,0.025641025641025772,-0.09233610341643583,,0.03383233532934149,0.017738359201773912,-0.010362694300518172,0.024179104477611846
2018-06-30,0.023821471905568048,0.1477411371004287,0.009869126796824723,0.11143866866789054,0.050291446387420446,0.03522087737288748,0.4077342747111681,0.4077342747111681,0.40540540540540526,0.40909090909090895,-0.525469700979095,-0.24787644787644791,-1.0082361516034986,77.0875,0.26954608215395237,-0.023651721897335998,-0.03489235337787666,-0.003416856492027387,0.049345111178799916,-0.04583333333333328,-0.047812817904374416,,0.026064291920069538,0.013071895424836555,-0.015706806282722474,0.032643544156222726
2018-09-30,0.013969106291767508,0.089756342017145,-0.01228524892004812,0.005633060198959372,0.06173980382034072,-0.0030653074277157133,0.2214749800524336,0.2214749800524336,0.21794871794871784,0.2193548387096773,0.05869231841628331,-0.29055441478439425,5.115044247787611,0.22202657275492244,0.2594568874689869,0.1209902835085852,-0.014615384615384697,0.028571428571428692,0.05863570391872264,0.06550218340611358,0.09615384615384626,,0.046852949477843575,0.03870967741935494,-0.010638297872340274,0.08368614168783517
