Quarter end,Assets,Current Assets,Liabilities,Current Liabilities,Shareholders equity,Revenue,Earnings,Earnings available for common stockholders,EPS basic,EPS diluted,Cash from operating activities,Cash from investing activities,Cash from financing activities,Cash change during period,Cash at end of period,Price,ROE,ROA,Book value of equity per share,P/B ratio,P/E ratio,Cumulative dividends per share,Equity to assets ratio,Net margin,Asset turnover,Current ratio
1994-03-31,0.008292261108532761,0.0650079211843424,0.005864052305064149,-0.07149641155240616,0.014257342686544883,0.12820341398780544,1.040531561461794,1.040531561461794,1.032258064516129,3.1499999999999995,-0.4238457220304499,-0.05474808089467331,-0.5480166718648105,0.15776473323259332,-0.16099813102995408,-0.17162872154115583,0.05836575875486383,0.12077294685990325,0.026753434562545086,-0.16504854368932043,0.07989347536617841,1.0,0.006369426751592133,0.057657657657657735,0.0,0.14701101125663274
1994-06-30,0.008292261108532761,0.0650079211843424,0.005864052305064149,-0.07149641155240616,0.014257342686544883,0.12820341398780544,1.040531561461794,1.040531561461794,1.032258064516129,3.1499999999999995,-0.4238457220304499,-0.05474808089467331,-0.5480166718648105,0.15776473323259332,-0.16099813102995408,-0.17162872154115583,0.05836575875486383,0.12077294685990325,0.026753434562545086,-0.16504854368932043,0.07989347536617841,1.0,0.006369426751592133,0.057657657657657735,0.0,0.14701101125663274
1994-09-30,0.004981872406977228,0.12813734607910532,0.006059068963661929,0.0015619162827102961,0.0023575545128664555,0.13819975817910635,-0.007884326264228858,-0.007884326264228858,0.0,3.1499999999999995,2.29654411368897,-0.13478322320766045,1.0564895552349287,-4.373221053688411,0.6472956798790106,-0.13883016208597598,0.05836575875486383,0.12077294685990325,0.0021126760563381364,-0.16504854368932043,0.07989347536617841,0.5,-0.0024613220815751236,0.057657657657657735,0.0,0.12637715263664573
1994-12-31,-0.00880619296611762,-0.06707366697069406,-0.004922432138233734,0.038926622712288195,-0.018302937920388618,-0.35452034977103597,-1.1147354380966348,-1.1147354380966348,-1.126984126984127,3.1499999999999995,-0.31879869170263175,0.654156371878382,0.24182617758458536,-1.260881373588556,-0.1025118854783722,-0.05891980360065474,0.05836575875486383,0.12077294685990325,-0.018622628250175688,-0.05813953488372081,0.07989347536617841,0.33333333333333326,-0.010222065562213611,0.057657657657657735,0.0,-0.10203694031622434
1995-03-31,-0.009931062833244075,-0.05602160879972806,-0.00529439641882401,0.003846653582345816,-0.021423379755860616,0.15499785915744324,-4.428180158247109,-4.428180158247109,-4.125,3.1499999999999995,-0.3393988498610868,-0.5911935710846943,-0.1202279528864616,-0.44861025940873633,-0.06298022338888465,-0.026956521739130435,0.05836575875486383,0.12077294685990325,-0.023630504833512367,-0.012345679012345734,0.07989347536617841,0.25,-0.012108262108262213,0.057657657657657735,0.0,-0.05964467005076146
1995-06-30,0.005438048248429972,0.08945993465128832,-0.002382172167905816,0.107930528259085,0.025140508739569745,0.16789716418487033,1.888646249445184,1.888646249445184,1.8399999999999999,3.1499999999999995,-0.3680043254070491,0.5361395456512767,-0.29284670581775196,2.373008483343679,-0.2267111464198608,0.03619302949061676,0.05836575875486383,0.12077294685990325,0.026035936927025993,0.0625,0.07989347536617841,0.20000000000000018,0.020187454938716876,0.057657657657657735,0.0,-0.016672289698605458
1995-09-30,0.00381814541523795,0.1487722188136722,-0.00476314994694238,-0.0326386369645284,0.024857631529636492,0.2324236404381741,0.6171674769365039,0.6171674769365039,0.6338028169014085,3.1499999999999995,2.5580767773273774,-0.011021052700551093,0.2802984937122852,-3.102558007575874,0.616423389662095,0.07546356188012071,0.34375,0.12077294685990325,0.025375268048606126,0.04705882352941182,0.018495684340320562,0.16666666666666652,0.02155477031802122,0.31686541737649043,0.03846153846153855,0.18756254467476774
1995-12-31,-0.014634315155862221,-0.11423432825942326,-0.016894310015993175,-0.01223870398766913,-0.009253443446208154,-0.2676805396770505,-0.8562090012845948,-0.8562090012845948,-0.8620689655172413,3.1499999999999995,-0.47185716867625416,1.3825620300129193,-0.21299561056343097,-1.6762945700812901,-0.2579050723750821,0.11267040898155578,0.11217510259917929,0.12077294685990325,-0.009759498082955731,0.0898876404494382,-0.17675544794188858,0.14285714285714302,0.005534417156693117,0.07244501940491599,0.03703703703703698,-0.10326230889611177
1996-03-31,0.044162673645340655,0.0483923912855686,0.07999317319314936,0.01958614121648039,-0.04048902702016999,0.1269745058625522,-3.301422001374425,-3.301422001374425,-3.375,3.1499999999999995,-0.1802052015350395,2.63925008064247,-8.283114983215558,-1.403398367144444,0.14019565584062676,0.022702702702702693,-0.2755227552275522,-0.2844827586206896,-0.04259063709961286,0.030927835051546504,-0.0845588235294118,0.125,-0.0822153422772619,-0.30398069963811825,0.03571428571428559,0.028244643720130913
1996-06-30,-0.008753915663440859,-0.029987475692956678,-0.023334718306024516,-0.0212074068931567,0.030019612463018985,0.15855801655042678,-3.1628422454979788,-3.1628422454979788,-3.1842105263157894,3.1499999999999995,0.199001897066442,-0.8669155616412397,-1.3679347475196741,-4.512318365928323,-0.43186603484238084,-0.052854122621564525,0.06621392190152786,0.06024096385542177,0.03088235294117636,-0.010000000000000009,0.308433734939759,0.11111111111111116,0.040104947526236945,0.024263431542461023,0.034482758620689724,-0.00898219228158137
1996-09-30,0.0042679921934347664,0.12347886508002581,-0.007092131963468473,0.04475398446353407,0.03291222682908268,0.15424785090619553,0.4861700376480833,0.4861700376480833,0.4698795180722892,3.1499999999999995,0.9394690133446066,-0.5258597921570879,-0.31864288638889426,-1.9963082216284929,0.757341943173895,-0.004836309523809534,0.039808917197452276,0.03977272727272729,0.020684736091298284,-0.04040404040404044,-0.07243707796193988,0.10000000000000009,0.029189189189189113,0.011844331641285955,0.03333333333333344,0.07535437635031883
1996-12-31,-0.0076821339702706215,-0.10686777896146338,-0.02990236722776085,1.9047029053710016,0.04617562670725994,-0.26401539934330176,-0.8610261540660283,-0.8610261540660283,-0.8688524590163934,3.1499999999999995,-0.6096247513755484,1.5294922560879622,-0.09364772202926652,-1.83553878124809,-0.36008277537876976,0.04224299065420567,-0.015313935681470103,-0.005464480874316946,0.028651292802236217,0.021052631578947434,0.00794176042356054,0.09090909090909105,0.05532212885154064,-0.02006688963210701,0.0,-0.6925074729259568
1997-03-31,0.18210460947682727,0.267773190892995,0.2619792324654231,0.44734344116305014,0.0025819196337035777,0.2999340423044272,1.8219354175236528,1.8219354175236528,1.9374999999999996,3.1499999999999995,0.9956028706562439,9.12549787445904,-8.337892875747865,-2.0494778807995466,0.5905434226131518,-0.06061692969870869,0.427682737169518,0.4065934065934065,-0.00815217391304357,-0.08247422680412364,-0.06040709126723576,0.08333333333333326,-0.15195753151957536,0.38395904436860073,0.032258064516129004,-0.12406374501992024
1997-06-30,-0.0060984813854966236,0.025689146074528324,-0.013046183617633544,-0.03963451670831619,0.013557017086713197,0.06468865009607705,0.44475319327271734,0.3326652211147756,0.2978723404255319,3.1499999999999995,-0.2713958009731209,-0.9659972719901471,-1.1153778718616452,-0.698226063621235,0.11204385288128238,-0.047728140511645645,-0.08932461873638353,-0.0859375,-0.001369863013698569,-0.0449438202247191,-0.3494060097833682,0.07692307692307687,0.020344287949921602,-0.10727496917385937,0.0,0.0679523333030112
1997-09-30,0.004713301491305888,0.07214318288570776,0.010100548337562687,0.13893495999584204,-0.01012753522351717,0.28442213131688776,-0.4115172879132798,-0.4466488008969346,-0.4590163934426229,3.1499999999999995,1.073988631903521,3.2928572421752245,0.18104099270018548,1.5154104892379205,0.2534398999301839,0.04370489174017633,-0.354066985645933,-0.3418803418803419,-0.020919067215363518,0.04705882352941182,0.13641245972073035,0.0714285714285714,-0.01495398773006118,-0.39640883977900554,0.03125,-0.05860306643952318
1997-12-31,-0.00403818846473003,-0.03716394482850749,-0.012219613181271627,-0.05980338108830607,0.018960645232123596,-0.09197068759613192,-1.6511181834742448,-1.7506980306886413,-2.090909090909091,3.1499999999999995,-0.7958927217253619,-0.06913952930964118,-1.4739268404351051,-1.1791615254383196,-0.036225653165306126,0.023050326546292688,-0.27037037037037037,-0.27922077922077926,0.011208406304728635,0.04494382022471921,0.6030245746691871,0.06666666666666665,0.02335539120280261,-0.33867276887871856,0.06060606060606055,0.02406804198335144
1998-03-31,0.0015231456962225831,-0.034014836714783336,0.020203162630801463,0.07759491972311716,-0.0493814658707703,-0.08943817853938785,-1.7945295656896465,-1.7945295656896465,-1.5555555555555556,3.1499999999999995,0.8310064902579428,-0.17016131277140634,-0.002806555847962966,-6.076846691011596,0.19082484194151572,0.07848291400675933,-0.21573604060913698,-0.19819819819819828,-0.05230342916522346,0.06451612903225801,0.6126179245283019,0.0625,-0.05173069608216063,-0.24567474048442905,0.028571428571428692,-0.10355186428697649
1998-06-30,0.004864760242152322,0.036357701284499555,-0.01426713848800576,-0.0183518536488273,0.06081710922117445,0.08461487913148291,3.2312233315381746,3.2312233315381746,3.1499999999999995,3.1499999999999995,0.3800997453542636,0.12939800158497872,-3.7087331612924777,-2.3609777334704614,-0.21809115138377166,-0.07938718662952637,0.26213592233009697,0.1797752808988764,0.06103801169590639,-0.02020202020202022,0.23948811700182793,0.05882352941176472,0.05695948656237482,0.22935779816513757,0.05555555555555558,0.05568697023457525
1998-09-30,0.007245363458308285,0.09426079506619245,0.013572554446732887,0.07430170198754138,-0.009949150882116231,0.8285321271325814,0.2286672377921919,0.2286672377921919,0.2289156626506026,0.2289156626506026,0.6345305092441056,0.016580718695818453,-0.0451685109190636,-1.1614510894761243,0.04503217230285417,0.07791225416036296,0.617948717948718,0.5523809523809522,-0.00998966586290051,0.010309278350515427,-0.15929203539823,0.0370370370370372,-0.0174573055028463,0.38432835820895517,0.1578947368421053,0.018579030902810212
1998-12-31,-0.1652244503787852,0.05215319571272148,-0.23498063974326588,-0.38767276565423037,0.028845841604201894,-0.5454075000757501,0.12392723100093228,0.12392723100093228,-0.06862745098039225,-0.06862745098039225,-0.3435230508107794,-4.35454595255921,2.0651681837702744,9.80643216080402,0.465667113359838,0.06140350877192979,0.7606973058637083,0.8466257668711656,0.029923451635351483,0.0714285714285714,-0.37192982456140355,0.03571428571428559,0.23329470838161437,0.8409703504043127,0.0,0.7183318056828598
1999-03-31,5.956751706692742e-05,-0.013157963131111505,0.0007329316330411118,0.03316386582850939,-0.0013334237683323424,-0.21362469604429613,-0.7415505689673508,-0.7795703498883335,-0.736842105263158,-0.736842105263158,-0.5246209745069532,-1.0544688495141668,-0.747844362157692,-1.2607816460909724,-0.08285471867757987,-0.031074380165289295,-0.0018001800180018623,0.07308970099667778,-0.002702702702702786,-0.05714285714285716,-0.4541899441340782,0.034482758620689724,-0.0012527403695582473,0.08199121522693997,-0.022727272727272707,-0.044860511015095805
1999-06-30,0.010256206469285933,0.13200086161465152,0.006976078670195784,0.24946326551987918,0.01705586137546744,0.4125086437037859,1.877102021781472,2.212830285778614,2.24,2.24,0.8748777446013569,2.0294417461174072,-0.11090825534759363,-0.9936825587674876,-0.0005707163594923514,0.038553394745820535,-0.01352569882777277,0.049535603715170184,0.017276422764227695,0.04040404040404044,0.021494370522006312,0.03333333333333344,0.0068987143305110354,0.012178619756427755,0.023255813953488413,-0.0939908410588629
1999-09-30,0.013606725290347343,-0.03196482676402501,0.01453527384385822,-0.03663906811175033,0.011700935167692439,0.3229708634590511,0.4119032408775827,0.4326924520840738,0.43209876543209846,0.43209876543209846,0.12428134151424075,-2.252840346779621,0.5997143031675696,-418.2,0.23823883197910356,-0.018396846254927768,0.029250457038391353,0.1032448377581121,0.03529803529803521,-0.029126213592232997,-0.012024048096192508,0.032258064516129004,-0.0015571473061352092,0.2192513368983957,-0.09090909090909083,0.004807988658078077
1999-12-31,-0.01764005767031518,-0.18560901880156622,-0.013953303471046286,-0.11150775027239157,-0.02522809812316862,-0.42817850016397263,-0.9452859622228675,-0.9850394278507018,-0.9827586206896551,-0.9827586206896551,-0.15429805933690943,-2.866974216380182,-0.6523352132534368,-1.5052075279126589,-0.0972026141068344,-0.09839357429718865,-0.3348134991119006,-0.31016042780748665,-0.004503055644901943,-0.13,-0.13793103448275856,0.03125,-0.008421709295071689,-0.3092105263157895,-0.050000000000000044,-0.08336911845899031
2000-03-31,0.016408030128404638,0.03517780569420581,0.032361728395856826,0.06136234515640315,-0.01680750918125673,0.03374007841964621,5.690323376943964,22.087342363381598,20.0,20.0,-0.09837031618304481,-0.7193074501573977,-3.2168233932358334,-4.614788910230412,0.3891979939343455,-0.20786933927245732,0.0694259012016023,0.05426356589147274,0.00904684975767367,-0.206896551724138,0.12117647058823522,0.030303030303030276,-0.03302925448254168,0.04603174603174609,0.026315789473684292,-0.02469548922500331
2000-06-30,0.0411796786325207,0.16468199547829876,0.06403325373534341,0.22773527715203978,-0.008780896143461892,0.18012555396325247,1.2670694585370352,1.3992716973497874,1.4761904761904763,1.4761904761904763,0.3755412962778133,3.9939202090242185,-0.3042979484032762,-0.7650647681830403,0.06581950256687641,0.19915651358950326,0.06991260923845188,0.040441176470588314,0.04418828049951973,0.18840579710144922,0.11437565582371456,0.02941176470588247,-0.02797657774886142,0.08497723823975711,-0.05128205128205132,-0.05132779798257048
2000-09-30,-0.012217136493600012,-0.03393370428810383,-0.025581677181249485,0.044970755651176475,0.019145520789893178,0.6051895697796039,0.2478547277365699,0.26451988262673276,0.29807692307692313,0.28846153846153855,0.021901090490334507,-0.2802181327913552,-4.5372879220331,-6.081953179909531,-0.3138351564821482,0.27159046502540063,0.02450408401400228,0.010600706713780994,0.03434529285495236,0.2195121951219512,0.1610169491525424,0.028571428571428692,0.03179384203480584,-0.01958041958041956,0.05405405405405417,-0.07551537070524417
2000-12-31,0.06401620703086852,0.05562436557429429,0.0966945024942496,0.17197840218432447,-0.00930463632037426,-0.23203533092140438,-0.8368281875124312,-0.8556082338114386,-0.8518518518518519,-0.8582089552238806,0.8172750093908328,1.4039257238070744,-1.343183215552902,-1.2647854109595114,0.1211064245970892,0.18899815611555004,0.0603644646924828,0.020979020979021046,-0.011265935369107472,0.1499999999999999,0.11273317112733183,0.02962962962962945,-0.06908855011352588,-0.032810271041369465,0.0512820512820511,-0.09928800563336204
2001-03-31,-0.014608436686284865,-0.14905021835440235,-0.023833104897746038,0.043523102970172145,0.008303634344109634,0.006494105254290394,2.2146553963591313,2.559504017733444,2.4999999999999996,2.631578947368421,-0.7673928524164529,-0.1310496415134934,-0.04282664909675937,-3.3610874878628585,-0.2550541657262895,-0.025071077797880537,0.07303974221267451,0.0547945205479452,0.005097451274362896,-0.017391304347826098,-0.08017492711370278,0.02877697841726623,0.02334494773519169,-0.001474926253687392,0.07317073170731714,-0.18450312717164696
2001-06-30,0.006950010914283489,-0.08948027239322676,-0.002511455547686392,-0.009265035021559287,0.029701236118934604,-0.05924800192427537,0.5265834115533563,0.5497778210242936,0.5428571428571431,0.5362318840579712,1.2548684937741799,-0.3255815198479617,-2.1447329338381245,-0.06085486665929274,-0.3215440203295492,0.08032873806998952,-0.009009009009009028,-0.009740259740259827,0.025357995226730212,0.07964601769911517,-0.009508716323296307,0.027972027972027913,0.022812393598910408,-0.02954209748892178,0.022727272727272707,-0.0809544098849595
2001-09-30,0.03212035617204534,0.09456920412065628,0.0333717681743515,0.15495946180514042,0.02920532412414345,0.03224493001976536,0.2926546218590049,0.30797887035068183,0.30555555555555536,0.31132075471698095,0.5092263513919426,-0.011428582768419848,-1.2857301718705596,-1.6117758262466177,0.2899419632314528,-0.08515337423312885,0.002020202020202033,-0.006557377049180246,0.03229560663369213,-0.11475409836065564,-0.09040000000000004,0.027210884353741527,-0.0029960053262316766,0.10045662100456632,-0.08888888888888902,-0.052387575336115044
2001-12-31,-0.010363104151559055,-0.2013956518747071,0.00622844166112646,-0.21957635871153813,-0.04916781365167422,-0.2633328881531337,-0.9162114826085039,-0.933913416366918,-0.9290780141843972,-0.9280575539568345,0.5711822334597019,-0.04552416627020217,-10.52332972972973,-1.7389784826810017,-0.16610117211597775,0.0005364806866952065,-0.03427419354838712,-0.0363036303630363,-0.05411499436302125,-0.02777777777777779,-0.014951627088830244,0.026490066225165476,-0.039065108514190316,0.04426002766251713,-0.09756097560975607,0.023361056751467713
2002-03-31,-0.015455430079554078,-0.08277141207244121,-0.02046954824761349,-0.0527747259606981,-0.0030450562096131506,-0.019302646696109482,-3.743824955825407,-4.821751973270059,-4.6,-4.6,-0.6413600839893311,-0.9010883852989116,-0.5522937696104474,-1.0783017040406673,0.015596622018087425,0.10080428954423604,-0.32150313152400833,-0.3116438356164384,-0.012514898688915421,0.16190476190476177,0.1312500000000001,0.02661290322580645,0.012508686587908269,-0.25960264900662255,-0.08108108108108103,-0.03167204493844866
2002-06-30,0.01926620048345229,0.09759923539938176,0.014867502298559376,0.28429660403171964,0.02996307435335721,0.12668889325968902,-4.392365345354397,-4.0618831012505865,-4.0,-3.9444444444444446,0.2689352732245842,8.484903253242612,-0.9011058483861916,-3.7840812148097593,-0.042755422215526084,0.07038480272771563,0.004615384615384466,-0.00497512437810943,0.031080265540132768,0.0901639344262295,0.5840568271507498,0.025923016496465,0.01029512697323276,0.051878354203935606,-0.02941176470588236,-0.14539619846951368
2002-09-30,0.029831507875711205,0.09324705227590124,0.03334375744230411,-0.18364327833320115,0.021415507048616833,0.1775719612073181,0.48151140012520943,0.49336445233454573,0.4907407407407407,0.5,0.9312683708916005,-0.24195706999943956,10.018938875974293,-7.685644246974108,0.29861495086634005,-0.12332195676905577,0.09800918836140893,0.09000000000000008,0.030728709394205467,-0.15037593984962416,-0.12356751370204289,0.025267993874425798,-0.00815217391304357,0.11224489795918369,-0.030303030303030276,0.33925476603119575
2002-12-31,0.006385182981524462,0.08647993682276822,0.0080570790917589,-0.0030375372345808893,0.0023322253621771427,-0.23902789732165464,-0.7773446019629225,-0.7900830202063867,-0.782608695652174,-0.7861635220125787,-0.41031991458490435,0.64786008327813,-2.348817656658166,0.7713418826139167,0.4073179420053412,0.07993771087464308,0.08786610878661083,0.08715596330275233,-0.00596252129471897,0.04424778761061954,-0.01023308698123937,0.026138909634055185,-0.003767123287671148,0.10397553516819569,0.0,0.08972285128868762
2003-03-31,0.01680349268622061,-0.21970137725337324,0.002562045349458586,-0.2549599030826978,0.05152434150689755,0.08461925381038937,3.9090608546589936,4.214338516777992,4.057142857142858,4.088235294117647,-0.90084782549186,0.09511605953906388,-1.9154405084196071,-3.4784414280613327,-0.7173316218936472,0.10334054313866847,0.7435897435897436,0.7299578059071732,0.042559268780348436,0.11016949152542388,0.0028719126938541173,0.02547307132459964,0.034032313509797296,0.7520775623268698,0.0,0.047303315190499795
2003-06-30,0.052249298368744146,0.4178163299900213,0.06155305383060594,0.06523122541685566,0.03062278932169815,0.15516633026176763,-0.4724248795903453,-0.47939909925646884,-0.48587570621468923,-0.48554913294797686,8.358378197164212,-0.13984438246254594,-2.8821746952230676,-1.7311261513791494,1.855389384165,0.09213678937050762,-0.058088235294117774,-0.0585365853658536,0.02082191780821918,0.04580152671755733,-0.3917525773195877,0.024840312278211485,-0.020611702127659726,-0.061660079051383376,0.0,0.33109704242653315
2003-09-30,-0.009178231438516482,-0.14239844845520855,-0.026607181209056918,-0.06536366727359966,0.03255108927631123,0.14708130178354395,0.7570691717450606,0.7787017180426081,0.7582417582417582,0.7640449438202248,0.3714287520492927,-0.20435757574602909,-1.9807074641769167,-1.7142916298980762,-0.4641360350572148,0.024531312325488663,-0.024199843871974935,-0.012953367875647714,0.028717122920021376,0.007299270072992581,0.06308851224105472,0.031163434903047182,0.04209097080787516,-0.021061499578770015,0.0,-0.08241641229502383
2003-12-31,-0.0004767600479280709,-0.040164082384455346,0.002713565483608793,-0.0300868926629545,-0.007677575573498019,-0.22108680153696592,-1.0904695277815148,-1.1079327672278512,-1.10625,-1.10828025477707,0.27492059979994377,-0.4482467146852611,-0.3390204261644384,-1.229269326339315,0.19858054104968637,0.054117189020829404,-0.13280000000000003,-0.12073490813648291,-0.017218888599008553,0.021739130434782705,0.05845881310894607,0.030221625251846795,-0.007166123778501565,-0.1325301204819277,0.0,-0.010444066223116222
2004-03-31,0.00728775196372089,0.03976200687575271,0.0011624361881725775,-0.0813522604933874,0.021257843541186983,0.07055373263983822,-7.3354251553995775,-6.247372020567897,-6.294117647058823,-6.1764705882352935,-0.5194000530286595,0.10768549741560007,-1.084226069120609,0.5932652651954415,0.26397181295893146,0.0731301939058171,-0.21771217712177116,-0.20597014925373147,0.024688080700822956,0.09219858156028371,0.21004184100418422,0.02933507170795302,0.013779527559055094,-0.22023809523809523,0.03125,0.13188960988194842
2004-06-30,0.0037292559226649313,-0.006502776149722611,0.01267317737220286,0.03223901640736093,-0.01626788412541391,0.10372770035206869,0.27225654410936273,0.28007684844155034,0.28888888888888875,0.2954545454545454,0.32982172815110355,0.51335245304309,-11.577520232768528,-2.5830186614130137,-0.3306025511935933,-0.048700739975907736,0.07311320754716988,0.07894736842105265,-0.0015544041450777923,-0.07142857142857151,0.20608575380359606,0.02849905003166553,-0.019741100323624527,0.06488549618320594,0.0,-0.037574250587097624
2004-09-30,0.0023679259765854166,0.024432770998358277,-0.001398674089360008,0.10826929741468927,0.011037182989769523,0.19254137766050983,0.06286091708454644,0.06434071694157217,0.06896551724137945,0.07017543859649122,0.47953882447006113,0.13931584765662408,-0.20564711865190355,-1.0074084317148635,0.0036588822225789297,0.05282199710564406,-0.10659340659340655,-0.1045296167247386,0.026206538661131207,0.05594405594405605,-0.0240825688073395,0.027709359605911477,0.008583690987124415,-0.12903225806451601,0.030303030303030276,-0.07564231376489161
2004-12-31,-0.021672318015570458,0.006104374510400579,-0.0041423392349435595,-0.02755016654429654,-0.06152327633373744,-0.18224033694371777,-0.4411502289556912,-0.4510529896118253,-0.435483870967742,-0.4098360655737705,0.549403195279093,-0.8670419091464786,1.7252047898267109,101.610825944937,0.3740722406228896,0.10618556701030912,0.2865928659286594,0.2645914396887159,-0.015676359039190846,0.07947019867549665,0.23207990599294948,0.03235470341521873,-0.04058919803600647,0.2318244170096022,0.02941176470588225,0.03462732919254652
2005-03-31,0.004101759552554762,0.01581278445670331,0.019892185954994757,-0.026961266653032556,-0.033989470736933924,-0.041296935791544254,0.10961329398975006,0.11010281598327065,0.14285714285714302,0.09722222222222232,-0.5874286597995811,8.714600673377655,-0.9214513995150042,-1.6384137883990086,-0.406486772905999,0.05995650823237031,-0.013384321223709361,-0.03384615384615397,-0.02876958643719485,0.07361963190184051,-0.178350023843586,0.031340684852002365,-0.03821221426134436,-0.04454342984409798,0.028571428571428692,0.043974185802191146
2005-06-30,0.005426198233849044,0.0068565651421197416,0.01072039515164791,-0.01018506727696289,-0.008057332744248136,0.16618002646106111,0.6391725450677417,0.6637014814298008,0.7,0.6835443037974684,-0.4705808463464821,-0.7726732944999305,-0.9849240766166855,-1.963699566902211,0.2822015761302623,0.069314185228605,0.04844961240310086,0.02547770700636942,0.012959534514678461,0.10285714285714276,0.0946024376088217,0.030388294879009514,-0.013125221709826107,0.0011655011655011815,0.0,0.017179413456009263
2005-09-30,0.0484791882594231,0.281934018976292,0.07159614485764432,0.43142980006980114,-0.011510784127515272,0.1550873051637578,0.21721785996058585,0.22296697536257204,0.23529411764705865,0.24060150375939826,0.28000918927265395,2.9188329528305537,-144.107303877367,-1.0643442138253207,-0.027101465779498568,0.02603809784843092,0.1081330868761552,0.06521739130434767,-0.010966057441253119,0.010362694300518172,-0.022269353128313796,0.029492080830147538,-0.0575125808770669,0.05937136204889404,0.0277777777777779,-0.10444491555367108
2005-12-31,0.029516955830567015,-0.004629022972851615,0.0452492981771786,-0.02725109087397737,-0.014741942519518103,-0.37899359401814403,-0.7307400922589986,-0.7421560671177762,-0.7440476190476191,-0.7333333333333334,0.06173704016453008,0.5573728405204079,1.5982256499439216,0.7473865594485927,-0.02543513630564298,-0.042206491251502776,-0.05087572977481236,-0.08454810495626819,-0.016631467793030708,-0.03076923076923077,-0.13394793926247295,0.028647214854111258,-0.04271548436308159,-0.023076923076922995,-0.08108108108108103,0.023277834766826988
2006-03-31,-0.01086577670435529,-0.1903683510120322,-0.02729283162289653,-0.27672116304987926,0.038161391557802515,0.3212870250460105,1.101541251133273,1.145866811476954,1.162790697674419,1.0909090909090908,1.8058388294629495,0.08896539480858734,-0.9612153634983533,-12.147590559463547,0.2909405991558285,-0.017291870032073553,0.023725834797891032,0.006369426751592577,0.03785234899328849,0.0,0.04821540388227907,0.02784940691077864,0.04940239043824701,0.0,0.02941176470588225,0.11937075879086989
2006-06-30,0.0015607198914302511,0.005441362392908378,-0.005482247503928894,-0.012796405867516736,0.02125544943340074,0.023547612937694362,0.43591879642577336,0.45537835437023566,0.4516129032258065,0.44565217391304346,-0.5377569715016568,-0.7721494371594689,-19.472206590383294,-1.1383060283311512,-0.03117017063050087,-0.008372357031360966,-0.012875536480686733,-0.018987341772152,0.0191412312467667,-0.042328042328042215,-0.03823178016726392,0.02709483191169082,0.0197418375094911,0.003374578177727683,-0.02857142857142847,0.018462386332323
2006-09-30,-0.00019693313693025516,-0.03502147503281372,-0.0158894394691812,-0.0431896781773472,0.0425362071765194,0.23824102093131372,0.3664599276183109,0.37998665729838677,0.3851851851851851,0.37593984962406024,0.6597596724982266,0.7414179924465045,0.4206975689343524,-1.6862527716186253,0.0220788164634933,0.07899255867200927,0.020000000000000018,0.03548387096774186,0.050000000000000044,0.055248618784530246,0.07888198757763965,0.026380068392769962,0.0428145941921072,0.029147982062780242,0.0,0.008590367965368051
2006-12-31,0.017183158105003704,0.043655184924116464,0.04024883594520823,0.15357725799085054,-0.04210820891162459,-0.2377510931051191,-0.37915156661460625,-0.3682778624933464,-0.2994652406417112,-0.3005464480874317,0.49592824022224113,0.4790062950300078,-0.08369568584097153,15.846278116068099,0.36391115501699267,0.14323607427055696,0.14663256606990638,0.14953271028037407,-0.0007251631617112286,0.08900523560209428,0.09786989061600448,0.02570204664445508,-0.05855051767226005,0.10566448801742911,0.0588235294117645,-0.09529877271812759
2007-03-31,0.0020625922477661707,-0.008818698551828152,0.01848131453288482,-0.1528020834601015,-0.04377115712866009,0.048096945228880195,-0.13624595996189948,-0.13624595996189948,-0.19083969465648853,-0.1953125,-0.5902880923327407,-0.49823995364748275,-0.5856343104089364,-0.7644214455378351,0.06285575386359521,0.13526682134570756,0.023048327137546343,0.005420054200542035,-0.03870343492985007,0.13942307692307687,-0.042475091767173456,0.025058004640371223,-0.04550625711035272,0.01379310344827589,0.0,0.16997776130467024
2007-06-30,0.07281267872999764,0.22472868000684443,0.09951318413512111,0.1922954454804584,-0.006575664212629673,0.06504116943501148,0.26111359834114856,0.26111359834114856,0.28301886792452824,0.2815533980582525,0.02502368155191359,2.019112663078511,-4.129776980132783,2.493071973195973,0.22240174514802002,0.14684242795830782,0.0,-0.043126684636118684,0.0015098137896325525,0.1898734177215189,0.12376779846659347,0.024445450430058857,-0.07389749702026216,-0.02526724975704575,-0.02777777777777779,0.027181144269150304
2007-09-30,0.010288577249187192,0.04984767781119781,0.006297445161624671,0.09375503252340422,0.02342263745698392,0.18767386738847214,0.7233017690450745,0.7233017690450745,0.7426470588235294,0.7424242424242422,0.35776387588289893,-0.4310057109923504,-1.1636334472837364,-0.3435272919598755,0.11093816040029636,-0.09168671478214385,0.08502906976744184,0.03380281690140863,0.03015075376884435,-0.0921985815602836,-0.09015594541910321,0.033141847105611966,0.012870012870012992,0.061814556331006854,-0.02857142857142847,-0.04015544041450769
2007-12-31,-0.003421803155630343,-0.06602494298695272,-0.0003208006141006692,0.19579380710466054,-0.013455855791650428,-0.1408773924192337,-0.5795528223454384,-0.5795528223454384,-0.5822784810126582,-0.5826086956521739,0.40807400923606285,0.491175041955096,4.873696592454634,-2.32240907259854,-0.13205562203199728,0.14381008436335097,-0.03348961821835217,-0.06267029972752047,-0.007317073170731603,0.109375,0.05302624531333677,0.03207869974337041,-0.010165184243964509,-0.07230046948356805,0.02941176470588225,-0.21894479789216625
2008-03-31,0.003619326242051857,-0.003031897706232023,0.012074554046648922,-0.01550961478822166,-0.024103895482845417,0.013803517605545323,0.59236795552186,0.59236795552186,0.6161616161616164,0.6250000000000002,-0.519655569345929,-0.09283588264716958,-0.5857312722948871,0.7452241795914996,-0.2806714213107452,-0.026843910806174875,0.09078309078309088,0.06395348837209314,-0.015479115479115513,-0.017605633802816878,0.02899287894201419,0.031081641110650704,-0.02738553701326485,0.06072874493927127,0.0,0.012670725687016438
2008-06-30,0.027501270777316567,0.2006334627896993,0.04901647145901311,0.07672125911853844,-0.045658562650280565,0.13946739906741779,-0.12241335194607916,-0.12241335194607916,-0.11250000000000004,-0.1217948717948718,0.03844300153959446,-0.2852144494495602,-1.6334018168267972,-1.5050410919999289,0.18642992401491298,0.01877148144884111,0.017789072426937613,-0.005464480874316946,-0.046169203893186905,0.032258064516129004,-0.06920415224913501,0.030144694533762006,-0.07127144742630875,-0.038167938931297773,0.028571428571428692,0.11504712382190463
2008-09-30,0.05086344955938382,0.24250110014890258,0.040573008873483474,-0.038489034623996665,0.08932615302469471,0.21432442343175562,0.7356783808321707,0.7356783808321707,0.73943661971831,0.7591240875912408,2.8230529072903034,1.226123331341379,3.957387944604328,7.607720469788829,1.3525760271570597,-0.10614186851211072,0.0074906367041196464,-0.013736263736263798,0.1023024594453168,-0.06249999999999989,-0.11364843335103547,0.029262582910651647,0.03647560397915672,-0.044642857142857206,0.0277777777777779,0.29226173127368105
2008-12-31,0.004357182425217099,-0.12342100274436874,0.005940267422107182,0.1345251505035463,-0.0012951109093067847,-0.24294782592023378,-0.6372996178945287,-0.6372996178945287,-0.6356275303643725,-0.6182572614107884,-0.6450663062141526,-0.30757959964621195,-1.9967204964959828,-1.432399638780592,-0.2486012689131918,-0.2660408400270976,-0.022304832713754608,-0.03899721448467963,-0.0018988844054119713,-0.33333333333333337,-0.2786099460754944,0.028430629264594387,-0.005484460694698434,-0.03219106957424711,0.0,-0.22734705384832254
2009-03-31,-0.0001155479976441276,-0.05717069003906483,-0.02331726807320822,-0.13589787710434764,0.08332471400568786,-0.07056460682862653,0.40896619648950017,0.40896619648950017,0.3555555555555554,0.3043478260869563,-0.406792248469551,-0.0009684459608698681,-1.2474687261172117,-0.8150243076375872,-0.06119945368137625,-0.03428270042194104,-0.08428390367553873,-0.07536231884057987,0.04661117717003571,-0.033333333333333326,-0.028239202657807327,0.027644673792849295,0.0831801470588236,-0.0504291845493563,-0.027027027027027084,0.09107494709187769
2009-06-30,-0.0034787763017128936,-0.0894691170201789,-0.012773664783313321,0.07593519225030931,0.01576611807138617,-0.09620373796391113,-0.05625527913353556,-0.05625527913353556,-0.049180327868852514,-0.050000000000000044,0.7130204287556157,-0.26920603213966565,-5.484532664100697,3.4417397667038196,-0.2895525020549563,-0.02935554341889668,-0.08027681660899655,-0.050156739811912154,0.01726880254487617,-0.06896551724137923,0.02991452991453003,0.026901004304160647,0.019516334323292472,0.02033898305084758,-0.05555555555555547,-0.15370209350545117
2009-09-30,-0.008630481055068362,-0.10457248266730113,-0.0011496214300034113,-0.036280221260081125,-0.03229656530094083,0.16514908625831048,1.0068029610295706,1.0068029610295706,1.0258620689655173,1.0350877192982457,0.5473516899630686,-0.30570217843399006,0.1818857945624328,-0.7124284792098856,-0.11720366896269596,0.08425938950625955,-0.02784048156508634,-0.00990099009900991,0.0029037301764573975,0.061728395061728225,0.12780082987551866,0.026196297589940576,-0.024136496046608502,0.07641196013289031,-0.08823529411764708,-0.07089227851102509
2009-12-31,0.03301772018423388,0.14302651278624112,0.03856954527722767,-0.05340445747932687,0.015325672756283604,-0.149277091820319,-0.32162120003778816,-0.32162120003778816,-0.28936170212765966,-0.2887931034482758,-0.06964375990702754,0.9706654884514596,-1.3714055450470675,-4.855209256163115,0.511833424715683,0.04138557343020244,0.10526315789473695,0.11999999999999988,0.014031180400891019,0.04069767441860472,0.058866813833701404,0.025527569775357417,-0.01705756929637514,0.17901234567901225,-0.06451612903225812,0.20755358965634563
2010-03-31,0.019933441273299435,0.043769729394258494,0.017380810299332028,-0.04202132938759806,0.028643758068860548,0.10433337308807067,-0.30759415370963505,-0.30759415370963505,-0.32335329341317365,-0.32121212121212106,-0.2701393226220926,-0.2029972183265737,-1.6999950458261086,-1.0907388241636156,-0.03071976208957794,-0.01370374984427547,-0.02801120448179273,-0.03273809523809512,0.027893696463869855,-0.027932960893854775,-0.127866574009729,0.02489213408562896,0.008676789587852562,-0.019197207678883,0.0,0.08953226260918568
2010-06-30,-0.009376373840765062,-0.0782015036068816,-0.009191700603008224,-0.08277618561589861,-0.010083544401805034,0.03754620205432668,0.4745906201619279,0.4745906201619279,0.47787610619469034,0.4732142857142856,0.17693933394140293,0.27549820738464414,1.1599454565185594,5.122017632385703,-0.1940274007654641,-0.01717822407477576,0.07276657060518721,0.06461538461538452,0.003205128205128416,-0.04597701149425293,-0.004780876494023922,0.026878238341969007,-0.0008602150537634357,0.04003558718861222,0.034482758620689724,0.004978340984030494
2010-09-30,0.024267090597459573,0.15700574117448585,0.03306358883352889,0.038368732059530286,-0.004445007934337997,0.1638959814177683,0.5633972581883235,0.5633972581883235,0.5868263473053892,0.5878787878787881,1.1387617207829437,0.25004068731909346,-0.38943512290811544,-2.8518708593822897,0.4458137779628071,-0.02878807351240209,0.022162525184687754,0.011560693641618602,0.0279020234291798,-0.030120481927710774,-0.10248198558847077,0.02617470829391344,-0.02798105897546277,-0.005988023952095856,0.0,0.11425630468347925
2010-12-31,0.00044142207059150174,-0.14034377270323728,0.00845845289873104,-0.047332943058541854,-0.02695358274032522,-0.23980486024747794,-0.5368279886221154,-0.5368279886221154,-0.5207547169811321,-0.5152671755725191,-0.5516336673039702,-0.29490304109179,1.9267741185309744,-2.0689491849948354,-0.32960833675571066,-0.030303030303030165,-0.057161629434954064,-0.06857142857142873,-0.016576875259013635,-0.05590062111801242,-0.07136485280999116,0.025507068223724616,-0.027457927369353485,-0.0636833046471601,0.0,-0.0976327944572748
2011-03-31,-0.0022414212580518234,-0.12940453086516202,-0.00416841724152639,-0.16767408110727822,0.0045593427804717646,0.0031992369835585066,0.08923698262305568,0.08923698262305568,0.09448818897637778,0.0866141732283463,-0.5754212922080653,0.5476402078418718,-1.007074157017681,-0.10717624562610872,-0.43897048371845815,-0.05008187772925765,0.03763066202090615,0.024539877300613577,0.010535187526337975,-0.03289473684210531,0.003842459173871271,0.024872640095894738,0.006830601092896238,0.047794117647058876,-0.033333333333333326,0.0460042229189328
2011-06-30,0.013762039760751632,0.022648326206206715,0.015641506404459937,-0.029574890165245504,0.007314234403708486,0.1031285121092016,0.26911924974765045,0.26911924974765045,0.27338129496402885,0.2753623188405798,1.0245929291459945,0.03799291946589367,12.890271297736305,-0.6544053076632027,-0.27040621725414704,-0.026289326246228928,0.004701141705842904,-0.0059880239520957446,0.013969974979149313,-0.04081632653061229,-0.06315789473684208,0.024269005847953107,-0.006331976481230184,0.0061403508771928905,0.0,0.05382921458282364
2011-09-30,0.0008110706324018224,0.07541943837425591,-0.011040700672296788,0.8557507924530994,0.042779084219882746,0.21127900576432102,0.990138885808171,0.990138885808171,1.0056497175141241,1.005681818181818,0.7618444144138636,-0.3900728114143548,-2.592127688690395,-3.3285687369830788,0.863027452638254,-0.06506344054293312,0.09826203208556139,0.09939759036144569,0.0468846391116593,-0.07801418439716301,-0.07967313585291103,0.02369397659149297,0.04187528447883482,0.0985178727114211,0.0,-0.42047829115393554
2011-12-31,0.039329471002360616,-0.12800463497635572,0.0513017747312019,0.18968780030869836,-0.00045642328776018815,-0.2669727140174222,-0.7545768357497922,-0.7545768357497922,-0.752112676056338,-0.7507082152974505,-0.13314105684390642,0.8516855119940823,0.8790045319581186,-1.6400907973635523,-0.296515185282736,0.07827047498816486,-0.06512477175897757,-0.06301369863013695,-0.0033392260852483924,0.030769230769230882,-0.04439511653718098,0.023145566090351233,-0.038007863695937005,-0.04841269841269835,0.0,-0.2670272435897435
2012-03-31,0.005614630485081262,-0.040402428794190426,0.008706669558198765,-0.41207211345306993,-0.005245908225061879,-0.04233531656671485,-1.9840663297413372,-1.9840663297413372,-1.9772727272727273,-1.9772727272727273,-0.39893560052889665,-0.287321063394683,-1.5807214887202412,-0.9677624341480413,-0.013587966096325399,0.0235621249817064,-0.3046874999999999,-0.3070175438596492,-0.00827749310208914,0.02985074626865658,0.07549361207897798,0.022621967838648338,-0.010899182561307952,-0.28690575479566305,-0.0344827586206895,0.6320032795845858
2012-06-30,-0.00030830517810020996,-0.07848404800800379,-0.004020899215348983,0.04510635754026415,0.012983242579866383,0.056610865899862306,-3.406340855600166,-3.406340855600166,-3.3953488372093026,-3.3953488372093026,-0.021783513738551252,0.0022101364652498123,-2.7064640634734225,41.56136074607885,-0.5862887991567908,-0.06219616814412343,0.0393258426966292,0.03797468354430378,0.012122416534181335,-0.05797101449275355,0.33369330453563717,0.022121535181236718,0.013314967860422522,0.07953216374268979,-0.0357142857142857,-0.11822825085824329
2012-09-30,0.027031762978307228,0.18862181988450133,0.029740222319523335,0.2900531009292415,0.01777697354461738,0.17666957833717145,-0.07647376308558063,-0.07647376308558063,-0.07766990291262144,-0.08252427184466027,0.7566149545724603,0.09600083096849121,-2.08177301452754,-2.161144297065056,1.6455099455526425,0.07912791584082934,-0.29639639639639637,-0.30487804878048774,0.015315138425289643,0.0692307692307692,0.021862348178137703,0.021642764015645355,-0.009062075215224286,-0.2632719393282772,-0.07407407407407418,-0.07862501186971782
2012-12-31,0.028051374843897525,-0.03272903945899808,0.03580589946754276,0.04639158181857095,0.0007145404798551969,-0.17792789752864802,-0.12109894152268841,-0.12109894152268841,-0.12631578947368416,-0.1164021164021164,-0.3017553584805823,0.5996797165564427,0.47022999072899574,-1.4656613613652252,-0.2896418524807295,-0.0495902797400396,0.1933418693982074,0.18713450292397638,-0.0013537033455811587,-0.06474820143884885,0.34231378763866904,0.02118427769270026,-0.026520347508001807,0.20882352941176463,0.0,-0.07564670720395761
2013-03-31,-0.009479288954144405,-0.09781175012747323,-0.012547869945731871,-0.0511165590805005,0.0017382674017833999,0.07085204370633669,-0.45522113498972205,-0.45522113498972205,-0.4518072289156626,-0.4610778443113772,-0.2449808951321102,-0.4973605657124194,-1.402725485798715,0.2417131015427123,-0.5062968366540298,-0.05990783410138245,0.35836909871244615,0.35467980295566504,0.0013555383423702327,-0.06153846153846154,-0.2154663518299883,0.02074481379655091,0.011272898074213167,0.3406326034063263,0.0,-0.0491693611327908
2013-06-30,0.010967034237139739,0.08090859927538618,0.01218038149015399,0.022465237320412168,0.006668891041385017,0.04957464408016632,0.014392812887236595,0.014392812887236595,0.01098901098901095,0.022222222222222143,0.05133743513196043,-0.027723041586073527,-1.7859066162645196,-1.1796519778369519,0.1842346471127405,0.06910183428209993,-0.17851500789889418,-0.18545454545454543,0.005994971959002227,0.07377049180327866,-0.21971407072987215,0.020323212536728752,-0.004180213655364584,-0.19056261343012704,0.0,0.0571060037523452
2013-09-30,0.001429443682875231,-0.02843538558941927,-0.002127028189961022,-0.13678019374721695,0.014441075475952081,0.2241433083242763,0.4649743774546031,0.4649743774546031,0.46739130434782616,0.4565217391304348,0.8946034032969876,0.16970100122160847,-3.3031677225741913,0.11393241262566844,0.17329753478154752,-0.007099541487945671,-0.10673076923076918,-0.1071428571428571,0.014225297962322081,-0.01526717557251911,0.20347155255544846,0.019918406527477783,0.013059701492537323,-0.13340807174887903,0.040000000000000036,0.12556849694952854
2013-12-31,0.0019000960342512307,0.126118254580051,-0.0041894731706811905,0.18073246277727306,0.02380997679639285,-0.1969155947313198,-0.3874129664373567,-0.3874129664373567,-0.4,-0.38059701492537323,-0.08656144502258312,-0.27741754606020186,-0.7399199386147788,5.927242401779096,1.0231624932937713,-0.04036943244451052,-0.1829924650161464,-0.17499999999999993,0.022365428354814254,-0.054263565891472965,0.06891025641025639,0.019529411764705795,0.02163904235727432,-0.19146183699870623,0.0,-0.04622055780033507
2014-03-31,0.010835326163307624,0.06708542732749212,0.004583167804731447,-0.03524404936053349,0.032801776824335604,0.1920338228749443,1.7303935914625432,1.7303935914625432,1.7654320987654324,1.6987951807228918,-0.22490603782735208,0.20555076431961483,-1.8043614400823857,-0.5469242416946232,0.22913143361213106,-0.011021421918658847,0.3109354413702241,0.32727272727272716,0.028179458657767942,-0.032786885245901676,0.19715142428785604,0.0191553196399723,0.02163136547994604,0.2704,0.0769230769230771,0.10601363918164908
2014-06-30,0.006244261057599676,0.012357046308935526,0.004727090738962492,0.053761352059407796,0.011463117590035266,-0.06612757308475359,-0.5279280312283448,-0.5279280312283448,-0.5267857142857143,-0.53125,-0.007496509840880017,0.12120518792737633,-5.926728836139033,-2.5258595747444748,-0.28444670951465245,0.1670067493329146,0.0060301507537687815,0.022831050228310446,0.010097367472051921,0.13559322033898313,-0.12648716343143407,0.018795289855072506,0.005293339214821335,0.005037783375314797,0.0,-0.039237668161435035
2014-09-30,0.008853802632150298,0.004571352652555261,0.008952535807569273,0.0788499417039783,0.008602959035497015,0.15399195768608287,0.21466551908038212,0.21466551908038212,0.2075471698113207,0.20952380952380945,0.7900121617113602,0.05811762561202394,-0.4145806995364517,-2.619259717895633,0.6436880449429905,0.030127774041694755,-0.027972027972027913,-0.017857142857142905,0.003748661192431113,0.02238805970149249,0.005734767025089571,0.018448544120915678,0.0,-0.018796992481203034,0.0,-0.06884480746791133
2014-12-31,0.04459208503933021,0.02933353405842931,0.062029182870188215,-0.13577341488294659,-0.013923491248182707,-0.1812527652388154,-0.4777927029130097,-0.4777927029130097,-0.4765625,-0.4724409448818897,-0.26769905336019706,0.010627670256794675,-1.8487618773394758,-0.15515687994245309,0.3308507462267516,0.10027418723070891,-0.036998972250770756,-0.0454545454545453,-0.009603414547394662,0.0948905109489051,0.11404133998574495,0.018114360541248375,-0.05616498464238695,-0.03831417624521061,0.0,0.19099832915622406
2015-03-31,-0.003230774408808923,-0.05687218043057363,-0.007592763974453631,-0.021685727135426824,0.012615654406970656,0.03135359574586816,1.4811241436146743,1.4811241436146743,1.477611940298507,1.4626865671641789,-0.3878617975456681,-0.1096219437260113,-2.078216436264948,-1.6830788901240958,-0.16981405403276728,-0.025750563664412085,-0.11419423692636077,-0.12380952380952392,0.01364697432214057,-0.020000000000000018,0.004478566858605149,0.01779206859592719,0.015806601580660162,-0.08897742363877836,-0.0357142857142857,-0.035949145111793146
2015-06-30,-0.0024124180990825472,-0.013269371748931502,-0.0037648873897586643,0.06186446417071112,0.0023896832626157938,-0.07083993986486714,-0.5006106357993625,-0.5006106357993625,-0.5,-0.49696969696969695,0.190594116125822,-0.042388755770640385,1.1458386591417091,0.11883385787642875,-0.22885681709988426,-0.09317904993909853,-0.050602409638554335,-0.05434782608695654,0.002302922940655261,-0.1020408163265305,0.022292993630573354,0.01748104465037925,0.005034324942791768,-0.02478134110787167,-0.03703703703703709,-0.07075943610732138
2015-09-30,-0.02645690644231935,0.007905900784568098,-0.0035813003778726316,-0.1361917140755573,-0.09854810834522187,0.2425797877143523,-5.8576486633566915,-5.8576486633566915,-5.867469879518072,-5.867469879518072,0.3902664685188266,0.21794745543201266,-0.8021394948177427,-1.4820117256899206,0.14304952931225756,-0.09093351242444592,-1.200507614213198,-1.1954022988505748,-0.0927889713679746,-0.09090909090909094,-0.046105919003115226,0.01718070792796511,-0.07422586520947172,0.0,0.0,0.1667808554370167
2015-12-31,-0.008745780706526762,-0.012127715280668694,-0.013754971508574187,-0.10535215149807775,0.01088398378311961,-0.2559412897764316,-1.1377154656741726,-1.1377154656741726,-1.1386138613861387,-1.1386138613861387,-0.06896677886726177,-0.48252260551793924,2.223071341454001,1.3832278772614184,0.29825446522095955,-0.005910165484633634,0.1518987341772151,0.1470588235294117,0.010325345801675434,0.09166666666666679,0.0,0.017297517297517384,0.019675356615838746,0.0,-0.03846153846153855,0.10418589044543247
2016-03-31,0.02880778959158037,-0.01627988509646916,0.024409106411282577,0.24252433204593715,0.011251847427472539,0.040393474409652796,1.3095448519664163,1.3095448519664163,1.3035714285714284,1.2857142857142856,-0.43409566677535394,3.446002443135547,-6.201448497854077,-1.8355055209544953,-0.19194484518798105,0.10760998810939348,0.41758241758241743,0.3846153846153848,0.009834168916313057,0.09923664122137388,0.0,0.01700340068013606,-0.016883743367100856,0.0,0.0,-0.20823520474056068
2016-06-30,-0.0012374307923723737,-0.03730560495052104,-0.012513670622470108,0.0475328102584085,0.042393146761753986,-0.056436150402398244,1.4669472878599445,1.4669472878599445,1.4573643410852712,1.46875,0.34990737977669806,-0.7932878494292148,-1.3928553010601383,-0.6315144036095792,-0.08752980577125835,0.03354804079441753,-1.7170542635658914,-1.7037037037037037,0.041054038571701534,0.02083333333333326,0.0,0.01671911880409116,0.04367026496565263,-0.7623318385650224,-0.040000000000000036,-0.08098253694108615
2016-09-30,0.04056798169332709,0.12671758142935174,0.0456652273242113,-0.14174993902049382,0.03190016342844948,0.26888297634739744,-0.3157757432391938,-0.3157757432391938,-0.3154574132492114,-0.31645569620253167,0.3907577103658071,0.8450121196977931,-1.063933427097984,-4.258278215003349,0.3125542742237468,0.02622695403791231,6.227027027027028,6.342105263157895,0.03099779897285404,-0.013605442176870763,4.377531025473546,0.016444186496421098,-0.008462623413258097,6.547169811320754,-0.04166666666666663,0.3126957611192316
2016-12-31,-0.03841258635304934,-0.15109716857122124,0.004901867815024996,-0.0729054012359539,-0.19736227664503403,-0.15239048319152249,-5.508212896411366,-5.508212896411366,-5.548387096774193,-5.569444444444444,-0.2539310117313046,0.21124070511299053,-0.9390628437339591,-1.3841199993576052,-0.09146924433661663,-0.09375000000000011,-1.4532535527299926,-1.4372759856630823,-0.19854118484255479,-0.12413793103448267,-0.8785375926150856,0.016558812333460127,-0.16500711237553345,0.0,0.0,-0.08430764336276153
2017-03-31,-0.01277061819344072,-0.07783825715175985,-0.014928664541524306,0.21216457256282317,-0.0030463476679540857,-0.022680522916880608,-1.0472041249107833,-1.0472041249107833,-1.0466058763931105,-1.0466058763931105,-0.29064697495926595,-0.06426789740374106,105.87424789410349,-0.12382306212894056,-0.08821192008378209,0.027083624179812915,0.306930693069307,0.2622950819672132,-0.0033296337402884957,0.2834645669291338,0.0,0.016289084441115875,0.009653605905735496,0.0,0.0,-0.23920785199339878
2017-06-30,0.015199873534269992,0.05941237224763807,0.01012374388226478,0.09318973777810657,0.038930078467813045,0.01162545422796124,4.004152291023546,4.004152291023546,3.9565217391304337,3.9347826086956523,-0.4516550086608625,0.1805912786400592,1.9249655172413793,0.4178675726746961,-0.13717312582289842,0.05681663721625663,0.2651515151515149,0.2142857142857144,0.038530066815144925,0.06134969325153383,0.0,0.0160280029476787,0.023059617547806388,0.0,0.04347826086956519,-0.03093960497773718
2017-09-30,0.008507502884830487,-0.035593430358420886,0.0019240778910669665,0.051960721890895734,0.03815392356528413,0.23871150063966695,-0.028362137369123852,-0.028362137369123852,-0.02631578947368407,-0.026431718061673992,2.07646835922698,0.10341567856561529,-1.4306713348359243,1.6129894256463415,-0.4154158128186882,-0.0011575562700965047,0.024950099800399306,-0.005347593582887833,0.03388376581599828,-0.034682080924855474,0.0,0.01577515865820489,0.029686641011544834,0.0,0.0,-0.08317624882186614
2017-12-31,0.006653391508275153,-0.05355448830688592,0.026978015209697226,0.12897391563217142,-0.0802880289686001,-0.1910770902211968,-2.2100392387288244,-2.2100392387288244,-2.198198198198198,-2.2036199095022626,0.019798044493812395,-0.04178746839297298,-2.5086210749305042,-1.6053054579550958,0.4301407125506369,0.04918877156837498,-1.4839337877312562,-1.478494623655914,-0.0829703381041278,0.011976047904191711,0.0,0.015887183148875383,-0.08649225840896957,-0.69,0.0,-0.16178360318684148
2018-03-31,0.012297389421049854,0.11274449971707567,0.01536865792515485,0.039010509297969787,-0.0021985570249164477,0.038125727701140866,-1.2731679715229267,-1.2731679715229267,-1.2744360902255638,-1.2744360902255638,-0.38798395606253755,-0.038377542491219496,1.4924991112691077,0.8057681013864892,0.5431174506222536,-0.04945999018163971,0.12474849094567397,0.1123595505617978,-0.0024881248586292593,0.035502958579881616,2.397,0.01563872781584963,-0.014026884862653466,0.10752688172043023,0.0,0.07097961060861557
2018-06-30,0.0072147419102917,-0.033176374429868205,0.007508134425967761,0.1909924795592004,0.005958412492728771,-0.020232528513543735,0.8744962752615602,0.8744962752615602,0.8630136986301371,0.8356164383561646,-0.06254653359478857,-0.019687245366046935,-0.952559403257552,-1.9257311057849797,-0.3258214194473107,0.020529373789541783,-0.34883720930232553,-0.36363636363636365,0.005895691609977272,0.02285714285714291,-0.08743008536944363,0.015397923875432484,-0.0011855364552458836,-0.35922330097087385,0.0,-0.18823361007729733
2018-09-30,0.017817635470047,0.045295873473949255,0.01163055555703596,-0.07726321562664618,0.04864479864719806,0.16320214930473598,1.169163385035763,1.169163385035763,1.176470588235294,1.17910447761194,0.4919353912694009,0.12094688951838983,10.684880370787925,-1.4460030192790898,0.21554724669562875,0.033653846153846034,0.4780219780219779,0.46031746031746024,0.04688908926961233,0.027932960893854775,0.626774193548387,0.01516442324075662,0.030267062314540016,0.48484848484848486,-0.04166666666666663,0.13295715041438894
2018-12-31,-0.004045827486902964,-0.19934303159305633,-0.016289984350245423,-0.0533893811788515,0.05130248129259618,-0.1906495434264327,-1.1348195132433525,-1.1348195132433525,-1.1216216216216217,-1.1232876712328768,-0.3256082434025457,0.03242188703843607,-0.8440036706532134,-3.8939689715401213,-0.513173836338958,0.04259485924112605,0.8977695167286244,0.923913043478261,0.004521963824289488,-0.005434782608695676,-0.27503470156652776,0.015273581738838526,0.055299539170506895,0.9668367346938778,0.0,-0.15424124513618676
2019-03-31,0.027556979414590455,0.15202916502144648,0.030711202843033414,-0.10700032919730229,0.014253465930901266,0.03864783906909586,-4.553903652202589,-4.553903652202589,-4.722222222222223,-4.666666666666667,-0.046703427339974124,-0.13979842714557855,12.08863751941394,-1.9911539508408185,1.0447965070949632,0.057173045315801696,0.11459353574926534,0.1355932203389829,0.012433011789924953,0.05464480874316924,-0.4679978118161926,0.015043808894032118,-0.013100436681222738,0.15953307392996097,-0.0434782608695653,0.2900257637099741
