Quarter end,Assets,Current Assets,Liabilities,Current Liabilities,Shareholders equity,Revenue,Earnings,Earnings available for common stockholders,EPS basic,EPS diluted,Cash from operating activities,Cash from investing activities,Cash from financing activities,Cash change during period,Cash at end of period,Price,ROE,ROA,Book value of equity per share,P/B ratio,P/E ratio,Cumulative dividends per share,Equity to assets ratio,Net margin,Asset turnover,Current ratio
1995-03-31,0.04085493154319075,0.047579049273216434,0.0529890517291316,0.05300824315123065,0.032824749381840546,0.1517114536369406,0.2700435052827843,0.2700435052827843,0.26923076923076916,0.3999999999999999,-1.6917098445595855,-0.6691760769552488,-342.0,-1.6707317073170733,-0.2608269645306682,0.07462686567164178,0.030670926517571973,0.031712473572938826,0.0181818181818183,0.04961832061068705,0.076883116883117,inf,-0.00780990362246603,0.02666666666666684,-0.03741496598639449,-0.00515919811320753
1995-06-30,0.04085493154319075,0.047579049273216434,0.0529890517291316,0.05300824315123065,0.032824749381840546,0.1517114536369406,0.2700435052827843,0.2700435052827843,0.26923076923076916,0.3999999999999999,-1.6917098445595855,-0.6691760769552488,-342.0,-1.6707317073170733,-0.2608269645306682,0.07462686567164178,0.030670926517571973,0.031712473572938826,0.0181818181818183,0.04961832061068705,0.076883116883117,inf,-0.00780990362246603,0.02666666666666684,-0.03741496598639449,-0.00515919811320753
1995-09-30,0.2248805948647481,0.27060598236005595,0.48745031700843056,0.48761797319979094,0.04772332903393428,0.12470322215941221,0.22706141424027404,0.22706141424027404,0.21212121212121215,0.3999999999999999,-0.8492207321493295,3.2566371681415927,3.4377880184331797,-1.8515401953418482,0.30047720042417825,0.06944444444444442,0.030670926517571973,0.031712473572938826,0.05357142857142838,0.04961832061068705,0.076883116883117,inf,-0.14453190420365092,0.02666666666666684,-0.03741496598639449,-0.14589815775176573
1995-12-31,-0.07661129808562228,-0.09959356115300289,-0.19618322022301538,-0.19599737350756963,0.03792401027366932,0.012295184961801375,0.011964107676968982,0.011964107676968982,-0.025000000000000022,0.3999999999999999,-17.909455128205128,-0.5910305910305911,-2.349570471065798,0.020116463737427148,0.47355975047906385,0.032467532467532534,0.030670926517571973,0.031712473572938826,0.033898305084745894,-0.021818181818181848,0.076883116883117,inf,0.12392325763508216,0.02666666666666684,-0.03741496598639449,0.11993292083501994
1996-03-31,0.034311804358049924,0.04463463742894991,0.033806478328885614,0.033806478328885614,0.03468666803194753,-0.14557020946470134,-0.25339901477832516,-0.25339901477832516,-0.23076923076923084,0.3999999999999999,-0.6374922996730323,-0.1053013798111837,-0.9918158925573587,0.10465317419131637,0.17669193735819833,0.04402515723270439,0.030670926517571973,0.031712473572938826,0.032786885245901676,0.01115241635687747,0.076883116883117,0.0,0.00034837136387388945,0.02666666666666684,-0.03741496598639449,0.01048174730211171
1996-06-30,0.15818540060246677,0.09201623815967519,0.32021140472879006,0.32021140472879006,0.03809264619774533,0.20727827413379818,0.4175244127738189,0.4175244127738189,0.3999999999999999,0.3999999999999999,-0.8183006535947712,16.053571428571427,-109.67521367521367,-2.1019417475728153,-0.1654674567343868,0.10843373493975905,0.030670926517571973,0.031712473572938826,0.031746031746031855,0.07352941176470584,0.076883116883117,0.0,-0.1036043879505485,0.02666666666666684,-0.03741496598639449,-0.17286663260091972
1996-09-30,0.09153478100846524,0.1126748097008321,0.1211084329226153,0.1211084329226153,0.06365788553814866,0.23275934683465094,0.42990132191398245,0.42990132191398245,0.4285714285714286,0.3999999999999999,1.402158273381295,-0.9985721085197525,-0.773495871018482,-1.84354128179622,0.16725366994449287,0.08152173913043481,0.09051456912585243,0.031712473572938826,0.06153846153846132,0.047945205479452024,0.017366136034732138,0.0,-0.02564102564102566,0.06168831168831157,0.021201413427561766,-0.007536912337060553
1996-12-31,0.019006193029189378,0.00812327158211934,-0.007885795044503263,-0.007885795044503263,0.045724443382204605,0.0801788259180447,-0.03346354166666665,-0.03346354166666665,-0.5166666666666666,0.3999999999999999,2.530398322851153,49.766666666666666,-6.151041666666667,-1.7515161725067385,-0.10768339488739231,0.27638190954773867,0.05912450255827162,0.031712473572938826,0.04347826086956519,0.20261437908496727,0.12707444286391656,1.0,0.026315789473684292,0.015290519877675823,0.01730103806228378,0.016184251478369216
1997-03-31,0.024214481627730766,0.02040446893145753,0.004129569994317128,0.004129569994317128,0.04314660990922148,-0.11454455087655879,-0.2458574700255961,-0.2458574700255961,-0.2413793103448275,0.3999999999999999,0.5615880556498134,6.226526592252134,-0.9967644084934277,-2.504371217215871,0.18154520370069793,0.21653543307086598,0.025764895330112614,0.006147540983606481,0.04166666666666674,0.1657608695652173,0.09465713083718974,0.0,0.01845376845376845,-0.003012048192771122,0.010204081632653184,0.01617151607963252
1997-06-30,0.1289505047169135,0.09938182033215215,0.21579384243887723,0.21579384243887723,0.05015337003259113,0.15107491491001124,0.46016434440871734,0.46016434440871734,0.40909090909090917,0.3999999999999999,-0.9080834419817471,-0.027348718880610523,-213.875,-0.8645507375949932,0.020811868947043122,0.08090614886731395,0.054421768707483054,0.0386965376782078,0.053333333333333455,0.037296037296037365,0.006917755572636519,0.0,-0.06980736219721528,0.030211480362537735,0.010101010101009944,-0.09572608354933998
1997-09-30,0.1556786456975332,0.18591401275203046,0.24274285146818775,0.24274285146818775,0.06422084145602014,0.16284606006871338,0.440787863958894,0.440787863958894,0.4193548387096775,0.3999999999999999,0.7251773049645389,0.08416627744044836,0.30945390487375213,2.1133113311331133,0.06347283900776035,0.4191616766467068,0.08585607940446649,0.05294117647058827,0.05063291139240489,0.348314606741573,0.2923664122137404,0.0,-0.07914701660857093,0.06744868035190632,-0.016666666666666607,-0.045730284647690134
1997-12-31,-0.05854385974566245,-0.09460609866722491,-0.1397164218611876,-0.1397164218611876,0.04102875137079032,0.0298884140460296,0.09212872548187145,0.09212872548187145,0.5454545454545456,0.3999999999999999,11.601918465227818,-0.08633465448905742,-3.1183856502242153,-2.880565371024735,-0.11224059389235697,0.06329113924050622,0.11014625228519193,0.10148975791433901,0.03614457831325302,0.011666666666666714,-0.05493207324276428,0.5,0.10576708973502558,0.1071428571428572,-0.003389830508474634,0.05239259517988115
1998-03-31,-0.006230711680538681,-0.05783340526542946,-0.06965956853911714,-0.06965956853911714,0.05806713589604762,-0.17323773177024526,-0.3753693049292489,-0.3753693049292489,-0.5147058823529411,0.3999999999999999,-0.20296316433328798,0.3300641267446247,-0.9645427603725656,-3.6010898158586997,0.3288592198413076,-0.07738095238095233,0.009468917249896958,0.015215553677092153,0.058139534883721034,-0.10873146622734764,-0.2953125,0.0,0.06463954893274249,0.032258064516129004,-0.017006802721088343,0.012744772651842151
1998-06-30,0.051381585912411376,0.02406992343433023,0.058725889686932486,0.058725889686932486,0.04483539220539412,0.08337176347330866,0.3791386606920588,0.3791386606920588,0.36363636363636354,0.3999999999999999,-0.9345475630137453,0.0991208167895632,0.6258706467661692,-2.176479086903128,-0.2911489711639881,0.16774193548387073,0.01835236541598695,0.038301415487094204,0.0439560439560438,0.10351201478743066,0.11352549889135255,0.3333333333333335,-0.006241724985814212,0.055288461538461675,-0.01730103806228378,-0.03277184243298159
1998-09-30,0.17480056836617108,0.20304655704706032,0.2742656073179932,0.2742656073179932,0.08496582415944465,0.1971525395710212,0.2831227436823105,0.2831227436823105,0.2666666666666666,0.2857142857142858,-3.0677436164669096,0.0012256483034447374,-16.350673194614444,-1.3859756846371116,0.15853320218909994,-0.16390423572744006,-0.002002402883460208,0.015236567762630271,0.08421052631578951,-0.19932998324958118,-0.2138590203106333,0.0,-0.07632280167491434,0.02733485193621865,-0.010563380281690127,-0.05583790743376027
1998-12-31,-0.03193733482536132,-0.05717083858973504,-0.1239563916243056,-0.1239563916243056,0.06567294529789569,0.06572192974885649,-0.019272701695153716,-0.019272701695153716,0.0,-0.03703703703703709,-7.544354838709677,-0.5140777011790477,-1.6213371606267193,-0.44447979637289214,0.07601715392820596,-0.06167400881057272,-0.0377207062600321,-0.019747235387045703,0.058252427184465994,-0.13389121338912147,-0.10992907801418428,0.25,0.10076241500103023,-0.01552106430155209,-0.007117437722419906,0.07622191918466958
1999-03-31,0.0530993910417219,0.06884179169644966,0.04327395220646468,0.04327395220646468,0.06166723450492184,-0.08098460382296824,-0.3171483898730546,-0.3171483898730546,-0.33333333333333326,-0.3076923076923077,-0.12700246457178066,-0.08883585255900295,-1.260827718960539,4.187857961053838,0.3665054927269418,0.39436619718309873,-0.031276063386155184,-0.02497985495568089,0.05504587155963292,0.31642512077294693,0.5196357427433125,0.0,0.008049419692998772,-0.022522522522522515,0.0,0.0244748249416471
1999-06-30,0.09946845529746429,0.12983692966562344,0.1507383827444153,0.1507383827444153,0.05553531779072984,0.17013027295285355,0.38945488919231175,0.38945488919231175,-0.3157894736842105,-0.3055555555555556,-1.2172033524481694,0.2913271245634459,2.2902829028290284,-1.035824685361007,-0.009608409208675672,0.23232323232323226,-0.0206629358588033,-0.024793388429752095,0.052173913043478404,0.1688073394495413,0.19213483146067412,0.19999999999999996,-0.03992571959145774,-0.03456221198156684,0.007168458781362075,-0.0181616976956126
1999-09-30,0.08882549487336888,0.11478239571730975,0.07836255766803446,0.07836255766803446,0.09859982415632018,0.22338393879149354,0.3484768312041726,0.3484768312041726,0.34615384615384603,0.32000000000000006,-3.6898862713241267,-0.013071895424836555,-1.8295327102803738,8.691833590138675,-0.09402654867256632,0.10519125683060104,0.0004395604395603936,0.016949152542372836,0.09917355371900838,0.050235478806907485,0.059063776311655714,0.0,0.00909090909090926,-0.021479713603818618,0.04270462633451966,0.03381290194258435
1999-12-31,-0.001588001420227303,-0.0017498064489129828,-0.06444613922682574,-0.06444613922682574,0.056051488984543596,0.040885017198545315,0.041874544537249925,0.041874544537249925,0.08571428571428585,0.030303030303030276,0.6851642129105322,-0.17686686458095457,-0.611626858945471,-2.681558028616852,0.17452067452067443,0.20395550061804713,0.01581722319859402,0.025833333333333375,0.045112781954887105,0.094170403587444,0.13319489765648185,0.16666666666666674,0.057695993866206496,0.0,0.023890784982935065,0.06701725133072545
2000-03-31,0.06565711829301657,0.07889241443277895,0.0796747967479674,0.0796747967479674,0.054269879774067276,-0.1743371875177412,-0.2813945980845798,-0.2813945980845798,-0.3157894736842105,-0.26470588235294124,2.0448924731182796,-0.14717713968650303,3.0524483638895337,3.124799092370237,0.6128991472683085,0.0030800821355234653,-0.0008650519031141446,0.0032493907392363575,0.05035971223021596,-0.0396174863387978,-0.06989528795811517,0.0,-0.010692279811525762,0.017073170731707332,-0.013333333333333308,-0.0007212405337179151
2000-06-30,0.08020250026586861,0.10370134711452295,0.10706902677735064,0.10706902677735064,0.057851600550871574,0.1588682229174545,0.35512129380053903,0.35512129380053903,0.34615384615384603,0.32000000000000006,-0.652997263176481,-0.03838646714378657,-0.8414270988432024,-0.6838727422756028,0.12012786231284456,0.05834186284544529,0.011255411255411296,0.018623481781376405,0.0547945205479452,0.007112375533428139,-0.005066141289051473,0.2857142857142856,-0.02069976186114686,0.02877697841726623,-0.010135135135135087,-0.0030674846625767804
2000-09-30,0.12172500479526338,0.15638435980372734,0.17059703125569858,0.17059703125569858,0.0791755706769377,0.17519827142913647,0.4167633570915521,0.4167633570915521,0.4285714285714286,0.4242424242424241,-0.12619259636178604,-0.0246955345060893,-1.8555435175153485,0.0437209976798143,0.11193362518759287,0.1315280464216635,0.049229452054794454,0.04292527821939607,0.0714285714285714,0.0734463276836157,0.05912305516265892,0.0,-0.03797231575009352,0.06759906759906764,-0.023890784982935287,-0.012126696832579165
2000-12-31,0.001370994833800987,-0.0052460126878536295,-0.06545864671024348,-0.06545864671024348,0.06448385843915871,-0.01911171041919546,0.011543561344668829,0.011543561344668829,0.020000000000000018,0.0,1.0529917018488861,1.0213319458896981,-3.1460531869987336,0.8066689822855158,0.181869676498972,0.06581196581196602,0.03100775193798433,0.030487804878048586,0.054545454545454675,-0.0052631578947368585,-0.04166666666666652,0.22222222222222232,0.0629982500486097,0.06986899563318771,-0.034965034965035,0.06443141565897159
2001-03-31,0.03949134101006435,0.04504146063869463,-0.016739121737854856,-0.016739121737854856,0.08611215531919592,-0.13081680885651903,-0.18428560413293238,-0.18428560413293238,-0.1960784313725491,-0.1914893617021276,0.48224838084432475,-0.36808236808236805,-1.1864673485444532,0.9961933325643095,0.3071802609390255,0.04570970328789081,0.020182034032449447,0.03402366863905337,0.08620689655172398,-0.00925925925925919,-0.0434782608695653,0.0,0.0448143405889887,0.0591836734693878,-0.0253623188405796,0.06282632394285392
2001-06-30,0.03537716991363227,0.030424723428245093,0.024696967128350344,0.024696967128350344,0.043393614259755964,-0.03602932286487648,0.0208431798846771,0.0208431798846771,0.0,0.026315789473684292,-0.1200484786630095,1.0293279022403259,-9.078059071729959,-0.3985745930848502,0.14133170378417526,0.059815950920245387,-0.027152831652443532,-0.008583690987124526,0.031746031746031855,-0.024032042723631575,-0.02389277389277389,0.18181818181818188,0.007878151260504174,0.046242774566473965,-0.052044609665427566,0.005560354135176082
2001-09-30,0.04301131130231628,0.04897202968626213,0.042191258656801844,0.042191258656801844,0.04361580432645762,0.09319415683975851,0.26714199731469046,0.26714199731469046,0.2682926829268293,0.28205128205128194,-0.640558173251178,-0.6219724340960793,0.3601462522851919,-0.870608205489543,0.016022653811527565,-0.05716353111432715,-0.03787878787878807,-0.011544011544011523,0.06153846153846154,-0.08618331053351569,-0.0901492537313433,0.0,0.0005211047420532466,0.04788213627992621,-0.05490196078431364,0.006549632254254645
2001-12-31,-0.0732377453586972,-0.13423016546349587,-0.13066641267422296,-0.13066641267422296,-0.030962603214520268,0.005846570261866413,-0.009207497533705977,-0.009207497533705977,0.019230769230769162,0.0,0.5071090047393365,3.406371681415929,2.931451612903226,-10.283663366336633,-0.14640315711815377,-0.016884113584036742,-0.020306672192291653,0.0029197080291969435,-0.033816425120772875,-0.07335329341317354,-0.03379265091863526,0.23076923076923084,0.04565972222222192,0.033391915641476366,-0.03319502074688796,-0.004106885700570717
2002-03-31,0.06702138322025109,0.09682019023700406,0.06877296266808863,0.06877296266808863,0.06586465294978816,0.04645180814041461,-0.18021905077995348,-0.18021905077995348,-0.18867924528301894,-0.18000000000000005,0.460256924929747,-0.937741002570694,-1.0582173382173383,-2.179118007785421,0.20223434563305687,0.10616705698672901,-0.01818950930626062,-0.005822416302765587,0.06499999999999995,0.14378029079159926,0.08726655348047552,0.0,-0.0011622115224969587,-0.015306122448979553,0.012875536480686511,0.026242502142244994
2002-06-30,0.09135189367486318,0.11272440647196547,0.15879649404568674,0.15879649404568674,0.04669044106333109,0.19178716020821285,0.06540710751237078,0.06540710751237078,-0.4651162790697674,-0.46341463414634143,-0.46703321878579607,3.9303225806451616,-5.078439597315437,-0.766529486251809,0.039273338633173616,0.04587155963302747,-0.009478672985781977,-0.009516837481698404,0.04225352112676073,-0.016949152542372947,0.028419737663959888,0.1875,-0.040890957446808485,-0.05872193436960271,0.05084745762711873,-0.03976620394530839
2002-09-30,0.036838796430504805,0.04376666752141145,-0.001630710435367222,-0.001630710435367222,0.0650415292088049,0.15797863206384988,0.29281371389967914,0.29281371389967914,0.26086956521739113,0.27272727272727293,-0.015689477303988952,0.06267992672075362,-1.1986012547567624,0.3661985472154963,0.051627590346453145,-0.006072874493927127,-0.004784688995215225,0.002956393200295615,0.06756756756756754,-0.04597701149425293,-0.032796841785605824,0.0,0.0272097053726168,-0.06605504587155964,0.07258064516129048,0.04548913043478264
2002-12-31,0.058628633987596546,-0.07030956106234365,0.05190466766894186,0.05190466766894186,0.06324951487053743,0.11415165201468747,0.175609915411999,0.175609915411999,0.1724137931034484,0.1428571428571428,0.16511638062797496,10.801379140499938,-4.784049715173485,-6.350418261732596,-0.2626682722425626,0.042769857433808456,0.024038461538461453,0.021370670596905006,0.05907172995780585,-0.02409638554216853,0.010047095761381408,0.1578947368421053,0.004386704909735251,-0.037328094302554016,0.06390977443609014,-0.11618235691635914
2003-03-31,0.037184015419093,0.05935232193642803,0.011877485005728161,0.011877485005728161,0.05438974288485188,-0.19511641129434776,-0.3021724636070674,-0.3021724636070674,-0.2941176470588236,-0.28125,1.397976011994003,-0.955216561107691,-0.8589024223347475,-1.800100698262955,0.28502919394502957,0.10026041666666652,-0.02987622705932569,-0.02741702741702745,0.05179282868525914,0.03858024691358031,0.025178737954616004,0.0,0.01663027045187282,-0.020408163265306145,-0.007067137809187329,0.04687683801905673
2003-06-30,0.05077421362423129,0.07210998046530914,0.05977533951593661,0.05977533951593661,0.04490115914843695,0.12468320074198425,0.11111111111111116,0.11111111111111116,0.12500000000000022,0.13043478260869557,-0.6868767388789896,0.040074557315936676,7.332686711930165,-0.7984632199516444,0.044702382045583855,0.014201183431952868,-0.018917729872415356,-0.008902077151335397,0.045454545454545414,-0.03566121842496284,-0.01000606428138262,0.18181818181818188,-0.00561797752808979,0.0,-0.01067615658362997,0.011629866846452064
2003-09-30,0.08529543027795383,0.12080834579075028,0.11917561081624584,0.11917561081624584,0.06287460947043932,0.13705324965279608,0.16653529201003225,0.16653529201003225,0.14814814814814814,0.15384615384615374,-0.41202016672490394,0.02508960573476693,-0.958328483296473,-0.294987674609696,0.030167185275038255,0.0530921820303385,-0.03766816143497753,-0.04041916167664661,0.05797101449275366,0.007704160246533087,0.014395099540581935,0.0,-0.02077102027251576,-0.02083333333333337,-0.017985611510791255,0.0014995001666111563
2003-12-31,3.843171692730074e-05,-0.011124186347636678,-0.08258602174436913,-0.08258602174436913,0.05235691717776403,0.028032141948559852,0.11692978684194366,0.11692978684194366,0.09677419354838723,0.10000000000000009,0.5744120893114866,1.745847902097902,21.46927374301676,-0.6693473193473194,0.009682759091452109,0.039889196675900296,-0.048462255358807216,-0.03744149765990645,0.0513698630136985,-0.016819571865443472,0.021135265700483075,0.15384615384615374,0.05243509248260625,-0.010638297872340385,-0.02564102564102555,0.07785726168690732
2004-03-31,0.07801819095409801,0.10679774698594424,0.11294444076078358,0.07808284156461509,0.0556621910732904,-0.06092727364703665,-0.12432283789357901,-0.12432283789357901,-0.11764705882352955,-0.12121212121212133,3.0967915880291184,-0.264942300039793,-0.9595972153157633,23.14310891787099,0.2315300576002597,0.021843367075119913,0.0014691478942212566,0.0016207455429497752,0.055374592833876246,-0.027993779160186527,0.01271437019515087,0.0,-0.020799742018703715,0.004301075268817289,-0.00375939849624074,0.026650203220661695
2004-06-30,0.07533518945646023,0.09982597934038107,0.12033638092619325,0.1151677153806121,0.04580948034357113,0.16279537016815904,0.18113302348951144,0.18113302348951144,0.19999999999999996,0.1724137931034484,-0.5631720960842382,0.14129493287137285,35.378461538461536,-0.8812596723800625,0.022323413646020418,0.15849843587069867,0.02004889975550128,0.0153721682847896,0.03703703703703698,0.09760000000000013,0.09956204379562039,0.16666666666666674,-0.02749876502552273,0.012847965738758127,0.0037735849056603765,-0.013781007266349232
2004-09-30,0.08352519762436361,0.0851583711382653,0.10382552778948151,0.08246257100796317,0.06879001805943186,0.12335819979816343,0.14609699032223755,0.14609699032223755,0.13888888888888884,0.1470588235294117,0.004459443172230904,1.7580874679821648,-0.9972934111477628,-0.3653018566334686,0.01385924356774848,0.10801080108010819,0.019654841802492662,0.015139442231075773,0.0625,0.06851311953352757,0.03770578863515661,0.0,-0.013545546901456151,0.010570824524313016,0.0,0.0024898373983739397
2004-12-31,0.04336289413337702,0.03879824949989974,0.017580495433481058,0.02746418290381558,0.06004437617340841,0.041916521397967976,0.010578328345744348,0.010578328345744348,-0.024390243902438935,0.0,0.5046796256299495,-0.4451896949059264,298.4375,5.075552111584657,0.08305152520649006,0.07961007311129142,-0.008932769158439213,-0.019623233908948268,0.05882352941176472,0.016371077762619368,0.007676560900716556,0.17142857142857149,0.01596292481977346,-0.014644351464435101,-0.00375939849624074,0.011049723756906049
2005-03-31,0.015640887854064367,0.0011684164228482619,-0.007358283394971021,-0.01043454710518088,0.03039246771133164,-0.11727811980166769,-0.1335766590914308,-0.1335766590914308,-0.1250000000000001,-0.1282051282051282,0.9080940988835726,0.8712957222566646,0.49499060738885414,0.5434921242267712,0.11835944281302635,0.03724604966139955,-0.012808349146109954,-0.014411529223378627,0.031746031746031855,-0.021476510067114152,-0.006856272219400772,0.0,0.01452948133130616,-0.004246284501061681,-0.007547169811320753,0.011731087381561256
2005-06-30,0.022997889399936966,0.03054011051665495,0.05594567227260727,0.05922192562325934,0.0001803008138778761,0.12462371116529569,0.18281051292920725,0.18281051292920725,0.19999999999999996,0.17647058823529416,-0.5094243025807126,-0.5325337927378744,1.9876439790575917,-1.3825273204288635,-0.040484050810030814,-0.07943416757344945,0.005285920230658325,0.0032493907392363575,0.0,-0.10699588477366262,-0.11096906162106868,0.1707317073170731,-0.022314737718567956,0.006396588486140775,-0.0038022813688212143,-0.027055150884495283
2005-09-30,0.08793373641470192,0.10382277167164022,0.12669335028855144,0.11951118324805488,0.05966520569215228,0.1276326806386645,0.24919362064331163,0.24919362064331163,0.23809523809523814,0.25,0.12689285029710562,0.5437987243090008,-0.7905743259030795,-2.218879948155749,0.05142717824974419,0.04885736800630425,0.03632887189292533,0.03076923076923066,0.05897435897435899,0.04915514592933956,0.007477710670117821,0.0,-0.02588996763754048,0.03177966101694918,0.0,-0.014056531703590558
2005-12-31,0.015676388392559026,0.009126086923669119,-0.015608352619560506,-0.004471338573462602,0.036270329121963485,0.05326047693039837,0.44304183327655156,0.44304183327655156,0.46153846153846145,0.43999999999999995,0.5870801912645764,0.1334526924666024,4.987727323440812,-0.8914045192733717,0.005311598615646895,0.1882043576258452,0.16605166051660536,0.16260801256873525,0.03631961259079919,0.12152269399707172,0.10790750785041392,0.16666666666666674,0.02028326630529831,0.1498973305954825,0.007633587786259444,0.01368872359109452
2006-03-31,0.05757564921547553,0.06307608982321389,0.042881085145040965,0.05403583014558344,0.06631455334834158,-0.07039166158580845,-0.34947873305416455,-0.34947873305416455,-0.35526315789473684,-0.3472222222222222,0.6449496272655821,-0.12778452814904817,-0.7127152120444212,41.34761321909425,0.2237450796949303,0.2086626620297185,0.024525316455696222,0.019594594594594783,0.06775700934579443,0.16579634464751947,0.005153311002318972,0.0,0.00822622107969151,0.016071428571428514,0.0037878787878786735,0.008560945780676787
2006-06-30,0.03582878982737703,-0.028070647750466415,0.07508069033983822,0.06380131289130397,-0.004837249593046988,0.10221824882489816,0.0759665342298288,0.0759665342298288,-0.4693877551020408,-0.46808510638297873,-0.5976486429745246,3.6357093104248897,3.848748216370476,-2.088637108118003,-0.19904243175828973,0.29636411195396306,0.01158301158301156,0.001988071570576455,-0.004376367614879806,0.21388577827547595,0.21584209177134084,0.1964285714285714,-0.03926568077511472,0.0,0.0037735849056603765,-0.0863480194017785
2006-09-30,0.05602518142869628,0.07497254224950645,0.07391238141007284,0.06915671211494678,0.05364165259730558,0.08890185633175252,0.13268476273322793,0.13268476273322793,0.15384615384615374,0.15999999999999992,0.5235884702580158,-0.8839527196233598,-0.6302068006099681,-1.3967909800520382,0.09860477595921657,-0.03470540758676355,-0.004580152671755822,-0.008597883597883604,0.05274725274725278,-0.030442804428044257,-0.07885304659498216,0.0,-0.00230007077140848,-0.008787346221441172,0.0,0.005419454736492746
2006-12-31,0.005891820999920583,0.005108549179523525,-0.04270248753112338,-0.03423607214647195,0.047300736483126604,0.010249462683872723,-0.018698180336347847,-0.018698180336347847,0.0,0.0,-0.35168520749191057,-0.17505394907207594,0.5296075239645506,-0.7361659417865507,0.02368030684905187,-0.07211538461538469,-0.10659509202453976,-0.10473649099399596,0.04384133611691032,-0.1179828734538535,-0.10482948043030438,0.16417910447761197,0.04114204646213859,-0.099290780141844,-0.007518796992481258,0.04075683405753261
2007-03-31,0.007935410445263136,0.007121580340980316,-0.023386711021242346,-0.03308632226131469,0.029527027342782564,-0.09931443170759391,-0.05305861683437152,-0.05305861683437152,-0.06666666666666654,-0.06896551724137923,1.114448613792852,0.3930103588992362,-0.04034432199782434,4.533688392932623,0.1280081664900128,-0.027258391529623838,-0.0017167381974249052,0.0037257824143068774,0.03400000000000003,-0.06796116504854355,0.036563538736895884,0.0,0.02146142054164546,0.009842519685039353,-0.0037878787878788955,0.041591797907198025
2007-06-30,0.05469406287786516,0.06391035028300429,0.12112935139241765,0.11315157755344307,0.012261161097276707,0.1248246117328271,0.10459114829307792,0.10459114829307792,0.10714285714285698,0.11111111111111094,-0.25109623618397814,0.637572297754075,0.6988417939871858,-1.0271013474288857,-0.003075504146903052,0.03311718388142659,0.002579535683576939,0.006681514476614803,0.011605415860735047,-0.0011574074074073293,0.0002466699555994101,0.17948717948717952,-0.04018676004668997,0.00974658869395717,-0.0038022813688212143,-0.04424374651174601
2007-09-30,0.08669353277643022,0.09290000215613037,0.11846261345287701,0.10186723405147347,0.06484113026251248,0.1210907519199631,0.13484707355433745,0.13484707355433745,0.12903225806451601,0.13333333333333353,-0.5799705516955782,0.8494105774964451,-0.6868535952073572,9.067643742953777,-0.03105860093697499,0.07083613539565126,0.0034305317324185847,0.0022123893805310324,0.06500956022944537,0.05793742757821563,0.02441430332922323,0.0,-0.020152883947185618,0.0038610038610038533,-0.003816793893129833,-0.008122312470138504
2007-12-31,-0.017168841668451895,-0.02331274990788057,-0.0842162498058101,-0.08473876958930826,0.03304717379201949,0.025199411775127967,-0.057360064585575854,-0.057360064585575854,-0.08571428571428563,-0.11764705882352955,1.0008763761844772,-0.6890299858627447,1.0127385584584028,-1.975195968645017,0.03125908590011872,0.0039773916684111565,-0.0064102564102563875,-0.0029433406916848925,0.032315978456014305,-0.056955093099671505,-0.03779489648531542,0.15217391304347827,0.051063829787234116,-0.011538461538461497,0.00766283524904221,0.06711624919717396
2008-03-31,0.05540570257580124,0.07256676725112521,0.049968132259604614,0.037940742030235564,0.05971199384299819,-0.09626899823169377,-0.05117261658363903,-0.05117261658363903,-0.03125,0.0,1.4460032849712565,-0.22172595310256815,-0.7285447975880877,8.551989435608888,0.28953583281558104,-0.10175145954962472,-0.015483870967742064,-0.01623616236162362,0.05913043478260871,-0.13008130081300806,-0.10933199899924939,0.0,0.004048582995951344,-0.0077821011673152585,-0.0038022813688212143,0.033353395526130925
2008-06-30,0.048541857569458946,0.061904602795150865,0.09529799520844207,0.09164561841798946,0.017494837714992606,0.11239320717712031,0.07186484534841742,0.07186484534841742,0.06451612903225823,0.06666666666666665,-0.7985338966453093,0.46710391473662627,4.300296735905045,-1.2252730409275878,-0.0505799186467395,0.06638811513463327,-0.020969855832241202,-0.021005251312828155,0.019704433497536922,0.006675567423231055,0.04073033707865159,0.15094339622641506,-0.029569892473118142,-0.015686274509803866,-0.007633587786259555,-0.027277580934815138
2008-09-30,-0.008458298539898657,-0.007794782958916779,-0.037422742761052064,-0.02283017591572367,0.013104966761231296,0.07609256973501899,0.2009291358475207,0.2009291358475207,0.21212121212121215,0.21875,1.5463989112018441,0.6691813355685945,-0.21813266791432728,-0.8095149154170447,-0.010148005367540014,-0.1430126251632564,0.008924587237840287,0.01992337164750957,0.017713365539452575,-0.15915119363395225,-0.15654520917678805,0.0,0.021814404432132894,0.01195219123505975,0.007692307692307665,0.01541839229579356
2008-12-31,-0.0746576389320176,-0.09281922392335062,-0.2152631832431391,-0.21345188773001889,0.019803206844771548,-0.16456122480930246,-0.09159118798574184,-0.09159118798574184,-0.07500000000000007,-0.07692307692307698,0.11891620672353231,-0.5290006695681286,-0.2317103109656301,-7.258439557360975,0.06416179243454079,-0.18034036068072123,-0.0004422821760282636,0.02253944402704744,0.018987341772152,-0.1940063091482649,-0.21184000000000003,0.13114754098360648,0.1019993222636395,0.051181102362204856,-0.026717557251908497,0.15336609336609341
2009-03-31,-0.02190410593101133,-0.026749775480357618,-0.1180531242546271,-0.1278707061545553,0.034227447237960895,-0.30190249420792126,-0.2375977768629065,-0.2375977768629065,-0.2432432432432432,-0.2499999999999999,0.6794891791772275,-0.10706352732119062,-0.7407466581456037,2.192797511134985,0.1925041968724528,-0.09420514409668435,-0.04469026548672561,-0.009551800146950784,0.03416149068322971,-0.11154598825831707,-0.1335769386926512,0.0,0.05734932349323496,0.05056179775280878,-0.05882352941176472,0.11593029696220869
2009-06-30,0.009305915548889487,0.00237449649702981,-0.020602953084670306,-0.018649370286556777,0.022913457313151087,-0.01898245287256828,-0.0875801552480594,-0.0875801552480594,-0.1071428571428572,-0.07407407407407418,-0.5061236809417118,0.45263681592039795,4.4534716516023005,-0.7735522358763696,0.03655512918152404,0.11802942182689025,-0.07920333487725806,-0.034124629080118596,0.022522522522522515,0.08149779735682827,0.1429240862230554,0.13768115942029002,0.01352333866511568,0.053475935828877,-0.08333333333333326,0.021418753817959546
2009-09-30,0.06892326890214973,0.0922609042366056,0.1254253053236034,0.1418930224775503,0.04598745960065531,0.15855856862044315,0.06809691141113361,0.06809691141113361,0.08000000000000007,0.08000000000000007,-0.5009519779987307,-0.2527570381532982,-0.8161973820510406,-0.03145218710336506,0.034156784740311474,-0.058445532435740466,-0.12726358148893369,-0.09523809523809534,0.046989720998531714,-0.07942973523421604,-0.006560065600656029,0.0,-0.021377331420373014,0.013536379018612488,-0.10454545454545461,-0.04347176017642873
2009-12-31,0.04819145044379791,0.06639348173597681,0.09390155711030634,0.08128083329262936,0.027089784305504017,0.20204236465453995,0.19710139908574598,0.19710139908574598,0.2222222222222221,0.18518518518518512,-0.2706419857755169,-0.4692455770464754,3.58633056665642,-1.682072426247323,-0.022527919735576662,0.09034774130646728,-0.06512968299711808,-0.05942275042444822,0.026647966339411022,0.042035398230088505,0.20387948823772195,0.12101910828025475,-0.020231637589796292,-0.02003338898163609,-0.040609137055837574,-0.013755373192653408
2010-03-31,0.042327352411347,0.058796977341246004,0.040358091490408254,0.056538384440121714,0.04348982329120221,-0.036732373040257116,-0.1140956100383308,-0.1140956100383308,-0.12121212121212133,-0.12499999999999989,3.1047142395866967,0.3379965457685665,-0.9600741766834979,-6.422633552014996,0.12497610507933121,0.06229508196721323,-0.025893958076448897,-0.032490974729241784,0.039617486338797914,0.03397027600849256,0.10078848131642082,0.0,0.001197067185395806,-0.05792163543441231,0.02645502645502651,0.002139630715587648
2010-06-30,0.05138684576349495,0.06838958682986185,0.14952032609504218,0.15512194079127561,0.0036240849540309927,0.2628079549816045,0.4746518196809639,0.4746518196809639,0.48275862068965525,0.4999999999999998,-0.8383770049479637,0.12404801858784054,44.282036933407944,-1.7029787675316932,-0.07809547947099216,0.07800224466891126,0.11708860759493667,0.09235074626865658,0.007884362680683266,0.03696098562628336,0.06820305200872001,0.11363636363636354,-0.045434165296667106,0.00723327305605781,0.08247422680412386,-0.07508303020717999
2010-09-30,0.06661621917093852,0.0797257920883383,0.07494620141400898,0.0656178574402917,0.0628386271688739,0.09941454538262229,0.06407360659004846,0.06407360659004846,0.04651162790697683,0.04761904761904767,4.500730069113209,0.09209921910886543,-0.65944957302982,-2.1914982544131387,0.10093304175778406,0.057001561686621516,0.09971671388101977,0.08112724167378316,0.06127770534550203,0.04752475247524757,-0.08221574344023319,0.0,-0.0036010646625960208,0.008976660682226134,0.0714285714285714,0.013251827469755728
2010-12-31,-0.013623529784259736,-0.019824650984935688,-0.05003749751292008,-0.06435390468540536,0.007106238379472218,-0.05122697307861368,0.004130898496436108,0.004130898496436108,0.0,0.022727272727272707,0.1930046541258914,0.7049421661409043,2.5680589323946728,-0.718971173885232,0.025764595271020596,0.2605269638020191,0.056156620298815074,0.048973143759873716,0.007371007371007154,0.18903591682419663,0.11372299872935199,0.10204081632653073,0.02105593966059094,0.026690391459074814,0.022222222222222143,0.04758891279584865
2011-03-31,0.05880644779613453,0.06562929981241439,0.06077924867753293,0.06149460891113234,0.058017492041500196,-0.07666033555922847,-0.05461026714472239,-0.05461026714472239,-0.04444444444444451,-0.06666666666666676,0.3189325896863482,0.394658936721352,-0.9030358504958047,4.65387862990565,0.1420110377006174,-0.002734909161945742,0.05219512195121956,0.04593373493975905,0.05731707317073176,-0.009538950715421213,-0.0841414717626926,0.1157407407407407,-0.0007694675284704022,0.04159445407279039,0.004347826086956719,0.00386613507309419
2011-06-30,0.014549136118604089,0.014125152083127812,0.011383012762096856,0.0071476581583305165,0.016362914780263305,0.08250002738135653,0.041301297790248936,0.041301297790248936,0.04651162790697683,0.04761904761904767,-0.5610657189610477,-0.22252686507761021,7.453744493392071,-1.0820812176148982,-0.010206940655049679,-0.002742409402546553,-0.022253129346314293,-0.017998560115190854,0.018454440599769306,-0.057784911717496,-0.08346309560884457,0.0,0.0018481441552440359,0.0016638935108153063,-0.017316017316017285,0.00694026557548022
2011-09-30,0.0017946465675515721,-0.00018547004334557027,-0.07783219569626787,-0.060794878055397295,0.04469490098544471,0.015809096933794065,0.12214736842105256,0.12214736842105256,0.11111111111111116,0.13636363636363646,0.19534442778994832,0.2073829702519765,-0.8434576540360803,-3.7675025709991297,0.028539030697568135,-0.09153407974857586,-0.0033191085822664723,0.012463343108504388,0.04416761041902606,-0.10732538330494035,-0.1019367991845056,0.0,0.042736356648731766,0.038205980066445155,-0.026431718061673992,0.06454183266932279
2011-12-31,-0.005668068711893071,-0.011125942818794199,-0.06986454401261089,-0.0801339339873669,0.02450198622603761,-0.06502495069622904,-0.12908521256238037,-0.12908521256238037,-0.12,-0.14,0.15680831681046037,-0.10877655815706411,3.307046048981533,-0.0412188428996112,0.026603448248512462,-0.07048648648648648,-0.04376784015223589,-0.025343953656770446,0.0249457700650757,-0.11068702290076338,-0.10139992432841471,0.10373443983402497,0.030370042753943505,0.0032000000000000917,-0.02714932126696834,0.07499999999999996
2012-03-31,0.04687970358867144,0.053922741128426877,0.04952507008980356,0.04033436120304712,0.04582464497079819,-0.06028574205979831,-0.1737987785831996,-0.1737987785831996,-0.18181818181818188,-0.16279069767441867,0.3655962792766083,0.7125488952320542,-0.8984395127157632,2.534643133981277,0.09159690224327766,0.023493835775761696,-0.06815920398009956,-0.05126300148588403,0.04444444444444451,0.0,0.034947368421052616,0.10526315789473673,-0.0010015739018456316,-0.030303030303030387,-0.023255813953488302,0.013090098872023503
2012-06-30,-0.002949131070900113,-0.0019919525283814687,0.04796099596414094,0.06597106936615083,-0.024815147457305176,0.0663057879932265,0.0944894207829794,0.0944894207829794,0.11111111111111116,0.08333333333333348,-0.37031282861930703,-1.18436323229829,23.546294618590323,-1.4104960399463558,-0.03444510108534482,-0.0431818181818181,-0.050186865990389684,-0.039154267815191934,-0.01621073961499475,-0.08369098712446366,-0.009764035801464566,0.0,-0.021913491836150212,-0.016447368421052655,-0.023809523809523947,-0.06378006872852238
2012-09-30,0.013305498113202585,0.014383488463650673,-0.006183707146760864,-0.018912716984294864,0.022785918946098604,0.017749403303228384,0.05401703293431015,0.05401703293431015,0.04999999999999982,0.07692307692307687,-0.2547891481888508,-2.7011551983927675,-0.5294491071889924,-1.0697583627845813,0.002488552292949864,-0.11591448931116399,-0.06576728499156836,-0.06275468622656888,0.029866117404737214,-0.10304449648711933,-0.08997534921939199,0.0,0.009371796749158001,-0.038461538461538436,-0.024390243902438935,0.033952429892820435
2012-12-31,-0.025744454415245532,-0.03376892165762635,-0.015945746234868996,-0.02729392749942272,-0.029816982349904375,0.0008441799245788584,-0.048389648547858544,-0.048389648547858544,-0.04761904761904756,-0.04761904761904756,-0.12169273920712487,0.02430863104025205,1.4834656292159507,-32.4580265095729,-0.07809061143193907,-0.003492745835572131,-0.028279181708784518,-0.032173913043478386,-0.018000000000000016,-0.031331592689295085,0.046501128668171576,0.09523809523809534,-0.004207166690845754,-0.03130434782608704,0.0,-0.006674003337001744
2013-03-31,0.02155426733804422,0.031059989421440948,-0.009090070587214005,-0.01291068389357175,0.03698576563878553,-0.07989265191391537,-0.04623076192285769,-0.04623076192285769,-0.025000000000000022,-0.025000000000000022,1.7204398426311545,0.006341275941583291,-0.9154638654294396,-2.2532303370786515,0.10615525180791874,0.06659476947964404,0.009907120743033904,0.009883198562443907,0.03665987780040725,0.08625336927223737,0.08714408973252796,0.0,0.015151515151515138,0.010771992818671583,-0.0050000000000000044,0.04456595546978326
2013-06-30,0.015198494001754215,0.018492479511079685,0.03125896594092281,0.03430766641015781,0.00815429722332528,0.06378515191583034,0.1494116914648571,0.1494116914648571,0.15384615384615374,0.15384615384615374,-0.4915650111337012,9.089746037807906,4.63154748561608,-1.8112219358212858,-0.07785115943577303,-0.04524772497472196,0.015328019619865074,0.01868327402135228,0.008840864440078589,-0.07940446650124078,-0.0630952380952381,0.09316770186335388,-0.00703214695752008,0.026642984014209503,-0.005025125628140725,-0.015293554126180386
2013-09-30,0.011390932102563367,0.009060990121085188,-0.0253683938907725,0.00437798545244017,0.0281804154179488,0.0230836953906588,0.0009207604397984959,0.0009207604397984959,0.0,0.0,0.14599052674172275,-0.7624810749432248,-0.29052503084904535,-1.2230746560076626,0.0188327738939702,0.10219751125231658,0.0006038647342994086,0.005240174672489051,0.03213242453748788,0.09164420485175206,0.06226175349428198,0.0,0.016620898973840337,0.010380622837370401,-0.005050505050505083,0.004655849345054142
2013-12-31,-0.027028980853382678,-0.0332005583195335,0.011601239005352815,0.007200406491361555,-0.04349280296791258,0.06458322611913703,-0.09636363636363632,-0.09636363636363632,-0.11111111111111105,-0.1333333333333333,-0.35661989968118135,-3.5675869487271425,2.5497185390211516,-3.5877544279757236,-0.047833751802980884,0.0650972856113381,-0.00844900422450201,-0.0069504778453518545,-0.029245283018867974,0.032098765432098775,0.046251993620414655,0.08522727272727271,-0.016917827694057475,-0.018835616438356184,0.010152284263959421,-0.040117586028013186
2014-03-31,-0.029623074340953903,-0.03323687754862914,0.03985972787811498,0.03596069868995633,-0.06075068724178967,-0.0872490408326857,0.003928331896138726,0.003928331896138726,0.04999999999999982,0.07692307692307687,1.806272496892806,-2.0433676240127854,0.15079528152280997,0.8603975876703149,-0.09346035593258373,-0.05164636896707275,0.027388922702373808,0.018372703412073532,-0.03595724003887257,-0.021531100478468845,-0.0461128048780487,0.0,-0.03210412147505426,-0.003490401396160525,0.025125628140703515,-0.06679877499549636
2014-06-30,0.0015163199229943913,-0.01050238694505723,0.06971900278615006,0.06737489919500206,-0.032335425975075216,0.07206540430196196,0.08921072723802248,0.08921072723802248,0.09523809523809534,0.09523809523809534,-0.7418223022368958,-0.43593480459223133,-0.2144907498546439,0.3763013910090389,-0.141890780746318,0.01474435196195012,0.024881516587677677,0.0077319587628865705,-0.02116935483870963,0.05134474327628369,-0.0031961646024770696,0.08376963350785327,-0.03376662184371726,-0.017513134851138368,0.02450980392156854,-0.07293154704451577
2014-09-30,-0.0013266483272694751,0.003246958411059264,-0.010340791031784424,0.0005892555945505862,0.003461553482294377,0.06626307498838435,0.12134454885982793,0.12134454885982793,0.15217391304347827,0.15217391304347827,0.9313594439246089,-2.0004481940416556,-0.48393733462332,-1.1241175187712247,0.020523181953529868,0.0049214905085539495,0.06473988439306377,0.04347826086956519,0.01441812564366618,0.027906976744185963,-0.0008016032064127598,0.0,0.004793567341889515,0.0,0.04306220095693791,0.002623688155922288
2014-12-31,-0.012012085905484304,-0.012391003860270922,-0.0027648335865644302,0.021795849181240445,-0.017337471395670434,0.037373065001861994,-0.029302311952413063,-0.029302311952413063,-0.037735849056603765,-0.037735849056603765,0.03277156798283554,-1.307903128047013,0.43409565757524415,-4.181535217631407,-0.06398210968419349,-0.0044309701492538656,0.07383279044516833,0.05555555555555558,-0.011167512690355319,-0.020361990950226172,-0.048535900521460174,0.07729468599033829,-0.0053862726992921495,0.02317290552584672,0.032110091743119185,-0.033437175493250315
2015-03-31,0.018289428396989882,0.027480615922245377,-0.0029922583898510657,-0.004639234465324216,0.03023054921623114,-0.0516183013630479,0.07368611706463013,0.07368611706463013,0.0980392156862746,0.07843137254901977,0.501072242326766,-3.655511811023622,-0.6716306248129655,-2.673220456661354,0.11437406901253033,0.07378777231201705,0.0652173913043479,0.05882352941176472,0.03285420944558526,0.0877598152424941,0.006745362563237878,0.0,0.01175924493269398,0.03135888501742157,0.026666666666666616,0.03227331327889993
2015-06-30,-0.003873593728874969,-0.007399581661111543,0.025973016402508486,0.014768912776406573,-0.01988164524640612,0.00836171838767319,0.10361373519268247,0.10361373519268247,0.10714285714285698,0.1090909090909089,0.35220322335818555,-2.9309633544976954,3.1131256445307818,-1.447174099606741,-0.045895828655056814,0.02945026178010468,0.06739439962031324,0.06578947368421062,-0.008946322067594381,-0.004246284501061459,-0.03601340033500833,0.08071748878923768,-0.01605750114696447,0.05236486486486491,0.01298701298701288,-0.021855876108405003
2015-09-30,-0.03592889722494563,-0.042529087634462726,-0.055451439707972616,-0.038723695028887506,-0.025217571520724125,-0.02377755825563843,0.004670516304347894,0.004670516304347894,0.016129032258064502,0.016393442622950838,-0.2699198802606093,-1.4435839230871945,-0.09411387423107198,-0.6405508572874707,-0.01729079146660284,-0.004026276753549385,0.045798132503334754,0.045953360768175466,-0.010030090270812586,0.004264392324093702,-0.07211120764552559,0.0,0.011035125893689823,0.04494382022471921,0.0,-0.003958120531154297
2015-12-31,-0.08651519021102805,-0.10829538439515807,-0.09855954249786258,-0.09822948444412805,-0.07996106674931824,-0.033373664411517456,-0.03263460400642382,-0.03263460400642382,-0.031746031746031744,0.0,-0.12633784557870298,-1.1925421432871763,0.714721557117479,8.439509504811078,-0.16608839011317433,0.027021276595744714,0.0590986394557822,0.06295081967213112,-0.058763931104356626,0.03821656050955413,-0.01310861423220977,0.07468879668049788,0.007225211375864848,0.06144393241167423,0.00427350427350448,-0.01115241635687736
2016-03-31,0.037679510601996924,0.04721150614286351,0.01066727343589835,-0.008077801370602544,0.051571135341576424,-0.1113561342696281,-0.15609572822829387,-0.15609572822829387,-0.13114754098360648,-0.14516129032258063,1.0355867280915163,1.8520617549345317,-0.8924311014016201,-2.281153853325626,0.255164670288043,-0.06815827636212979,-0.002408671216378888,0.0012338062924122095,0.0516684607104414,-0.010224948875255602,-0.11100569259962045,0.0,0.013431013431013383,0.01736613603473236,-0.017021276595744705,0.05574280528908471
2016-06-30,0.010222995264844492,0.018857665702186388,0.033883098239920084,0.04636037522749481,-0.0018749462554749075,0.039966950352209984,0.20156547668350866,0.20156547668350866,0.2075471698113207,0.18867924528301883,-0.5547757392362038,-0.392558585720159,3.2047318281746167,-1.1632681774297622,-0.03319107974321367,0.07936860827034242,0.011670020120724489,0.01663585951940849,0.004094165813715467,0.026859504132231482,0.08858057630736393,0.07722007722007729,-0.012048192771084487,0.031294452347083945,-0.012987012987013102,-0.026277013752455836
2016-09-30,0.03939917359218481,0.051174862296029966,0.034745421950275635,0.03755819181992459,0.04176326006593789,0.059132408328836705,-0.07299314100575605,-0.07299314100575605,-0.07812500000000011,-0.0634920634920636,0.10122605947530738,0.24557247602932875,-0.6343333748288311,-2.855287790093008,0.06369304595496716,0.03995880535530394,-0.025457438345266592,-0.023030303030303068,0.04587155963302747,0.03621730382293764,0.031372549019607954,0.0,0.0022865853658537993,-0.00965517241379299,-0.013157894736842035,0.013114754098360715
2016-12-31,-0.008147709305255546,-0.007651790099325262,-0.016883641849261943,0.0025086135894196726,-0.002943111200956916,0.05095577683990071,0.027969622888800005,0.027969622888800005,0.05084745762711873,0.033898305084745894,-0.3740988537938904,0.693080963593552,1.3876897936951047,-2.0933596002306363,-0.06546945430133311,0.025945731828084684,-0.029795918367346963,-0.027295285359801635,-0.0019493177387913674,-0.019417475728155442,0.03897338403041828,0.07168458781362008,0.005323193916349833,-0.016713091922005652,-0.013333333333333197,-0.010165131524354942
2017-03-31,0.04007637758964844,0.08258304076618406,0.007779301399447602,-0.0033626150757422035,0.05651949054502836,-0.058997921446132695,-0.15666877656207612,-0.15666877656207612,-0.16129032258064513,-0.16393442622950816,1.7024500055242515,-0.2815191227600963,-0.9187958632751606,-3.6603383871676556,0.18637261592615206,0.05135135135135149,-0.030290281867900615,-0.027423469387755084,0.056640625,0.05346534653465351,0.05580969807868241,0.0,0.015733736762481243,-0.026912181303116123,0.0,0.08626398960472814
2017-06-30,0.0413532966849357,0.03852117332196414,0.09791808403584024,0.08722664123158719,0.013827315567377596,0.08228876238405514,0.167127723451707,0.167127723451707,0.15384615384615374,0.17647058823529416,-0.5849631283888409,0.5142942227516378,11.67435327168442,-1.2264933262851856,-0.03558085642143072,0.007161219243481565,-0.04295010845986991,-0.04393442622950805,0.010166358595194103,-0.046992481203007475,0.015597920277296451,0.07023411371237454,-0.026362823949955372,-0.048034934497816595,0.0045045045045044585,-0.04480030870152418
2017-09-30,0.015259253475967016,0.009864427762961814,0.04183526973458007,0.06788892130768143,0.001092697601632553,0.07767065184697053,0.10484056186897694,0.10484056186897694,0.1166666666666667,0.10000000000000009,0.05105031152264394,0.7071288102261553,0.26398958227509084,0.9805508958743587,-0.07306957512265566,0.044849589790337374,0.013145965548504224,0.008230452674897082,0.018298261665141924,0.0335305719921104,0.058447098976109,0.0,-0.014073734128805193,-0.006116207951070263,0.013452914798206095,-0.0543346529853761
2017-12-31,0.015682263339634295,0.00894470291049232,0.03202334988049271,0.015858869536287123,0.0070045394268865024,0.05504764821886554,0.38834886872936814,0.38834886872936814,0.4029850746268655,0.39393939393939403,0.4806232427366448,-2.636091351553725,0.24859529011186532,-1.216716176073454,0.01708365426670433,0.06839993020415269,0.10917225950782994,0.0993197278911564,0.013477088948786964,0.04961832061068705,0.03708182184602982,0.06562500000000004,-0.00853374709076793,0.08769230769230774,0.013274336283185972,-0.006792259387415012
2018-03-31,0.030629693603609676,0.03802511320300361,0.09582811866724272,0.09675250361580034,-0.006219820890846606,-0.024776332446429405,-0.18731246294177895,-0.18731246294177895,-0.18085106382978722,-0.17391304347826086,0.8631573117275648,-1.2504312621017426,-0.14583577163455907,3.6333616539224014,0.07782520961393735,0.03478686918177365,0.08269463493344098,0.05940594059405946,0.004432624113475336,0.021818181818181737,-0.08472600077730275,0.0,-0.03568075117370895,0.04101838755304099,0.017467248908296984,-0.05354838709677434
2018-06-30,-0.02479360967426736,-0.028031633480422036,0.008175806667940266,0.034525528388555715,-0.045323771172976146,0.05570787731183624,0.03620699820181006,0.03620699820181006,0.038961038961039085,0.03947368421052633,-0.3691273457704999,-0.03865888802980244,0.5250714222097381,-2.36973423632674,-0.09890272848201209,0.09690656565656575,0.07116244411326367,0.050817757009345765,-0.04324801412180057,0.09074733096085397,0.003821656050955413,0.06598240469208205,-0.021097046413502074,0.01902173913043481,0.030042918454935563,-0.06048625312428979
2018-09-30,0.06446818725038561,0.07110841408487278,0.11061677550023252,0.11061677550023252,0.03497654718714416,0.06813996410836154,0.15708545215319503,0.15708545215319503,0.17499999999999982,0.16455696202531644,-0.4162403403430356,-0.2232214666959128,-0.5450755601875977,-0.7300954063919605,-0.029624216587288643,0.06071942446043166,0.07860869565217388,0.05280711506392444,0.045202952029520294,0.10929853181076665,-0.0038071065989847552,0.0,-0.0276856763925728,0.034666666666666845,0.016666666666666607,-0.03555190093837679
2018-12-31,-0.006069629363080198,-0.004244352666128548,-0.03675511881219751,-0.03675511881219751,0.01584427018650203,0.06917918053398764,0.1015292700317163,0.1015292700317163,0.1063829787234043,0.09782608695652173,0.17676226058278854,-0.07087725903614461,0.5592586009400797,1.2113947490245356,-0.0675107913088071,-0.046391752577319645,0.020638503708481082,0.0047518479408659164,0.02118270079435125,-0.08823529411764697,-0.11932059447983023,0.061898211829436,0.021994884910486068,-0.020618556701030966,0.0286885245901638,0.03375294648678473
2019-03-31,0.09906385736383028,-0.0021288452312696604,0.14367907485384435,-0.07454710028873135,0.06917121577098895,-0.09641540939623738,-0.2204731878801406,-0.2204731878801406,-0.22115384615384615,-0.20792079207920788,1.8366780989710927,-0.07000303920575424,-0.8914270153195316,-4.972875577552821,0.2876301103671508,0.010384068278805225,-0.011690363349131094,-0.02574881765633208,0.0674157303370786,-0.00967741935483879,-0.015911282545805094,0.0,-0.02719386052719397,-0.014473684210526416,-0.015936254980079556,0.07820686978459146
