Quarter end,Assets,Current Assets,Liabilities,Current Liabilities,Shareholders equity,Revenue,Earnings,Earnings available for common stockholders,EPS basic,EPS diluted,Cash from operating activities,Cash from investing activities,Cash from financing activities,Cash change during period,Cash at end of period,Price,ROE,ROA,Book value of equity per share,P/B ratio,P/E ratio,Cumulative dividends per share,Equity to assets ratio,Net margin,Asset turnover,Current ratio
1994-12-31,0.09452900544043041,0.10970464135021096,0.1702954898911353,0.1702954898911353,0.07868556815326166,0.08580767649879628,0.10453648915187386,0.10453648915187386,0.125,0.1212121212121211,-2.964208242950108,-0.23052391799544414,-4.425559947299078,-0.5570866141732284,-0.6485796361315034,0.08396946564885477,-0.0320024382810119,-0.045055364642993645,0.09090909090909083,0.0782339271882262,0.07889426957223566,inf,-0.014508523757707503,-0.004870129870129913,-0.026666666666666727,-0.05176923808617895
1995-03-31,0.09452900544043041,0.10970464135021096,0.1702954898911353,0.1702954898911353,0.07868556815326166,0.08580767649879628,0.10453648915187386,0.10453648915187386,0.125,0.1212121212121211,-2.964208242950108,-0.23052391799544414,-4.425559947299078,-0.5570866141732284,-0.6485796361315034,0.08396946564885477,-0.0320024382810119,-0.045055364642993645,0.09090909090909083,0.0782339271882262,0.07889426957223566,inf,-0.014508523757707503,-0.004870129870129913,-0.026666666666666727,-0.05176923808617895
1995-06-30,0.07355322975191836,0.09211821913865448,-0.010872848082150388,-0.010872848082150388,0.09270679164611084,0.08580767649879628,0.10453648915187386,0.10453648915187386,0.125,0.1212121212121211,-2.964208242950108,-0.23052391799544414,-4.425559947299078,-0.5570866141732284,-0.8174386920980926,0.176056338028169,-0.0320024382810119,-0.045055364642993645,0.08333333333333348,0.0782339271882262,0.07889426957223566,inf,0.01778922831554408,-0.004870129870129913,-0.026666666666666727,0.10412539184952996
1995-09-30,0.05361453304478103,0.03777013343690183,-0.13850381679389312,-0.13850381679389312,0.09306846257070123,0.04538981523208663,0.09910714285714284,0.09910714285714284,0.05555555555555558,0.1212121212121211,-5.7012700165654335,1.0959147424511544,-2.0,-3.637777777777778,11.810945273631841,0.221556886227545,-0.0320024382810119,-0.045055364642993645,0.0769230769230771,0.12715517241379315,0.07889426957223566,inf,0.03748794599807148,-0.004870129870129913,-0.026666666666666727,0.2046017216707927
1995-12-31,0.07954377129314172,0.08393814240079123,0.0630892464733821,0.0630892464733821,0.08220702632001653,5.173038125283469e-05,-0.022339561332250235,-0.022339561332250235,0.0,0.1212121212121211,-0.14023960535588442,-0.06440677966101693,-1.0,0.6882898062342038,1.556504854368932,0.17156862745098045,-0.0320024382810119,-0.045055364642993645,0.1428571428571428,0.08795411089866167,0.07889426957223566,inf,0.002439874520739016,-0.004870129870129913,-0.026666666666666727,0.01960969171301974
1996-03-31,0.10793999268203436,0.10724194483149807,0.34153497366139884,0.34153497366139884,0.07079927483222548,0.08733360921442856,0.029358814568619218,0.029358814568619218,0.05263157894736836,0.1212121212121211,-0.10259562841530057,0.26992753623188404,-inf,-0.5998003992015968,0.24365790672945464,-0.06694560669456073,-0.0320024382810119,-0.045055364642993645,0.0625,-0.1833626244874048,0.07889426957223566,inf,-0.03349559573481686,-0.004870129870129913,-0.026666666666666727,-0.17464632454923712
1996-06-30,0.10562252311756937,0.025035080294897316,0.22282419603360015,0.22282419603360015,0.08227641310482081,0.12351532642996466,0.13614960312121616,0.13614960312121616,0.09999999999999987,0.1212121212121211,-1.0881412695996346,1.9291488349976222,-8.328063241106719,-5.574189526184538,-0.8961768657627946,0.13901345291479816,-0.02015113350125952,-0.045055364642993645,0.0588235294117645,0.07173601147776187,0.07889426957223566,inf,-0.021105648159251644,-0.004893964110929905,-0.0182648401826484,-0.16174856041764685
1996-09-30,0.0764974274342296,0.07759501097325128,0.06251524266319808,0.06251524266319808,0.0796443175892636,0.07568101623147494,0.02924807578448796,0.02924807578448796,0.045454545454545414,0.1212121212121211,-4.561312607944732,-0.5774350649350649,-0.4239482200647249,-1.0081777293171597,0.07058823529411762,0.047244094488189115,-0.03309768637532129,-0.045055364642993645,0.05555555555555558,-0.010709504685408322,-0.005049560501215522,inf,0.0029400955531053707,-0.02786885245901638,-0.018604651162790753,0.014193306960333496
1996-12-31,0.05124967916923917,0.043061380867881915,-0.02149961744452944,-0.04215761285386377,0.06736317649152235,0.01779247362620051,-0.08317993557294068,-0.08317993557294068,-0.08695652173913049,0.1212121212121211,1.1464597478176528,-0.08451786400307337,-1.0449438202247192,-9.066666666666666,-0.5318681318681319,0.08270676691729317,-0.047856430707876485,-0.0551779288284685,0.10526315789473673,0.025710419485791558,0.03120300751879701,inf,0.015268107976059708,-0.04637436762225966,-0.009478672985781977,0.08897556861608202
1997-03-31,0.14193803820647322,0.1401285583103764,0.5290484009695833,0.5404585030753255,0.06333404780617147,0.12282126650165015,0.09988706236667078,0.09988706236667078,0.09523809523809534,0.1212121212121211,0.16538635336647078,0.8755770037767521,-26.03472222222222,-0.6363636363636364,-0.41314553990610325,-0.11458333333333337,-0.029319371727748567,-0.048666948793906095,0.04761904761904767,-0.1992084432717678,-0.13525337222019684,inf,-0.06881616939364776,-0.0389036251105217,-0.009569377990430672,-0.25988044241148134
1997-06-30,0.04410736471064114,0.05547171730873579,-0.07289695729992329,-0.07391755250194454,0.07827093209899583,0.12787186405648998,0.1955504848830576,0.1955504848830576,0.21739130434782616,0.1212121212121211,-0.31834044203179523,-0.6777044412126636,-1.1667128987517337,-1.1931818181818181,0.1359999999999999,0.027450980392156987,-0.01150665228335146,-0.016459074733096157,0.09090909090909083,-0.018945634266886335,-0.007166947723440065,inf,0.03268733850129202,-0.02575896964121449,0.009661835748792313,0.139727281645466
1997-09-30,0.08047573718232526,0.09425278123619418,0.08850216497972907,0.08984014110137473,0.0784606969514432,0.07450728886717162,0.08159175493844839,0.08159175493844839,0.0714285714285714,0.1212121212121211,1.0463594994311718,0.8149947934744881,2.239600665557404,-0.4411764705882353,0.06690140845070425,0.3053435114503815,0.0014550745725718794,-0.0045228403437358455,0.08333333333333348,0.19647355163727953,0.22292993630573243,inf,-0.0018766420618041568,-0.01227573182247399,0.004784688995215447,0.004045446720605916
1997-12-31,0.050750656920846904,0.0582988937744533,-0.005143407317320325,-0.033703247020139715,0.06491355345689875,0.014808007503481768,-0.09511205223222163,-0.09511205223222163,-0.09999999999999987,0.1212121212121211,-1.1684503127171646,-0.12602792120864414,-4.012326656394453,3.3684210526315788,0.273927392739274,-0.1578947368421053,-0.011260443152924071,-0.01590186278964112,0.03846153846153855,-0.22245614035087724,-0.21562500000000007,inf,0.013537227375282068,-0.019120458891013437,0.004761904761904745,0.09521360194313488
1998-03-31,0.07575912682743735,0.09316020558919624,0.09940150261046732,0.10375903870693315,0.07016253496672142,0.08955878783352311,0.20768330733229323,0.20768330733229323,0.2222222222222221,0.1212121212121211,-9.349009900990099,-0.040043763676148814,-1.9718670076726341,-0.6144578313253012,0.08290155440414515,-0.10069444444444442,0.015062454077883869,0.024007386888273308,0.07407407407407396,-0.1344765342960289,-0.15073041168658707,inf,-0.005194162750432829,0.013645224171539905,0.009478672985782088,-0.009601586349048952
1998-06-30,0.08172087838388964,0.07178208398370578,0.09669199406968132,0.10053228642308332,0.07808010816292033,0.08328549272965624,0.13160019376715648,0.13160019376715648,0.1212121212121211,0.1212121212121211,-0.8384227690483249,1.1732391155687258,-2.452982456140351,10.96875,0.9162679425837321,0.16216216216216206,0.006152732537097583,0.006762849413886496,0.10344827586206917,0.08237747653806049,0.06359134740682837,inf,-0.003356539035305861,0.012500000000000178,-0.004694835680751019,-0.026133459785558144
1998-09-30,0.02034669392405908,0.02220051505194931,-0.1891766296311943,-0.19600376425273014,0.07217954747348077,0.038931557341390644,0.001212899543378887,0.001212899543378887,0.0,0.0,6.314373088685016,-0.5590518145584225,-1.8344602752958221,1.2036553524804177,1.0536828963795255,-0.2192691029900331,-0.014388489208633115,0.0,0.0625,-0.2928709055876687,-0.274442538593482,inf,0.05076711987027571,0.0,0.0,0.2714042253902129
1998-12-31,0.03146952198350372,0.0034865201401557133,-0.12499348720887826,-0.1613904238233933,0.06074089958719786,-0.02079954929234329,-0.10795980902159197,-0.10795980902159197,-0.108108108108108,-0.108108108108108,0.6391838782506898,1.4938154138915318,0.2556793517580669,-0.4774881516587678,0.2680851063829788,-0.11063829787234047,-0.02372262773722633,-0.00582176444245408,0.0588235294117645,-0.16212534059945494,-0.15704154002026338,inf,0.028371320037986703,0.0,-0.004716981132075526,0.19661702127659586
1999-03-31,0.09391244815590238,0.12297783190105438,0.2854590925330476,0.31121786548948327,0.06435220495667271,0.0934324389466401,0.23142674548649933,0.23142674548649933,0.2424242424242422,0.2424242424242422,0.031933887670254624,-0.49723388019839754,-0.35803180456326344,20.285714285714285,4.5,0.1818181818181821,-0.010467289719626294,0.00045045045045033483,0.05555555555555558,0.11544715447154474,0.13100961538461542,0.0,-0.027011427911808772,0.008547008547008517,-0.009478672985781977,-0.14356074749737746
1999-06-30,0.05223630779978761,0.08296543749196972,-0.06605521586066332,-0.07060104960887215,0.07428383955243212,0.0942659669781134,0.10684398313331167,0.10684398313331167,0.09756097560975618,0.09756097560975618,-0.6922240348015225,-0.782014797951053,-0.9998204990127446,-0.45925215723873447,0.4424300531683083,0.12145748987854232,-0.012466943709860123,0.004052228725799134,0.07894736842105265,0.06268221574344013,0.06092809068366978,0.0,0.02099893225768179,0.0028248587570620654,0.0,0.16523761081238186
1999-09-30,0.05407283943786645,0.055851896847920024,-0.036925900208312656,-0.039660132111655644,0.06881780920999758,0.035531642526203555,0.0016410737310983414,0.0016410737310983414,0.0,0.0,1.3053324767105687,4.77893820713664,-1.0,0.5195035460992907,0.46607045742945186,0.20216606498194944,-0.014537107880642774,-0.005829596412555982,0.07317073170731714,0.11385459533607678,0.1402337228714523,0.0,0.013943760167325125,0.0009389671361501595,-0.004784688995215225,0.09945479813277269
1999-12-31,0.04527247138484558,0.022104662294875732,-0.05598043002446251,-0.06639855775897929,0.06005579241012682,-0.025458242082342375,-0.07033352837916906,-0.07033352837916906,-0.06666666666666676,-0.06666666666666676,0.0576882881627534,0.7460843373493975,-inf,-0.534941008686633,0.1478443656747177,-0.21021021021021025,-0.01164596273291929,-0.005412719891745632,0.045454545454545414,-0.2635467980295565,-0.24860907759882866,0.0,0.014095805638322245,0.007504690431519689,-0.014423076923077094,0.09478511700265768
2000-03-31,0.10783658327605528,0.12949143598425716,0.47530072829437287,0.45824544725349803,0.060058164278621096,0.13500148098543474,0.2617069486404835,0.2617069486404835,0.2619047619047621,0.2619047619047621,0.5321125090573744,-0.3238744178023115,-inf,2.452746027320881,0.4447197385902546,0.015209125475285079,0.005106048703849231,0.0045351473922903285,0.06521739130434767,-0.030100334448160626,-0.03780202650038966,0.0,-0.043055712509888155,0.012104283054003906,-0.004878048780487698,-0.22543925870006065
2000-06-30,0.052614879029973416,0.05732873405696659,-0.04167437044706579,-0.04591940675549033,0.06967687541402645,0.06989924433249373,0.046343410156639786,0.046343410156639786,0.037735849056603765,0.037735849056603765,-1.2047379509007266,-0.12004082153335882,-1.0,-1.94146144529673,-0.28980464283938956,0.3895131086142323,-0.008597108245408491,-0.008577878103837477,0.08163265306122458,0.30517241379310356,0.29971648440664245,0.0,0.016178554558337277,0.0018399264029438367,-0.009803921568627416,0.1082232881686318
2000-09-30,0.04553333046249253,0.043494110325984936,-0.0875327982713382,-0.09687820293816196,0.06710559239334413,0.02297588936788464,-0.008247914183551863,-0.008247914183551863,0.0,0.0,-1.5997480050398991,0.08901130762539866,-inf,-0.6006861063464837,-0.1629453349198572,0.010781671159029615,-0.013401655498620269,-0.011384335154826952,0.05660377358490565,-0.0647291941875826,-0.04113430975381749,0.0,0.020685647879139957,0.0009182736455464191,-0.014851485148514865,0.15542334885325082
2000-12-31,0.036023373748294674,0.03541068989974905,-0.08645734221376467,-0.135145998344958,0.05300212500915946,-0.025715055825670463,-0.09109700990289393,-0.09109700990289393,-0.09090909090909094,-0.09090909090909094,4.917366946778712,0.07973908413205533,-inf,-2.887671821305842,0.3674638347687933,-0.10133333333333328,-0.0219736316420297,-0.01842468908337158,0.05357142857142838,-0.1497175141242939,-0.14527136821579456,0.0,0.016281452806558017,-0.006422018348623881,-0.01005025125628145,0.1972150500723846
2001-03-31,0.07571111950385623,0.0612219859316212,0.3193769383881868,0.37723830613193354,0.04640676060101656,0.06945589776602601,0.09689532977204207,0.09689532977204207,0.10000000000000009,0.10000000000000009,0.541715976331361,-0.18579706571322896,-inf,0.8245534190465353,0.09291588956492491,0.041543026706231334,-0.04697712418300648,-0.042233693101830116,0.05084745762711873,-0.011627906976744096,0.0026615969581749166,0.0,-0.027223840466054194,-0.024007386888273197,-0.020304568527918843,-0.2294650759814003
2001-06-30,0.027105685611003905,0.027069122766452125,-0.13770721866502933,-0.15582198578744688,0.052097464953581696,0.019356668125920296,-0.08298375042191042,-0.08298375042191042,-0.09090909090909094,-0.09090909090909094,-0.3590481673383228,-0.13522107813446393,-1.0,-0.31472935894237963,0.3068035584401052,0.08547008547008561,-0.07415345049292765,-0.06663400293973543,0.048387096774193505,0.03361344537815136,0.07508532423208192,0.0,0.024415524588276005,-0.04446546830652787,-0.020725388601036343,0.2166639702313542
2001-09-30,0.07491623001326819,0.09269988774830606,0.3487132539924729,0.4030521068472537,0.04088846187881612,0.010590170174762159,-0.1060574192869913,-0.1060574192869913,-0.09999999999999998,-0.09999999999999998,0.7385628742514969,2.4043074767991595,-inf,-0.1351351351351351,0.20345514096718254,-0.02887139107611547,-0.09166666666666656,-0.09606299212598435,0.04615384615384621,-0.0747967479674797,-0.005643738977072266,0.0,-0.03170320404721749,-0.06435643564356441,-0.03703703703703698,-0.22120422329193368
2001-12-31,-0.005730329321335659,-0.023530320719730824,-0.2404368287679498,-0.3202332869664315,0.03206562266964941,-0.008663444032895984,-0.21451679312981586,-0.21451679312981586,-0.22222222222222232,-0.22222222222222232,-0.31328786939450304,0.48600966978705884,-inf,-1.942024410774411,-0.15925787573154027,0.03243243243243232,-0.11111111111111116,-0.1103368176538908,0.02941176470588225,-0.012302284710017597,0.08407236608726487,1.0,0.037965865552072486,-0.09312169312169316,-0.016483516483516536,0.43647446514248633
2002-03-31,0.061818770989218175,0.07255869019256189,0.30665660497259517,0.3807105347501294,0.03280158535896516,0.04529844166345964,0.3258199790324996,0.3258199790324996,0.34285714285714297,0.34285714285714297,0.05687631658140235,-0.4203385137239971,-inf,-1.0588629509661567,0.011150135409614181,0.1544502617801049,-0.07912844036697253,-0.07963446475195834,0.028571428571428692,0.12099644128113884,0.24803664921465973,0.0,-0.027293064876957485,-0.05950991831971986,-0.022346368715083775,-0.22317841435873054
2002-06-30,0.04232664781430895,0.038549075002527244,-0.020046202012219183,-0.02355230969769473,0.05167891528513646,0.08808753763130173,0.2330415136966959,0.2330415136966959,-0.3829787234042553,-0.3829787234042553,-0.5968583902809415,-0.42180689078640954,-1.0,-3.0834914611005693,-0.022975037140884225,0.12698412698412698,0.00249066002490661,-0.0007092198581559739,0.05555555555555558,0.09523809523809534,0.1780283167278447,0.0,0.008969641214351398,0.007444168734491274,-0.011428571428571455,0.063592129020412
2002-09-30,0.025974272883863003,0.004722317223961436,-0.06788256641697299,-0.08004169409699369,0.039087503223164344,0.019710130030323292,-0.1243186294718519,-0.1243186294718519,-0.13793103448275856,-0.13793103448275856,-1.151854031783402,1.0488484973665186,-inf,18.31511839708561,-0.4542008438095646,-0.10261569416498995,-0.008695652173913104,-0.0007097232079488203,0.03947368421052633,-0.14927536231884064,-0.1415535277097707,0.0,0.012764987462958732,-0.0049261083743842304,0.005780346820809301,0.09214501510574014
2002-12-31,0.035882915403488314,0.03817965200769824,-0.016056038068616663,-0.06446418987417257,0.04239253287511824,-0.07896306376687412,-0.11654548307788881,-0.11654548307788881,-0.07999999999999996,-0.07999999999999996,7.106976744186046,-0.9628005443822774,-inf,-0.4724160694077707,-0.4390425740631744,-0.07399103139013452,0.006892230576441172,0.0078125,0.03797468354430378,-0.10902896081771718,-0.098262898625875,0.0,0.0063020481656539395,0.03217821782178221,-0.02298850574712641,0.10971481261937699
2003-03-31,0.051398191081344136,0.05642317761535076,0.20227607081860755,0.25416454190039106,0.0335486555531328,0.07550413615096274,0.12742021434069506,0.12742021434069506,0.08695652173913038,0.08695652173913038,-1.8571428571428572,-0.8997289972899729,-inf,-1.4026275806595763,0.31512311135982096,0.004842615012106588,-0.022401991288114598,-0.020436927413671535,0.03658536585365857,-0.03250478011472291,-0.05031627372052905,0.0,-0.016998434354730474,-0.004796163069544335,-0.0117647058823529,-0.15767295000237413
2003-06-30,0.04082757681968219,0.043067204320328845,-0.010295503452931842,-0.01240131467488903,0.04786302287274924,0.05626200480828358,0.1515676697652435,0.1515676697652435,0.15999999999999992,0.15999999999999992,1.9071842927264613,110.12162162162163,-1.0,3.0042175360710326,0.9594702409446305,-0.021686746987952032,-0.03819223424570328,-0.03597122302158273,0.04705882352941182,-0.05533596837944654,-0.03602785346654558,0.5,0.006825938566553003,-0.01566265060240979,-0.023809523809523836,0.056171699947858755
2003-09-30,0.03929472844495008,0.05134402695378304,0.00959256469651959,0.011579236285037986,0.04315540786413696,0.037003436205401696,0.06088384183882889,0.06088384183882889,0.06896551724137945,0.06896551724137945,0.03066001534919427,0.043658032348291353,-inf,0.013747990465103443,0.49638979370249725,0.1798029556650247,0.011912640635340699,0.011194029850746245,0.04494382022471921,0.12552301255230125,0.17996231155778886,0.0,0.003728813559322086,0.03182374541003674,-0.018292682926829174,0.03930777749609726
2003-12-31,0.02480283874458533,-0.011172843806604438,0.052940514062104205,0.03344129966592613,0.021263183244441652,-0.025885495296713468,-0.14495744132060873,-0.14495744132060873,-0.16129032258064513,-0.16129032258064513,0.07003239137719208,1.6630156140759729,-inf,-1.2940340132334445,-0.09753841130480523,0.15657620041753662,0.0006540222367559245,-0.0014760147601476925,0.021505376344086002,0.10780669144981414,0.09236092627096082,0.6666666666666667,-0.0034898120004502875,0.0023724792408066353,-0.006211180124223614,-0.043174611325793144
2004-03-31,0.05937290401400985,0.07151758271759334,0.2996804940978304,0.3678475902922498,0.028205083746575488,0.12940157286314347,0.4151332327802917,0.4151332327802917,0.4230769230769229,0.4230769230769229,-0.01360473208072377,-0.40461188413406846,0.0,-1.620792263343872,0.06709547738693478,0.10830324909747291,0.07124183006535945,0.06430155210643007,0.03157894736842115,0.08389261744966436,0.07821637426900585,0.0,-0.029484862178038918,0.05798816568047327,0.006250000000000089,-0.21663759559908757
2004-06-30,0.05440384105518903,0.046488547892964416,0.04235753960090527,0.04940137719235116,0.05637876112760898,0.09126126823501268,0.23750310867943303,0.23750310867943303,0.2432432432432432,0.2432432432432432,-0.7357931496701824,0.3084441831410303,-1.0,-4.111743559017375,-0.19565626883664855,0.07328990228013033,0.09701037217815744,0.08958333333333357,0.05102040816326525,0.04024767801857587,-0.03141242937853106,0.40000000000000013,0.0019788150389943304,0.07494407158836713,0.012422360248447006,-0.002774732803507929
2004-09-30,0.023874038511743967,0.021034588379435393,-0.012127730959758387,-0.014049567881476044,0.029697975863610226,0.05008979728705798,-0.002612540192926005,-0.002612540192926005,0.0,0.0,-0.6148197596795728,-0.9586048079083352,-inf,0.6047944546067199,-0.3903655652092457,0.11987860394537186,0.0717463848720803,0.06500956022944537,0.029126213592232997,0.06696428571428581,-0.016098926738217445,0.0,0.005692379182156149,0.04474505723205002,0.024539877300613577,0.03558792209130579
2004-12-31,0.03365885932150836,0.034708480684285226,-0.14228490944870087,-0.17466114763412066,0.06096483340671344,-0.022147642763711395,-0.04237068593304738,-0.04237068593304738,-0.0434782608695653,-0.0652173913043479,5.48630849220104,14.453188602442333,-1.0000527175918603,-1.448197252384666,0.2869929317762754,-0.023035230352303482,0.06694343539180059,0.0688210652304011,0.06603773584905648,-0.051603905160390484,-0.11761916054066879,0.1428571428571428,0.026337068268453168,0.05378486055776888,0.011976047904191711,0.2536736657047136
2005-03-31,0.04957194826507272,0.09484152501737708,0.3040936353578292,0.3668151103493811,0.017638145503376057,0.11098236854913424,0.11307824100513986,0.11307824100513986,0.11363636363636354,0.13953488372093026,1.5166996205846202,-1.7855825796821494,-23523.0,3.3490831214027574,0.9698235978867564,0.030513176144244092,0.025778210116731426,0.02631578947368407,0.017699115044247815,-0.032352941176470584,-0.07121741467347487,0.0,-0.030388294879009514,0.010396975425330801,0.01183431952662728,-0.19898397915040555
2005-06-30,0.014784467402921164,0.009127529082646912,-0.10994320211473885,-0.1265340103192386,0.0348386077766929,0.08324830628955171,0.20569252788204473,0.20569252788204473,0.20408163265306123,0.20408163265306123,-0.8639133665994267,-2.5420811445177156,-0.2033415525890656,-1.8109688538717221,-0.39927267217213425,-0.03499327052489898,0.03366524419155992,0.03873431533006011,0.034782608695652195,-0.05319148936170204,-0.09809027777777779,0.5,0.019733023795704963,0.014031805425631427,0.029239766081871288,0.15531479157032435
2005-09-30,0.03391892419011966,0.0452753190215216,0.002297697285907896,0.0026946565783745324,0.03829177899911618,0.049456900353021194,0.02963178641820452,0.02963178641820452,0.033898305084745894,0.016949152542372836,2.4440630363551255,-0.5243168804812641,0.24942633011366677,-0.7109677419354838,-0.19210493126497663,0.08368200836820083,0.03623853211009176,0.0409663865546217,0.04201680672268915,0.048154093097913186,0.012191209496310584,0.0,0.004211724530449601,0.01845018450184499,0.022727272727272707,0.042471980786825236
2005-12-31,0.049329516596438916,0.04444719813192699,0.06598994934630698,0.07423837018260349,0.04710543899505537,-0.045186938426425516,-0.14807161036305494,-0.14807161036305494,-0.5901639344262295,-0.5666666666666667,1.0991709328138448,2.3733048910559194,-1.0,-4.174238445378151,0.7547847263417529,0.16473616473616493,0.0017706949977867037,0.0,0.048387096774193505,0.1179173047473201,0.08748019017432651,0.3333333333333335,-0.0020403536613012863,-0.008152173913043459,0.005555555555555536,-0.02774159044471569
2006-03-31,0.0711623700191566,0.078831077583019,0.4274552523336401,0.4848368983373026,0.022741398432006177,0.12410068664186036,0.22188744765601065,0.22188744765601065,0.28,0.23076923076923084,0.3600517966979606,-0.09973350196485842,-inf,-0.4658117890382627,0.22977012312290945,0.17790055248618786,0.028281042863455452,0.02068617558022212,0.023076923076922995,0.12328767123287654,0.12969979597784898,0.0,-0.04520672421626526,0.012785388127853903,0.005524861878453136,-0.27342736248236954
2006-06-30,0.028489403926274415,0.03403316337460893,-0.14292387042446253,-0.166783157615933,0.06100318455441189,0.0628070687486535,0.07646173778576504,0.07646173778576504,0.0625,0.0625,-1.0570947983115935,-0.13807636345391605,-0.8124193174671477,-3.0385628000619485,-0.3808848635666541,0.0009380863039398779,-0.0038676407391490253,-0.006426099851705391,0.0601503759398494,-0.02195121951219514,-0.06295149638802888,0.3125,0.03152510111824891,-0.008115419296663595,0.005494505494505475,0.2410024459370268
2006-09-30,0.017069287826110946,0.00012430956396358717,-0.04153393870078825,-0.04777924944812362,0.02604868662776072,0.02456534958382095,0.05023974530700981,0.05023974530700981,0.0588235294117645,0.0588235294117645,-6.628126737076154,0.38820653122999005,4.59096523733898,0.3429309427941958,-0.8261824640119648,-0.1293345829428304,0.0051768766177739955,0.0029850746268655914,0.02127659574468077,-0.1783042394014962,-0.16134361233480177,0.0,0.008880175296966941,0.0036363636363636598,0.0,0.05030580800575635
2006-12-31,0.04186027856047003,0.06033374350390619,-0.06362719031297048,-0.03656376635540015,0.05695883319845674,-0.04543617365259267,-0.157686549231992,-0.157686549231992,-0.16666666666666663,-0.16666666666666663,-0.10098765432098766,-0.4447752432069775,-1.2176177250347178,-1.3368218589127114,1.6009680021511157,0.046286329386437286,-0.008583690987124526,-0.005456349206349187,0.05555555555555558,0.02427921092564489,-0.002954694681549519,0.23809523809523814,0.014517604023776887,-0.0036231884057971175,-0.005464480874316946,0.10058827909747547
2007-03-31,0.05406076518552161,0.07181130954861836,0.3094429667387939,0.34824247324247315,0.021677856788848926,0.09009446681627442,0.18571428571428572,0.18571428571428572,0.19999999999999996,0.19999999999999996,3.639110134578413,-0.2838909447926894,-6.078897751994199,2.3626133691635873,2.0697818670526207,-0.23559670781893016,-0.00909090909090915,-0.004488778054862919,0.026315789473684292,-0.27555555555555555,-0.2584787619361212,0.0,-0.030760563380281658,-0.0009090909090909705,0.0,-0.20503660401358614
2007-06-30,0.03090068718920813,0.041119878091312456,-0.06377364405894037,-0.07665783818899607,0.04628684127284033,0.062452341477276185,0.11517035885477389,0.11517035885477389,0.11111111111111116,0.11111111111111116,-0.7239003019359422,-0.6395275258384308,-0.36000456894828525,-1.0513960341641277,-0.034653465346534684,-0.03499327052489898,0.004368719965050172,0.006513026052104243,0.0512820512820511,-0.059304703476482645,-0.06349911190053281,0.1923076923076923,0.014880260404557033,0.010009099181073733,-0.005494505494505475,0.12756396071288756
2007-09-30,0.0183777550246762,0.02329153579403065,-0.008211245988558713,-0.00910011674746214,0.022244361298910054,0.027022970679576597,0.031299787573021876,0.031299787573021876,0.02499999999999991,0.02499999999999991,1.2581267690196416,2.066705675833821,1.046359093342852,0.5476190476190477,-0.05555555555555558,0.08368200836820083,0.001304915180513344,0.0014932802389249211,0.024390243902439046,0.0304347826086957,0.03793266951161689,0.0,0.0038946162657502725,0.0045045045045044585,-0.0055248618784530246,0.03268368533083743
2007-12-31,0.011553544730847909,0.004638965945176432,0.07552598074041761,0.07513147422793032,0.002527753683454259,-0.027248711943793857,-0.09576453928100159,-0.09576453928100159,-0.07317073170731703,-0.07317073170731703,0.281302820244991,0.36348025186033195,0.09530558402197853,-1.9654631083202512,0.05679194754825012,0.16473616473616493,0.024326672458731657,0.019383697813121437,0.005952380952380931,0.1371308016877637,0.12517131110095936,0.19354838709677424,-0.009014148790506549,0.011659192825111964,0.011111111111111072,-0.06556442417331809
2008-03-31,0.05117014498809613,0.04269441205489288,0.19177894048397648,0.21280780312211967,0.029887314992362635,0.09053054086431978,0.21183107615098495,0.21183107615098495,0.21052631578947367,0.21052631578947367,0.2856062964115791,1.2112370556954941,-0.2578731536409603,4.851056910569105,0.3144355120587208,0.10497237569060758,0.034775233248515613,0.031204290589956107,0.029585798816567976,0.0983302411873841,0.04790905399918799,0.0,-0.020149683362118642,0.022163120567376016,0.005494505494505475,-0.1402668919447443
2008-06-30,0.03933337423061989,0.044256431196406654,-0.11100684326347388,-0.12104312026520814,0.06566623604318544,0.06712880380071007,0.11854201544923204,0.11854201544923204,0.10869565217391308,0.10869565217391308,-0.677769323003136,-0.4353384172388697,-0.7600858369098713,-0.9318586038239217,0.016300590331330023,0.18599999999999994,0.03319672131147544,0.033569739952718614,0.07471264367816088,0.1520270270270272,0.11390933746609844,0.16216216216216206,0.02526439482961229,0.024284475281873386,0.010928961748633892,0.18806296060413064
2008-09-30,0.030085868558382467,0.02295574957326174,0.15506651439859254,0.17101697915390157,0.011824098828504104,0.034454394846901604,-0.042761862248247295,-0.042761862248247295,-0.03921568627450989,-0.03921568627450989,1.1125979462592581,0.4340711683945082,5.384391771019678,-20.84584013050571,-0.3183102645281143,0.0295109612141653,0.013090043633478876,0.007319304666056903,0.010695187165775222,-0.04252199413489732,-0.034782608695652195,0.0,-0.017765042979942747,0.0,0.00540540540540535,-0.12643590136314897
2008-12-31,-0.003623675597375531,-0.005739862226997183,-0.13481014349464238,-0.13960559515365745,0.018258530884480706,-0.12811721546084476,-0.14227324472973157,-0.14227324472973157,-0.1428571428571429,-0.1428571428571429,0.4593615039376746,-0.5489039115313978,-0.2976428146124479,-2.3885578069129916,0.6483773773197459,-0.2104832104832105,-0.007439310884886474,-0.004995458673932918,0.015873015873015817,-0.21898928024502307,-0.24468468468468463,0.16279069767441867,0.022053675612602186,0.011854360711261558,-0.016129032258064502,0.15558867362146067
2009-03-31,-0.0011501753250586777,-0.008020274696715068,0.021298412502316344,0.0232983992486131,-0.0043317671386261525,-0.1020480439812903,-0.22134450556479468,-0.22134450556479468,-0.2142857142857142,-0.2142857142857142,0.0854841704577105,0.47401247401247404,0.29621503017004946,-0.2903655468403138,0.2791296046197551,-0.17427385892116187,-0.08915187376725842,-0.08352350524874474,-0.00520833333333337,-0.18627450980392146,-0.1917938931297709,0.0,-0.0031967119534194177,-0.03765690376569031,-0.04371584699453557,-0.030602800831449506
2009-06-30,0.01998619735631002,0.022134603857045354,-0.14212703673686633,-0.15511651402196236,0.04355361022622661,-0.029535278646849794,-0.10588573540887991,-0.10588573540887991,-0.12121212121212133,-0.12121212121212133,-0.20865139949109412,-0.2991302303714152,-1.0,1.6611053180396245,0.5807021216561843,0.11306532663316582,-0.14032048505846684,-0.1349601593625499,0.04712041884816753,0.11807228915662638,0.19539551357733176,0.17999999999999994,0.023021417936089694,-0.07217391304347831,-0.06857142857142862,0.20979152319539218
2009-09-30,0.006833829563688498,0.009194163379666387,0.076036915093874,0.08436107854630714,-0.0014365818619954673,0.030417314179585375,0.09304515595571683,0.09304515595571683,0.10344827586206917,0.10344827586206917,0.15690777918884602,0.013667616971323238,-inf,-0.6853134796238245,0.11560630401861038,-0.003386004514672636,-0.1234256926952142,-0.11629245826137014,0.0,-0.047413793103448176,0.13975308641975293,0.0,-0.008172861621137506,-0.05060918462980324,-0.06748466257668706,-0.06931794659490775
2009-12-31,-0.007778651540929493,-0.015756094139807053,-0.1055469650906804,-0.13863662572795943,0.0048120897109202865,-0.025726541313894846,-0.06415348084641403,-0.06415348084641403,-0.0625,-0.0625,-0.38240377428998507,2.3681859541732155,-0.2520698000254744,-2.439059620461224,-0.14912461805268806,0.08607021517553792,-0.09827586206896544,-0.09315960912052124,0.010000000000000009,0.08371040723981893,0.22227036395147337,0.15254237288135597,0.01275538999887127,-0.057255676209279405,-0.03947368421052633,0.14265061580805694
2010-03-31,0.032332648765442284,0.047659523353868805,0.3134820349412153,0.3581320235296086,0.00010244843358875322,0.09233770319874157,0.2581731632836357,0.2581731632836357,0.26666666666666683,0.26666666666666683,0.49430851264985054,-0.8401444078785795,0.4347022187621643,-1.483524851169874,0.08474267828112492,0.1762252346193951,0.028043339706819603,0.026580459770114917,0.0,0.16492693110647183,0.28996809641970933,0.0,-0.031319661168078494,0.023036649214659644,0.0,-0.2286009732360097
2010-06-30,0.052237689514878394,0.057621433700323355,0.02050080865540127,0.0237509934754081,0.05701594925123743,0.09680051922914434,0.2343755576971125,0.2343755576971125,0.23684210526315774,0.23684210526315774,-0.487536063167485,2.4527577200798896,-1.0,0.2576950608446671,0.09825412980505743,0.1622340425531914,0.1165530068195908,0.11056682995101474,0.054455445544554504,0.1630824372759856,0.11706512778235778,0.1470588235294117,0.004602462317339739,0.08085977482088036,0.027397260273972712,0.033086785787506345
2010-09-30,0.019060169018382478,0.026015033725743875,0.05998273091930528,0.06607327700344245,0.013111769373937987,0.057016752949579974,0.08424537713071256,0.08424537713071256,0.08510638297872353,0.08510638297872353,0.15474456159411343,-0.5824953279345021,-inf,-2.3561183836084236,-0.12132367917226772,-0.05720823798627006,0.10549694614103267,0.09955891619407664,0.014084507042253724,-0.10631741140215722,-0.17269372693726925,0.0,-0.005841255297216796,0.0672348484848484,0.03333333333333344,-0.03758376967346999
2010-12-31,-0.0007173303333408709,-0.027851823463941217,-0.04222992132479553,-0.08444025448366577,0.0055960011761246875,-0.04966293995859217,-0.13111715603914975,-0.13111715603914975,-0.13725490196078427,-0.13725490196078427,0.5865158448445451,3.4422892465096453,0.0,0.21173458681327895,-0.1673108683684409,0.12540453074433655,0.06479156202913106,0.057879656160458426,0.004629629629629539,0.1103448275862069,-0.0032708890871245844,0.26923076923076916,0.006336405529953959,0.037267080745341685,0.019354838709677358,0.06181299072091373
2011-03-31,0.03836453871631007,0.04349552085386543,0.25474912661287274,0.2918334001294818,0.007021376798033829,0.11645339737802529,0.22077623118122802,0.22077623118122802,0.2272727272727273,0.2272727272727273,0.0011995417480963333,-0.5225277098027925,0.19046850018572048,-0.34729149348850097,-0.13114765507018433,0.10136592379583043,0.06698113207547185,0.060130010834236414,0.009216589861751112,0.09627329192546563,0.0155131264916466,0.12121212121212133,-0.030223239839725302,0.03421727972626165,0.025316455696202445,-0.19224104448627166
2011-06-30,0.037555760051895204,0.03433072561987993,-0.023149260390568638,-0.024446820290574434,0.048511943706509575,0.09545523374800768,0.1830992997850327,0.1830992997850327,-0.40740740740740744,-0.40740740740740744,-0.6366243067147703,0.49175962214852786,-0.5526148002441837,0.8805518705226851,-0.28385717031910807,0.09268929503916445,0.06631299734748008,0.061318344404700964,0.04566210045662111,0.0821529745042493,0.003525264394829586,0.06306306306306286,0.010624483532050588,0.02977667493796532,0.030864197530864113,0.0602518817154587
2011-09-30,0.0437134254310243,0.03887047016807266,0.06365393061045244,0.07081910427899052,0.04036048623105937,0.03564333860601665,0.02854046242774566,0.02854046242774566,0.03125,0.03125,2.4417812025339902,0.16827781333153702,0.06774007701870888,-1.6105984931854738,0.2420226151729692,-0.01314217443249699,0.04270315091210608,0.038035628310062686,0.04366812227074246,-0.05628272251308897,-0.09192037470725989,0.05084745762711873,-0.003270645952575646,0.02008032128514059,0.017964071856287456,-0.029826795276551965
2011-12-31,0.020549720778670233,0.015421845889972197,-0.06697936365062718,-0.14187025115480034,0.035597014819431116,-0.03981880777497382,-0.09634496580507856,-0.09634496580507856,-0.12121212121212133,-0.12121212121212133,-0.20016360974769654,-0.19426264956032868,0.13344503450430234,-0.6937011876704099,0.059685901592104296,0.15799031476997571,0.032604373757455285,0.030612244897959107,0.03347280334728042,0.10957004160887651,0.08188265635074155,0.056451612903225756,0.014766201804758072,0.018897637795275424,0.0117647058823529,0.18329407957426147
2012-03-31,0.07619463627364165,0.09209085069789946,0.21415042571646037,0.25774419917153835,0.054827495448862784,0.10184951648313856,0.14544082677885495,0.14544082677885495,0.1724137931034484,0.1724137931034484,0.7789201701028152,-0.022685798117865974,-0.3932902385247544,11.251357875678938,0.6900472483768993,0.2854155776267644,0.0123219098960341,0.012601260126012592,0.05263157894736836,0.2450000000000001,0.21096543504171628,0.06870229007633566,-0.019863725603418425,0.010819165378670892,0.0,-0.1317156922328917
2012-06-30,0.020633287230358288,0.020830756125113536,-0.08934845679462322,-0.10882752606602974,0.040240602793560454,0.04684116403836769,0.1208854821646006,0.1208854821646006,0.11764705882352944,0.11764705882352944,-0.5593926831482434,-0.1787793358473987,0.9826553788973778,-1.1596266101820152,-0.06517563531411219,-0.054493696624644206,0.004944845949029997,0.007555555555555538,0.03846153846153855,-0.10240963855421703,-0.1060531496062993,0.05714285714285716,0.019205844232355274,0.011467889908256979,-0.005813953488372103,0.1455019511085447
2012-09-30,0.037262791726800026,0.03250426675645235,0.021945167100260177,0.02611165738009391,0.03965339431581172,-0.0028736846028649676,-0.02658807187505563,-0.02658807187505563,-0.02631578947368418,-0.02631578947368418,0.6940233161066567,0.6791350869371378,0.07983753384711512,-1.7473383737077612,0.05210417607951978,-0.0929032258064516,-0.010598031794095242,-0.006616674018526725,0.040740740740740744,-0.12639821029082776,-0.1334984860996421,0.06756756756756754,0.0023121387283238093,0.006046863189720364,-0.011695906432748537,0.006232623506767343
2012-12-31,-0.05411179078517547,-0.09574457617946575,0.0005443871336645589,-0.05482001333234576,-0.062496620359077104,-0.05649551382608775,-0.09699963410171974,-0.09699963410171974,-0.108108108108108,-0.108108108108108,0.08646429838341874,-0.4743382099142395,2.924252068746022,-12.973985754103438,-0.5929970399227006,0.029397818871503167,0.011094108645753442,0.009325044404973282,-0.06405693950177938,-0.010243277848911547,-0.0006353240152477957,0.221518987341772,-0.008881199538639084,0.00826446280991755,0.0,-0.04329740397753157
2013-03-31,0.0712973446882752,0.07008866394747315,0.19164918268929676,0.23961425059018282,0.0515925811992104,0.0648292802102386,0.10466388427407924,0.10466388427407924,0.1212121212121211,0.1212121212121211,0.494869211537744,1.7433074047883625,-0.8727567647275676,-1.6865042416718394,1.0002260994083731,0.14739751266697376,0.004918653045781429,0.0030796304443467815,0.05323193916349811,0.22509702457956027,0.1150667514303878,0.02590673575129543,-0.018387059234260317,0.008941877794336639,-0.00591715976331364,-0.13675457805706304
2013-06-30,0.024750474991980687,0.020686559619301104,-0.055979476600762745,-0.06699802842388491,0.03972848434025256,0.051182772228602236,0.10968564301958761,0.10968564301958761,0.10810810810810811,0.10810810810810811,-0.665379046953396,-0.348376049491825,1.0822034225673116,-1.4569566364013111,-0.22850414468726454,-0.024889602569249325,0.004141566265060126,0.001315789473684159,0.036101083032491044,-0.07391763463569179,-0.04503990877993158,0.05050505050505061,0.014582098399525734,0.006646971935007517,0.0,0.09397058823529414
2013-09-30,0.03359815153982337,0.022423394562654186,0.08139781691145509,0.09922927077157628,0.02554611465535639,0.012774954105493563,-0.013709724070110507,-0.013709724070110507,-0.024390243902438935,-0.024390243902438935,0.891199343540777,0.46169930208245025,0.4988126600126155,-0.1573089290131091,-0.2495909745793754,-0.0226430629888843,0.009748781402324713,0.004818221638195341,0.027874564459930307,-0.05701254275940704,-0.04238805970149262,0.0625,-0.007712082262210873,0.005869405722670473,-0.005952380952380931,-0.06986826186315365
2013-12-31,0.007457221079790077,-0.019744159016724327,-0.024766397240527205,-0.07604826406546161,0.01318103490156508,-0.05203023214635194,-0.16858818600754089,-0.16858818600754089,-0.17500000000000004,-0.17500000000000004,-0.005532107920479645,0.16676654230538746,-0.08570473703103143,0.09852264944721645,-0.365375854214123,0.02695871946082562,-0.03007797994801331,-0.03138622493461196,0.013559322033898313,-0.0012091898428052694,0.006546134663341752,0.05429864253393668,0.005652378709373629,-0.01604668125455877,-0.0119760479041916,0.06093507244282259
2014-03-31,0.04303048872136994,0.04759166210494992,0.20355541478189432,0.2572384002134829,0.015584727677657284,0.07710012780180886,0.12800693345695313,0.12800693345695313,0.15151515151515138,0.15151515151515138,0.42094459924439986,-0.4782795983962358,0.09455086983009542,-1.9059197244982782,0.5215704372201142,-0.04511894995898269,-0.01607963246554356,-0.02025202520252023,0.013377926421404451,-0.056900726392251744,-0.045215236915453705,0.05579399141630903,-0.02634660421545676,-0.014825796886582698,-0.0060606060606061,-0.16675464437141352
2014-06-30,0.05443936694092577,0.05441574742526556,0.1372518380841159,0.16561424222123455,0.03765988788684704,0.08378427406243683,0.166021924221172,0.166021924221172,0.1578947368421053,0.1578947368421053,-0.4442978966908121,1.0140044458558273,-1.0034632462986555,-0.44555136817958385,0.19005627885555088,0.06314432989690721,-0.0019455252918287869,-0.013321084060633925,0.03960396039603964,0.04878048780487809,0.05643853389555642,0.04878048780487809,-0.01587492483463615,-0.008276899924755332,-0.0060975609756097615,-0.09539379572485396
2014-09-30,0.03943191618998565,0.04089454692238381,0.1363701009282896,0.16058589382097122,0.01790512835336422,0.0325031738913486,0.021453637157699657,0.021453637157699657,0.022727272727272707,0.022727272727272707,0.38153482940061023,-0.30537203765314325,-196.40357142857144,-0.3859566168213251,0.09806494242023778,-0.05252525252525253,0.008966861598440401,-0.005586592178770888,0.01904761904761898,-0.08935128518971847,-0.07092416334049734,0.050387596899224674,-0.02077477697665897,-0.004552352048558306,0.0,-0.1031265531107396
2014-12-31,-0.005854626748054703,-0.022316838591951993,-0.05841263241851247,-0.07979838343919998,0.0071751123937919825,-0.05562726470054469,-0.11193873111601182,-0.11193873111601182,-0.11111111111111105,-0.1333333333333333,0.5130030087353312,0.13079402551414177,1.0918246120666022,-1.1764366156511694,-0.01575703392963057,-0.05117270788912576,0.020479134466769855,0.007958801498127333,0.009345794392523477,-0.06854838709677424,-0.08096497025776617,0.04428044280442811,0.013103706476974786,0.009146341463414531,0.0,0.06246694037933542
2015-03-31,0.027482915109223738,0.028853034709918957,0.26412021131599395,0.31173322179388463,-0.02736191251435216,0.029217687588933394,0.0778353084271608,0.0778353084271608,0.07499999999999996,0.10256410256410242,0.08203664764193452,-0.1512365505058616,0.11122761031017903,-4.433715220949264,0.054971352711011834,-0.020224719101123556,0.023097311624384664,0.003715745471435161,-0.021604938271605034,-0.028860028860028808,-0.05537576411362821,0.049469964664311084,-0.05333826065533387,0.010574018126888296,-0.012269938650306678,-0.21566582110428867
2015-06-30,0.02351339989446921,0.02113389815629363,0.2776997597678945,-0.19454548778035718,-0.053053634476461164,0.0466896111157149,0.09992476842781683,0.09992476842781683,0.11627906976744184,0.11627906976744184,-0.5499902834457677,-0.015041861785156763,-0.6870891649630445,-0.9402605656180489,0.003112840466926059,-0.04357798165137616,0.033678756476683835,-0.0018509949097639256,-0.04100946372239744,-0.022288261515601815,-0.07156452226874754,0.047138047138046923,-0.07482108002602472,0.006726457399103047,-0.006211180124223614,0.267772941603192
2015-09-30,0.005782101242597593,0.005781625648606736,-0.00719996429308678,-0.07135076252723316,0.011058490326442794,-0.0025826120159105903,-0.027522674323332663,-0.027522674323332663,-0.02083333333333337,-0.02083333333333337,0.7376031783242236,-0.3055755654804784,1.9262237410795056,-25.976063829787233,-0.07750524074410314,-0.053237410071942604,0.022198353025420614,-0.0064904960593417105,0.013157894736842035,-0.013677811550151908,-0.07503075030750317,0.045016077170418,0.0052039381153305975,0.0022271714922050823,-0.006249999999999978,0.0830651121760484
2015-12-31,0.014902153147726693,-0.0049097723238035185,0.02723711902172843,0.013267079396111603,0.009979304633440877,-0.07280281336347649,-0.1801544390229607,-0.1801544390229607,-0.17021276595744672,-0.17021276595744672,0.02928332540420797,1.3436721991701246,-0.5351303541373269,-2.8362261739963794,0.15427421158577492,-0.022796352583586588,0.0031523642732049773,-0.029864675688287434,0.012987012987013102,-0.035439137134052445,-0.03368794326241131,0.04307692307692301,-0.0047572408003357936,-0.011111111111111072,-0.018867924528301883,-0.017940872168534128
2016-03-31,0.043561956704582405,0.061512179416329804,0.12272335001429213,0.07639227582362818,0.011429037761292005,0.06923221134100488,0.12799363740348868,0.12799363740348868,0.1282051282051282,0.1282051282051282,0.11318685109171822,-0.5731421236666224,1.1308949847603214,0.24872419392252376,0.16689789875909744,0.11975116640746508,0.003142458100558798,-0.0240500240500241,0.009615384615384581,0.10543130990415328,0.11972477064220177,0.04424778761061954,-0.030788696752425126,-0.011235955056179803,-0.012820512820512886,-0.013830359544517168
2016-06-30,0.021324127878927568,0.013425910207222724,0.012265731113831668,0.023673485646284353,0.025405680737876857,0.02797968946365592,0.04194031387896402,0.04194031387896402,0.022727272727272707,0.022727272727272707,-0.46275455187714576,0.9704479469099958,-0.7886542529213911,-0.7721636557841453,0.032586747436101904,0.06064814814814801,-0.031326139923425034,-0.03794972893050752,0.02539682539682553,0.050578034682080775,0.05448586644817688,0.04237288135593209,0.003916449086161844,-0.021212121212121238,-0.019480519480519543,-0.010001136492783225
2016-09-30,0.011608159055342071,-0.007395139666738548,-0.011798203072538982,-0.19484559148989988,0.022019503661887985,-0.0011485900933364546,-0.03494498977349625,-0.03494498977349625,-0.022222222222222254,-0.022222222222222254,0.5372414668189316,0.25699450963882886,1.8337981952420015,-2.7274765593151242,-0.054516332385596056,-0.06940200785683104,-0.035573122529644174,-0.04047131147540994,0.021671826625387025,-0.09215955983493807,-0.053224553224553106,0.04065040650406493,0.01040312093628093,-0.02399380804953577,-0.019867549668874163,0.2328090919527035
2016-12-31,-0.022554375293905693,-0.03200383424970554,-0.10397359864583455,-0.16740217177895578,0.012463219466002595,-0.06433085057870624,-0.09548946228087452,-0.09548946228087452,-0.09090909090909083,-0.09090909090909083,-0.0043822459010243175,-0.5744906502930505,0.91130152848541,3.041061946902655,-0.23300653817108097,0.024390243902439046,-0.011922503725782518,-0.0069407367859049,0.0121212121212122,0.003030303030303161,0.04226508001641349,0.0390625,0.03575003575003577,0.0,0.0,0.16262221808362032
2017-03-31,0.044031887485555865,0.052261487589857936,0.09365443944603769,0.3408599497903093,0.025144147154768426,0.10523056668779995,0.16893863507686957,0.16893863507686957,0.1499999999999999,0.1499999999999999,0.5857583225932876,1.4629410993047358,-0.13137646916272872,-1.6306937631394534,0.1912893067813899,0.13049450549450547,-0.004901960784313597,0.0026881720430107503,0.026946107784431295,0.11631419939577037,0.12362204724409454,0.040100250626566414,-0.018086428275576383,0.0,0.0,-0.2152273855863649
2017-06-30,0.02332759115704852,0.03435135582923721,0.06859699266807495,-0.07386363636363635,0.004945249028611709,0.0704400114536603,0.10953800298062588,0.10953800298062588,0.13043478260869557,0.13043478260869557,-0.6059885931558935,-0.5392809587217045,-0.40017436791630345,-1.8888888888888888,-0.142963514519732,-0.04212231672742006,0.017809776430466107,0.019839142091152784,0.008746355685131046,-0.06630581867388352,-0.05290819901892074,0.03855421686746974,-0.017997750281214864,0.007930214115781098,0.013513513513513598,0.11683778653222032
2017-09-30,0.017605386827523217,0.03059426557744671,0.0179090591929294,0.052877592754893454,0.017474265628922847,0.010075791350869334,-0.03895231699126933,-0.03895231699126933,-0.03846153846153855,-0.03846153846153855,0.9613992762364294,-0.17630057803468213,0.7107558139534884,-1.953125,0.15899218071242394,-0.08710359408033819,0.015636634400595595,0.01524710830704512,0.02023121387283222,-0.09565217391304348,-0.12208657047724747,0.037122969837587005,-0.0001431844215349365,0.0015735641227381247,0.01333333333333342,-0.021164214566389505
2017-12-31,0.003067273228563483,0.002849445653300142,-0.07049011767394031,-0.026082130965593753,0.03484182993633711,-0.03910663841807904,0.06498951781970641,0.06498951781970641,0.06000000000000005,0.06000000000000005,-0.2047970479704797,0.4421052631578948,-0.0994052676295667,-1.901639344262295,-0.12368815592203897,0.13432144511347843,0.048020527859237605,0.04660797514241333,0.03399433427762033,0.11217948717948723,0.09776654024441633,0.03579418344519025,0.031791493627380873,0.0353495679497251,0.006578947368421018,0.029706667662490416
2018-03-31,0.04092080398556952,0.06436947874154053,0.0540806293018683,0.14814814814814814,0.03581477419047174,0.0893890675241158,0.14370078740157477,0.14370078740157477,0.15094339622641506,0.15094339622641506,0.23511214230471777,-0.2968369829683698,0.062264150943396324,-2.224242424242424,0.17279726261762196,0.12372396896692539,0.044421126267925715,0.04700643245917857,0.03287671232876721,0.08645533141210371,0.05105566218809976,0.04103671706263512,-0.004996530187369896,0.036418816388467334,0.013071895424836555,-0.072967288024951
2018-06-30,0.023270398732506026,0.03902344318788531,0.018540111940298587,-0.05459057071960294,0.025138121546961267,0.06923595884634848,0.2117039586919105,0.2117039586919105,0.19672131147540983,0.19672131147540983,-0.0488415779586725,-0.1349480968858131,0.10923623445825936,-1.0792079207920793,-0.011670313639679075,-0.053779069767441845,0.07066309444072338,0.07797731568998101,0.02917771883289122,-0.08355437665782495,-0.11943024105186262,0.03734439834024883,0.001813363091086595,0.06661786237188871,0.012903225806451646,0.09901416164619348
2018-09-30,0.030257088481016714,0.039613210632036155,0.005495134516313671,0.0921259842519686,0.03997125662444989,0.009385598233299097,-0.06439393939393945,-0.06439393939393945,-0.0547945205479452,-0.0547945205479452,0.21527320605661626,0.8,0.1537229783827061,2.625,-0.04280442804428042,0.041858678955453144,0.04441664060056305,0.05436212187636991,0.038659793814433074,0.011577424023154759,-0.050601410203235164,0.040000000000000036,0.009468114731272737,0.04667124227865482,0.006369426751592355,-0.0480724735699285
2018-12-31,0.03995115689282702,0.04075488654234993,0.15996812023226692,0.051189617880317284,-0.005570910347210245,-0.03766213470854818,-0.14574898785425106,-0.14574898785425106,-0.14492753623188404,-0.14492753623188404,-0.03575297941495126,0.6666666666666667,-0.549618320610687,-7.4655172413793105,0.2891287586738627,-0.0003685956505712351,-0.0008984725965857088,-0.011226611226611172,0.0,-0.03719599427753928,-0.07426823940585403,0.03846153846153855,-0.04372413793103447,-0.007213114754098249,-0.006329113924050667,-0.009928017201084383
2019-03-31,0.09944302273069394,0.031517140143338285,0.23144876325088348,0.2679469593049839,0.041038780561948984,0.06308866515102296,0.14988151658767768,0.14988151658767768,0.15254237288135597,0.15254237288135597,0.15112359550561805,-0.29733333333333334,1.078582434514638,-0.5146666666666666,0.10885167464114831,0.05272861356932146,0.0011990407673860837,-0.021446593776282663,0.03970223325062028,0.0520059435364042,0.028315243039169324,0.040740740740740744,-0.05322371267849424,0.0019815059445178473,-0.02547770700636942,-0.18646372323148397
2019-06-30,0.028643408729941422,0.03310731625648744,-0.001514426908974964,-0.04814280562567619,0.04442683130318703,0.04513862369204924,0.054095826893354015,0.054095826893354015,-0.47058823529411775,-0.4852941176470589,-0.37481698389458273,0.26944971537001905,-0.4729429206819866,-1.5714285714285714,-0.056094929881337685,0.7838879159369527,-0.03742514970059885,-0.05543618392780403,0.042959427207637235,0.7175141242937852,0.7379531895364846,0.03736654804270456,0.015386959171237002,-0.028345418589321048,-0.02614379084967322,0.08535283194057564
