Quarter end,Assets,Current Assets,Liabilities,Current Liabilities,Shareholders equity,Revenue,Earnings,Earnings available for common stockholders,EPS basic,EPS diluted,Cash from operating activities,Cash from investing activities,Cash from financing activities,Cash change during period,Cash at end of period,Price,ROE,ROA,Book value of equity per share,P/B ratio,P/E ratio,Cumulative dividends per share,Equity to assets ratio,Net margin,Asset turnover,Current ratio
1993-06-30,0.08315986128227393,0.10199317549418097,-0.14458698516428803,0.048634226579802764,0.5120439077226506,0.2161110155185484,-2.652270273342047,-1.8914699869912655,-1.9090909090909092,0.36363636363636354,1.900168892983264,0.3681823520377281,-0.5553519024869045,-1.5801298282767828,4.643223599828986,-0.11816720257234714,0.40164383561643846,0.15020576131687235,7.272727272727273,-0.8805775594104082,-0.282260931389975,1.0,6.496,0.241112828438949,0.04444444444444429,0.05085079823927452
1993-09-30,0.08315986128227393,0.10199317549418097,-0.14458698516428803,0.048634226579802764,0.5120439077226506,0.2161110155185484,-2.652270273342047,-1.8914699869912655,-1.9090909090909092,0.36363636363636354,1.900168892983264,0.3681823520377281,-0.5553519024869045,-1.5801298282767828,4.643223599828986,-0.11816720257234714,0.40164383561643846,0.15020576131687235,7.272727272727273,-0.8805775594104082,-0.282260931389975,1.0,6.496,0.241112828438949,0.04444444444444429,0.05085079823927452
1993-12-31,0.09764638894477984,0.10226480073923261,0.13465885244160813,0.1846376167185415,0.013495063107756389,0.0,0.0,0.0,0.0,0.36363636363636354,1.900168892983264,0.3681823520377281,-0.5553519024869045,-1.5801298282767828,-0.4773286866926778,-0.011850501367365651,0.40164383561643846,0.15020576131687235,0.0,-0.8805775594104082,-0.282260931389975,0.0,-0.05816435432230538,0.241112828438949,0.04444444444444429,-0.06952172553923097
1994-03-31,0.09738015631282027,0.0064426188930557515,0.10454790564599858,0.14458936744758266,0.08252323227421532,0.01777793073910905,-0.1104385210662081,-0.29336043360433606,-0.29999999999999993,0.36363636363636354,-0.1357735801109652,0.15057448494453252,1.6236062619664375,-2.8929450043647327,1.728728801275547,0.16512915129151295,0.40164383561643846,0.15020576131687235,0.20879120879120894,0.1654072208228381,-0.282260931389975,0.4666666666666668,0.10311614730878205,0.241112828438949,0.04444444444444429,-0.12067459517570378
1994-06-30,0.11187360968979743,0.13652172500759852,0.22552334410873742,0.21987411300680448,-0.018096716571505467,0.05748197465367655,-0.13775904732446642,-0.28328047791135036,-0.2857142857142857,0.36363636363636354,-0.8247387314539151,-0.10803303432562572,0.07702081991843746,-1.6568565798851298,-0.41613768558604025,-0.07442596991290584,0.40164383561643846,0.15020576131687235,-0.045454545454545525,-0.23414985590778092,-0.282260931389975,0.36363636363636354,-0.13764766307139198,0.241112828438949,0.04444444444444429,-0.06838847711469387
1994-09-30,0.07325013648877299,0.020341252893790296,0.12758770543615672,0.09849735038841878,-0.02227310305949981,0.11345451444651311,0.20299538137303252,0.3853673595389997,0.40000000000000013,0.36363636363636354,3.685214959804264,0.3112360779570065,0.09509270921352608,-1.0386775593566504,0.02756675612973658,-0.01368691189050475,0.40164383561643846,0.15020576131687235,-0.04761904761904767,0.03292568203198498,-0.282260931389975,0.26666666666666683,-0.11673615247170943,0.241112828438949,0.04444444444444429,-0.07111220472440949
1994-12-31,0.09682813528209744,0.2072564154892098,0.14617778789949143,-0.02209915958389319,0.00998232740287941,0.120972991601358,1.0593409870284778,2.094629725915472,1.714285714285714,0.36363636363636354,1.5851063829787235,0.03055090754743839,-0.5747333939945405,34.74752475247525,0.9590065961308603,-0.03209019947961833,0.40164383561643846,0.15020576131687235,0.020000000000000018,0.016393442622950838,-0.282260931389975,0.18421052631578938,-0.06608226567768016,0.241112828438949,0.04444444444444429,0.23452538631346553
1995-03-31,0.04965763731758166,-0.0061402665588321526,0.06604738697118129,0.026387009472259804,0.015258674841076347,0.16371141063778305,0.03887923544743699,0.05592492139308258,0.10526315789473673,0.36363636363636354,-0.5172949168585759,-0.19553179028364376,0.290203865048527,-1.4590315284125006,-0.22471300732170296,-0.04211469534050183,0.40164383561643846,0.15020576131687235,0.03921568627450989,-0.06093189964157708,-0.282260931389975,0.1777777777777778,-0.012996389891696936,0.241112828438949,0.04444444444444429,-0.03168585938058799
1995-06-30,0.06190840589301838,0.06142517204751119,0.10783925308859388,0.1023153123052889,-0.03286023855697684,0.030975572765566062,-0.055962087950379824,-0.07655763416907235,-0.04761904761904756,0.36363636363636354,-0.34289096409312114,-0.176411051659643,0.07511774461028198,-0.6828238133547868,-0.09193191092456565,-0.017773620205799756,0.30727130570758376,0.11806797853309492,-0.0660377358490567,-0.05438931297709926,-0.282260931389975,0.13207547169811318,-0.13021214337966336,0.1643835616438356,0.02127659574468077,-0.037080809573053486
1995-09-30,0.036434046305307666,0.04142963748478068,0.06716302015524733,0.009881503872730235,-0.03350382767822324,0.11470119985099725,0.368448250406024,0.490043076923077,0.4999999999999998,0.36363636363636354,1.0167770580100446,0.4747209785334934,0.19317102064489067,-1.7362079898541536,0.07453296526930742,0.19047619047619047,0.3702153110047848,0.1744000000000001,-0.07070707070707061,0.2744702320887993,-0.07602773650321937,0.1166666666666667,-0.11354079058031974,0.20962566844919794,0.04166666666666674,0.031221233507210844
1995-12-31,0.019803877408717252,-0.014515097390842557,0.05057650243734635,0.0682888842471574,-0.06625179643540613,0.13715273343379897,-0.0843987700275125,-0.10273734987527461,-0.09999999999999987,0.36363636363636354,0.29647039717054335,-0.4890912900883515,-1.4700127209357645,-3.8393626184323857,-0.19694706655514393,0.06800000000000006,0.14753382802269766,0.01089918256130784,-0.14130434782608692,0.14885193982581146,-0.2047708389171804,0.17910447761194037,-0.1850094876660341,-0.0389036251105217,0.08000000000000007,-0.07751246001636547
1996-03-31,0.016053064622672863,0.05005862777333858,0.0835749407540769,-0.08462086050286166,-0.18043970900809148,-0.2730117847890867,-0.46772720577404625,-0.5866627388886843,-0.5925925925925926,0.36363636363636354,-0.7772334073336906,-0.044772987409385734,-2.342560401355455,0.08023661459123321,-0.2649257895324183,0.14531835205992505,0.10060859642449582,-0.1132075471698114,-0.5189873417721519,0.33356305995864943,0.051567239635995854,0.139240506329114,-0.5238649592549476,-0.09751609935602579,-0.05555555555555558,0.14716555116522878
1996-06-30,-0.00420114727124643,-0.07357400258901181,0.002304591748141238,-0.004336303006171605,-0.022384909733802916,0.09257657212300985,0.18084458711534213,0.29376391982182626,0.36363636363636354,0.36363636363636354,4.501593252108716,0.09014838336029407,-1.682761333464451,-4.548722269025554,1.2789838570922525,0.08175277959450611,0.1930188353205462,-0.06534954407294835,-0.07894736842105265,1.249612403100775,0.20480769230769247,0.12222222222222223,-0.07579462102689483,-0.06625891946992868,0.0,-0.06959088991986506
1996-09-30,0.043724328806511226,0.12188083196696797,0.07713223980525807,0.01465684406092671,-0.08704576662278285,0.11857249238832268,0.397647113964988,0.5880874505078326,0.6000000000000001,0.6000000000000001,-0.3365529851339534,-0.04639383003279174,-0.7903884007873638,-0.841892854316689,0.08873098701010318,-0.07255139056831916,0.3147450753186558,-0.08292682926829265,-0.4285714285714285,0.006891798759476098,-0.016759776536312887,0.1188118811881187,-0.46825396825396826,-0.08951965065502188,-0.019607843137254943,0.10569658507101831
1996-12-31,0.021976464740734114,-0.07257890322345373,0.014534649466289906,0.22728131145387298,0.04722911368851945,0.301198321338884,0.47224131860024476,0.6706196071629884,0.6250000000000002,0.6250000000000002,1.3585935962066813,0.6835624201557982,11.850435180943656,-3.9812312312312312,-0.242968734066203,-0.00782268578878742,0.0,0.07624113475177308,3.05,0.7362537075062743,0.06953463203463195,0.09734513274336298,3.189054726368159,0.09952038369304561,0.020000000000000018,-0.2443457464981209
1997-03-31,0.033749541460507126,-0.004927285486134636,0.06564865549190779,-0.05926322391804306,-0.050111122791795415,-0.15195456193979584,-0.18202111545163602,-0.1895690315213019,-0.20512820512820518,-0.20512820512820518,-0.73100580249736,-0.22722137909786966,-1.4390606897780946,0.011835809619743065,-0.3247481006519748,0.024967148488830526,0.0,0.1301482701812191,-0.09876543209876554,-0.7469119579500656,-0.11307867442448771,0.08870967741935498,-0.1330166270783848,0.14721919302071962,0.03921568627450989,0.05778099285649674
1997-06-30,0.02745724843430697,0.0057450475562270675,0.0382405867955784,0.024701169718531535,-0.035714341384336046,0.0824201000420024,0.10075047688002114,0.11850891098621319,0.12903225806451601,0.12903225806451601,0.7602223211515373,-0.008268855944716824,-0.9514685286297115,-0.8791272606603617,-0.05813118416852858,-0.06474358974358974,0.0,0.10495626822157456,-0.06849315068493145,0.03790238836967785,-0.23645179691956653,0.08148148148148149,-0.1041095890410958,0.11216730038022815,0.037735849056603765,-0.018464694819627203
1997-09-30,0.008289181440592763,-0.1362699436937277,0.055630406639665564,-0.007330793148441206,-0.2516670088244375,-0.13656936237763473,-0.42298594684847646,-0.47636431311916627,-0.4571428571428571,-0.4571428571428571,0.38753832004904964,0.31571973080817095,-7.754496026767043,7.127659574468085,-0.501630872198924,-0.007539410555174708,0.08538063236752236,-0.06860158311345654,-0.573529411764706,0.06503251625812911,-0.16137467314157639,0.08219178082191791,-0.5825688073394495,-0.04358974358974366,0.0,-0.12994251872496076
1997-12-31,0.0030105711799710555,-0.18978485311330506,0.05836890071260603,-0.16857917432106706,-0.3975581937892063,-0.14068826324455286,0.06567726943902485,0.0843152800940481,0.05263157894736836,0.05263157894736836,-0.2935552290578085,-0.17333567201167832,-1.95343653250774,-0.7630467826380679,-0.238504037399065,-0.22513812154696133,0.0,-0.1529745042492917,-1.6896551724137931,0.8172851103804604,-0.19376391982182617,0.06962025316455689,0.0,-0.06881143878462914,-0.10909090909090913,-0.025425425425425474
1998-03-31,0.01666269689218436,0.07751641693065481,0.025191793285248343,0.0583246612637045,-0.11467162916110896,-0.05829046337590216,-0.26713019151255835,-0.32951766218703515,-0.2500000000000001,-0.2500000000000001,-0.28809451207593495,-0.3183712860105542,-0.2578906351474217,-2.0302922309337132,0.3226922647616921,-0.24420677361853838,0.0,-0.1588628762541806,0.40000000000000013,0.0,-0.10773480662983437,0.01183431952662728,0.0,-0.11516314779270631,-0.08163265306122447,0.018077239112571863
1998-06-30,-0.0007672817238657537,-0.05969906971337868,-0.0023144731190333223,-0.16839621142294126,0.0012798133740496986,0.09523593145719111,-0.024952985095573532,-0.029708182912154046,-0.06666666666666654,-0.06666666666666654,-0.021855642929315078,0.20282564164357142,1.1088649689332284,-3.2922864060878587,-0.5592405063291139,0.06957547169811318,0.0,-0.2186878727634194,0.03571428571428559,0.0,0.26191950464396285,0.01754385964912286,0.0,-0.19848156182212595,-0.06666666666666676,0.13075060532687655
1998-09-30,-0.01041023366365923,0.0043670355948568496,0.013959312114310451,0.2543856715619297,-0.6638716645026635,0.019056926459809498,-0.06059646496631932,-0.07596310363537706,0.0,0.0,1.0037165120926996,-0.6702313272725755,-6.572454145572246,-1.7043911272068808,0.8937392303273981,-0.23153252480705633,0.0,-0.07888040712468192,1.7931034482758625,0.0,0.0058881256133465065,0.011494252873563315,0.0,-0.07307171853856542,-0.04761904761904756,-0.1993219129193433
1998-12-31,0.00440534755386901,0.15840558858855025,-0.002918109093631105,-0.012652081099763679,0.2444765342960289,0.0970085450753857,0.5582385928354734,0.7649945474372954,0.7857142857142856,0.7857142857142856,-0.3261158275195427,-0.28537795554655465,-0.28478236586364825,-1.8598971722365039,-0.40582347588717016,-0.10616929698708744,0.0,0.011049723756906049,-0.07407407407407418,0.0,-0.035121951219512115,0.011363636363636465,0.0,-0.01751824817518255,0.04999999999999982,0.17327835970581673
1999-03-31,-0.023785763317284547,-0.09644180005642122,-0.029501609796653838,-0.06580878594834583,0.09617467316469397,-0.14263446979068728,-0.47996066863323505,-0.5791449822960482,-0.56,-0.56,0.2919722596417702,0.2389032555173758,0.25898816155263793,-0.8704534130543099,-0.08848051727071637,-0.12199036918138051,0.0,-0.051912568306010876,-0.040000000000000036,0.0,-0.186552072800809,0.0,0.0,-0.0846953937592867,0.023809523809523725,-0.03286162028682682
1999-06-30,-0.0015204344880377363,0.06712458464014981,-0.008544024344445456,0.049101299430595935,0.1674988091247509,0.13105887898113688,0.04155952200877322,0.0706380575945793,0.09090909090909083,0.09090909090909083,-0.20714423633906165,0.21319303462671213,-0.32555389233937326,0.5288461538461537,-0.14840395743886503,0.28336380255941496,0.0,-0.043227665706051854,-0.06944444444444431,0.0,0.3635798632691114,0.0,0.0,-0.08116883116883122,0.023255813953488413,0.01718550525385454
1999-09-30,0.011133960377675223,0.11740533023277022,0.0021836063983569076,0.15386825517712333,0.2047072157159049,0.0070651769483454085,0.29390407726101,0.41390222034702817,0.3333333333333335,0.3333333333333335,-0.11403081519003788,-0.30764335713780666,-0.007210123602118923,0.5106918238993712,-0.26326172731258224,0.16381766381766383,0.0,0.024096385542168752,-0.1343283582089554,0.0,0.20100273473108476,0.0,0.0,0.010600706713780994,0.022727272727272707,-0.03156980111990726
1999-12-31,-0.01192371013218907,-0.04029393712180329,-0.02574771015736943,-0.12155125806490119,0.23479864277516094,0.11367062310781195,0.3143835232055672,0.391584915513447,0.4375,0.375,0.6592510468301891,0.812636165577342,0.5377698730299887,-3.778517901748543,0.9928592680749777,0.12974296205630353,0.0,-0.020588235294117574,-0.1724137931034483,0.0,0.09449715370018974,0.0,0.0,-0.06643356643356635,0.022222222222222143,0.09251320905193894
2000-03-31,-0.0143152589962664,-0.04477601363441486,-0.00450390984081217,-0.04483882679340745,-0.244483949613978,-0.11356798780661193,-0.6001238205029674,-0.7522984962607553,-0.7391304347826086,-0.7272727272727273,-0.1960803803654556,0.19412935697115374,-0.3297082824648204,-1.4369193886724603,-0.2176769184831293,-0.09209100758396527,0.0,-0.05405405405405417,0.3125,0.0,-0.04715672676837723,0.0,0.0,-0.10861423220973776,0.04347826086956519,9.124920156922123e-05
2000-06-30,-0.009893481573216678,-0.009614599948069236,0.02388410145597253,0.24565422422414285,-0.5860325655815954,-0.15022498246334415,-1.4898830815226096,-3.014175954983227,-3.0,-3.0,-0.43225420899705314,-0.37373594401195254,-0.49420039782395087,-1.425925925925926,0.11851145038167932,-0.35680190930787603,0.0,-0.27936507936507937,0.49206349206349187,0.0,-0.29949053857350805,0.0,0.0,-0.3844537815126051,-0.04166666666666663,-0.20492700729927005
2000-09-30,-0.0008731000850262793,0.06869714379882996,0.020609439325038226,0.061041696922622624,-0.7703001169286735,0.19249876682404343,-1.0167829119442022,-0.5061516144630097,-0.5,-0.5,-0.07218128803552204,-0.2811581828683358,0.13584136836369676,-0.8115942028985508,0.019962463743388392,-0.1280148423005565,0.0,-0.37885462555066085,0.2021276595744681,0.0,0.5262337662337662,0.0,0.0,-0.658703071672355,0.0,0.007229745237548935
2000-12-31,-0.007643978294839204,-0.002730076400084158,-0.011496337957405012,-0.025103231908463863,1.681773190045249,0.11817565956225451,435.87012987012986,-7.316797214969538,-7.666666666666667,-7.666666666666667,1.7527351441574193,0.718183406113537,2.3356137240588173,16.00854700854701,0.33288725326196045,-0.1404255319148936,0.0,0.36879432624113484,-0.044247787610619316,0.0,1.7501701837985024,0.0,0.0,1.1099999999999999,0.021739130434782483,0.022900763358778553
2001-03-31,0.0036734880874245146,0.07534939784439887,-0.006706195696262629,0.07298016128421603,0.6130605573277794,-0.15617373776265353,-0.9633163887154791,-0.3448780655828052,-0.35,-0.35,-0.5002060644531713,-0.2935567167517231,-0.5789177494591249,0.7180904522613065,0.42909136546184734,0.4232673267326732,0.0,-0.20725388601036276,-0.07407407407407418,0.0,-0.49170792079207915,0.0,0.0,0.7535545023696681,0.0,0.0022276676319892275
2001-06-30,-0.009400406632210645,-0.05629855965229047,-0.021286802515467884,-0.1670305436101004,0.5283157636675655,0.20392451581012194,17.402350081037277,-0.045926549068061706,-0.03846153846153855,-0.03846153846153855,0.7564688264174548,0.19012807598215575,1.0849989605298327,0.04094764551038321,0.31254939843681395,0.22608695652173916,0.0,0.9019607843137256,-0.10999999999999999,0.0,-0.2848794740686632,0.0,0.0,0.672972972972973,0.06382978723404253,0.13291842631695938
2001-09-30,0.027419953110747297,0.006089516059215594,0.023097906443351857,0.05894116297335694,0.1660250240615977,-0.18024965676375126,-0.704251711914041,-0.8829494103383666,-0.88,-0.88,-0.005531033143029829,3.3016130202413487,-1.0819825081191954,4.037370047766227,1.199518265756724,-0.17730496453900713,0.0,0.11340206185566992,-0.0561797752808989,0.0,-0.5352400408580185,0.0,0.0,0.12762520193861082,-0.020000000000000018,-0.049931332156170294
2001-12-31,0.04367165516427951,-0.056442716588620545,0.05967248459335628,0.04744990907712032,-0.042105745861420685,-0.06562444757704455,2.8496128648004766,-1.4903483992467044,-1.3333333333333335,-1.3333333333333335,-0.8162382727504571,-0.7367154647057501,-2.0703674745895233,-2.410475234270415,-0.7692097098010586,0.018965517241379404,0.0,-0.1358024691358024,0.011904761904761862,0.0,-0.07912087912087917,0.0,0.0,-0.40401146131805166,-0.061224489795918324,-0.09922560660815705
2002-03-31,-0.008083469593148429,0.02383314790158142,-0.013174892204068755,-0.18060172462354418,0.11721113706866837,-0.04754512687917489,-0.902181480621954,0.9942390782525203,2.0,2.0,-0.3873796728282053,-0.8102792962077212,-0.18204691177664145,-1.0705500850239253,0.2351390536443918,0.3062605752961083,0.0,0.010714285714285676,-0.04705882352941171,0.0,1.3174224343675416,0.0,0.0,-0.5384615384615385,-0.0434782608695653,0.24954149472718945
2002-06-30,0.0034577328895359916,0.0675066849325805,-0.0037840398885410353,0.11068840157535353,0.20424044015563125,0.03901140878068654,1.972518782127323,-2.342320654790563,-2.3333333333333335,-2.3333333333333335,5.3666072203210105,4.521890827236916,7.308592974796587,-1.3968609865470851,-0.07555223562053137,0.21243523316062163,0.0,-0.27561837455830385,-0.11111111111111116,0.0,1.677651905252317,0.0,0.0,-0.8854166666666666,-0.09090909090909083,-0.038895514173011625
2002-09-30,0.002965178297118065,0.08623051878157173,-0.014677772124597865,0.018610701678005492,0.42006718000540855,0.3204419618675536,3.7198536747588955,10.036047345767575,9.5,8.75,0.1463948276906304,-0.1858872447107741,-0.019287266821124027,-42.47457627118644,3.389587902574166,-0.1923076923076923,0.0,0.6585365853658538,-0.2777777777777777,0.0,5.461538461538462,0.0,0.0,14.818181818181817,0.04999999999999982,0.0664312303140211
2002-12-31,-0.0029885184858394753,-0.019853956733952627,-0.02392561048365527,-0.07672858165414465,0.33717206645117637,0.05996410135520169,0.03713202654904668,0.041503485707785615,0.0714285714285714,0.28205128205128194,0.37673435694238067,0.2619297982074007,1.2925145216088847,-2.0281637379103667,-0.7939358876587688,-0.11111111111111105,0.0,0.15588235294117636,-0.4423076923076924,0.0,-0.9316269841269841,0.0,0.0,0.9109195402298853,0.09523809523809534,0.061577016020764264
2003-03-31,0.1853025373593249,1.2404667857926581,0.1873706424145345,-0.03584117440362311,0.20248776356127207,-0.08133874097267457,-0.20063045191445417,-0.23163938774554926,-0.24444444444444446,-0.33999999999999997,-0.764198549445489,-0.9106023331481629,-4.772520835657259,-26.0029147759266,96.33269525267994,0.31398809523809534,0.0,0.26717557251908386,-4.793103448275863,0.0,-0.43064422518862444,0.0,1.3663003663003663,0.3293233082706768,0.021739130434782483,1.3237501053874046
2003-06-30,-0.0039166700375546926,0.0033140404918801103,-0.02160231060119433,0.2131104233554122,0.20032413395459003,0.1617606691625555,0.13788414468316557,0.1650319829424307,0.1470588235294117,0.1212121212121211,3.77865250823874,6.134265423879272,-1.3169494699462554,-1.029593449407376,-0.029289405125744183,0.20158550396375974,0.0,0.18473895582329325,0.19090909090909092,-0.750581545619023,-0.1416921508664628,0.028089887640449396,0.20433436532507732,0.1708144796380089,0.042553191489361764,-0.17291923663014308
2003-09-30,-0.03133918099707955,-0.13848519290709915,-0.12984542535241927,0.07947379882469452,1.0200244073429752,0.036975658580207016,-0.200973948374761,-0.1744056334100258,-0.23076923076923084,-0.21621621621621623,-0.2093619231276792,0.7001586462189318,0.5230496532667559,8.47969918080487,-0.28603247068993465,0.36663524976437323,0.0,-0.09322033898305082,0.7404580152671754,0.14715025906735746,0.08313539192399033,0.021857923497267784,1.0861182519280206,-0.09855072463768122,0.0,-0.2019213897174943
2003-12-31,-0.015867129424917192,-0.10956959369716235,-0.02140781096721267,-0.06969258339211115,-0.0025553618896310137,-0.29409642557635407,-0.9552439708356703,-0.9950175231178482,-1.0,-1.0,-0.4493183580289456,-0.24050864513768178,-0.6333333333333333,-0.6933374888438708,-0.12285633748460534,0.3703448275862069,-0.7228989037758831,-0.3009345794392523,-0.15350877192982448,-0.21318879855465211,0.4621710526315792,0.026737967914438387,0.013555144793592211,-0.25294748124330113,-0.061224489795918324,-0.04287363271587963
2004-03-31,0.04900764374785682,0.16328571181848006,-0.033082518137339645,-0.31882199872740913,0.46015639497721605,-0.19263478315445925,-9.096491228070175,-83.84322033898304,-inf,-inf,-3.2048358868562823,-0.8888701517706576,-3.3864431857956534,-2.0760228515113717,0.15071217206007947,0.006542526421741357,-0.5926739926739928,-0.43048128342245995,0.6580310880829017,0.18943742824339815,0.5148106486689161,0.05208333333333348,0.39148936170212756,-0.4017216642754663,-0.08695652173913049,0.7077470855108252
2004-06-30,-0.04527394323826439,-0.19228079442461887,-0.012142883112561953,0.017276394426939623,-0.1630057772858936,0.35023390757527384,0.9727596347314658,1.7267658943276558,1.9999999999999996,1.9999999999999996,-1.1620946856818504,7.909603295035769,-1.7641160686011434,-4.345516471564727,-0.4381721740108335,-0.15449999999999997,-1.25,-1.0187793427230047,-0.1468750000000001,-0.49034749034749026,0.4948019801980199,0.04950495049504955,-0.1231979030144168,0.0,-0.04761904761904756,-0.20597235766889732
2004-09-30,0.012178569357746083,0.050295348526740113,-0.008601936474318506,0.15900281184400766,0.09309620894109116,0.23486328325800798,-1.8436110675244521,-1.3213783271745043,-1.3333333333333335,-1.3333333333333335,2.488304653516811,-0.2371776155717762,-0.6431634464797519,-1.0614172419988195,0.047899597000186755,0.0892962743938499,1.050359712230216,10.999999999999998,0.06227106227106227,0.27840909090909083,0.0,0.04716981132075482,0.07972097658196331,0.0,-0.025000000000000022,-0.09380823310181274
2004-12-31,0.0635431597820979,0.34472553708077114,0.041688662070998195,0.37477458656959683,0.12250687791081294,0.5398913673329382,6.0565441130882265,11.403256872701803,10.799999999999999,10.299999999999999,2.1590017881230983,-1.4176129114570044,1.1828284310129833,15.530157403538098,0.7555951736652764,0.03854505971769795,-4.457894736842105,-9.625,-0.9379310344827586,-0.022222222222222254,0.0,0.11261261261261257,-0.9423165666820489,0.5851318944844126,0.2564102564102564,-0.021872225078281904
2005-03-31,-0.05844157503594949,-0.1999558888096623,-0.07512706883396902,0.06790650866876358,0.005984622510739834,-0.13162541590478283,-0.36071695294996264,-0.386390908449213,-0.3813559322033898,-0.38053097345132747,-0.5972224291083869,-2.8570992133200948,1.1216963220592437,-2.0150332855818656,-0.4368628162118052,0.03240982749607957,1.9370877727042108,0.8309178743961354,0.11111111111111116,15.624242424242425,-0.21195562179168737,0.14979757085020218,0.17599999999999993,0.6490166414523448,0.18367346938775508,-0.2508003249080224
2005-06-30,0.03519236996531938,0.141537573778576,0.03371900392190064,0.08813433727419051,0.043031300694593266,0.12432866579915691,0.30821880153930725,0.34397024425783207,0.34246575342465757,0.30000000000000004,1.82469581725613,0.35015422578655153,-0.6025879613864757,-2.1410662991681475,0.8852007135910762,-0.09063291139240504,0.0,0.6029023746701845,0.7,-0.1815530441122858,-0.536877495272116,0.045774647887323994,0.6598639455782314,0.520183486238532,0.13793103448275867,0.049043367346938815
2005-09-30,-0.01623209252270552,-0.043609999242504305,-0.08453708744970556,0.15712479258806922,0.18594234495727213,0.08900232470824854,-0.049597629903557205,-0.05387824042636968,-0.05102040816326525,-0.05494505494505497,-0.4271624119247698,0.11020743854518877,1.7808199160422977,-1.7005987806120222,-0.3289679109856961,0.2054565701559019,0.0,0.2436213991769549,1.7941176470588234,-0.2908685968819599,-0.308076225045372,0.12457912457912457,1.9221311475409837,0.1418225709112857,0.10606060606060597,-0.17344519423673177
2005-12-31,0.1378546925333466,0.5859406490306573,0.07478439354109123,0.45954573174632274,0.27276921090123807,0.515223692373407,1.643591444204941,1.7935225113838547,1.67741935483871,1.4069767441860463,1.550389309603986,0.11800696902351349,-0.3837069875650292,-2.925104756761809,0.9437666255138795,0.15196304849884545,0.0,0.30575777630708134,1.073684210526316,-0.5877826633165829,-0.09114754098360656,0.11377245508982048,0.8779803646563813,0.18181818181818166,0.1369863013698629,0.08656957928802589
2006-03-31,-0.13585333589419923,-0.24511244660998766,-0.21982158996228995,-0.5187797028148005,0.010462866401084403,-0.27099741320406956,-0.44224919246087746,-0.4566907033982469,-0.4618473895582329,-0.4057971014492753,-1.1848389438372082,0.23775400019632875,0.1834149820166191,-2.293388608079751,-0.62798536928414,0.12349639133921397,0.0,0.12164216928535221,0.025380710659898442,-0.4582857142857143,-0.10966810966810969,0.11021505376344076,0.18670649738610923,0.058139534883721034,0.06024096385542177,0.5686725783523996
2006-06-30,0.06533245541462884,0.2134258134201803,0.08498650266304786,0.3331415647105256,0.04246360772323343,0.3131139964018774,0.4333427045262861,0.4593880389429763,0.4552238805970148,0.41463414634146334,-5.03772837830194,0.15342215877547782,0.20464400340603928,-1.1536528551974958,0.25937621008906264,0.028907922912205564,0.0,0.16312697695436063,0.11386138613861396,0.0035161744022502717,-0.07860615883306321,0.12832929782082325,0.03650094398993087,0.0579036348267119,0.11363636363636354,-0.08979891257443684
2006-09-30,0.03343745883924165,0.09741527944369288,-0.0914928590658094,0.05507676086567903,0.23225673189255347,0.1471369413308914,-0.04339400596265497,-0.04518114116894256,-0.05128205128205121,-0.04022988505747127,0.3859382285898403,-0.3357169869701241,-0.14975015360523725,3.6299453047597074,0.9535654687198638,-0.047519944502254496,0.0,0.11888111888111874,0.4577777777777776,-0.14505956552207433,-0.18117854001759004,0.11373390557939911,0.4857316332726167,0.015181781861765664,0.11224489795918369,0.04015550182524996
2006-12-31,0.020720632514006132,0.058079237999295596,0.01947459424196607,0.04946051123548223,0.022093017909088797,0.0037150476544407507,0.20716974632778085,0.2161055375261649,0.16756756756756763,0.19161676646706582,0.15225687951516687,0.9729841631301108,0.6408020617501855,-0.3885952646868286,0.2984360915165476,0.013474144209759453,0.0,-0.017013888888888773,0.03963414634146356,-0.3049180327868851,-0.10848549946294306,0.17341040462427726,0.020024519820187825,-0.051160960251869225,0.0366972477064218,0.008204193254329972
2007-03-31,6.687480913027974,2.9766401042845847,7.661944529963872,2.7285245807235134,5.665859610707288,0.4023884876139301,-0.9898090210545625,0.11668175273542469,0.0185185185185186,0.015075376884422065,-0.1617468849040502,183.00792193484077,-31.36065407648041,9.638909931247422,2.4453157370430123,0.042400287459576136,-0.40041457937467606,-0.7050512186506535,4.847507331378299,0.003537735849056478,0.054216867469879526,0.026272577996715896,0.46955128205128216,-0.04064703442554962,-0.5663716814159292,0.06654611211573247
2007-06-30,-0.01930781483805566,-0.12846771648020205,-0.08108496466849235,0.10872083402283628,0.0655451048243112,1.5216031959702985,0.5555555555555556,1.3183536329273413,0.3181818181818181,0.29702970297029707,2.1112273882493646,-0.9673188638226594,-1.1714164676885157,-1.4722848129788193,-0.33535902766672,0.3023095484315752,-0.20339959665802365,-0.577245508982036,0.06870611835506502,-0.7779083431257344,0.16342857142857148,0.025600000000000067,0.09133042529989077,-0.10505836575875493,0.0,-0.21392845032214303
2007-09-30,0.01858049908943249,0.16351441985244808,0.0015177298440878229,0.19477611940298512,0.031496516381643413,-0.12760461511968313,-0.2857142857142857,-0.29800724637681164,-0.30000000000000004,-0.2862595419847328,0.0,0.0,0.0,-1.2853053435114503,0.14388835418671797,0.17548967707781893,-0.18915009041591324,-0.5977337110481586,0.03284842796809029,0.10052910052910069,0.05108055009823187,0.023400936037441422,0.014738945790657043,-0.09323671497584529,-0.061224489795918324,-0.02615260177945533
2007-12-31,-0.017589214525598584,-0.31946045653677657,-0.027002204261572404,-0.1944617947116386,0.01786312381377697,-0.2571851559415712,0.10000000000000009,-0.4660645161290322,-0.47290640394088657,-0.4331550802139037,0.0,0.0,0.0,-3.511705685618729,-0.3159444678165755,0.15919837874352627,-0.24487065120428186,-0.9647887323943662,0.01681054066333476,0.125,0.13177570093457946,0.0335365853658538,0.0374199901526342,-0.12892914224826846,-0.10869565217391308,-0.1552048726467331
2008-03-31,0.028700720592213624,0.18888700660681002,-0.008306588635076495,-0.1325924011372448,0.058791269057804074,0.5072679439823549,0.2727272727272727,1.7114548090865154,1.7383177570093458,1.490566037735849,-0.7044832059968287,0.062159214830970644,-1.028832472103647,-1.2729693741677763,0.12607626076260758,-0.1437451437451437,0.1789722386296515,0.19999999999999996,0.061215370866845475,-0.1581196581196581,-0.03798513625103217,0.032448377581120846,0.03298528713811111,0.028134556574923586,0.19512195121951215,0.3706495379170218
2008-06-30,0.012431863823276323,0.021801082929609583,-0.02151151722825051,-0.0512514898688915,0.04485652128871864,-0.04072637517630462,0.0,-0.1559714795008913,-0.15699658703071673,-0.14772727272727282,0.640650406504065,0.27515400410677615,-8.415584415584416,-1.8926829268292682,-0.09994538503549977,0.2490925589836661,-0.08316633266533069,0.0,0.04589473684210521,0.17766497461928932,0.15450643776824036,0.03142857142857136,0.034688720422696884,-0.027959547888161906,-0.020408163265306145,0.07698928844682484
2008-09-30,-0.008075942193255914,-0.10082275833217125,-0.0004863813229571967,0.11180904522613067,-0.007188181637913904,-0.1516265392391104,82.85714285714286,-0.44772967265047514,-0.44534412955465585,-0.4177777777777778,0.5312190287413281,0.2286634460547503,1.15061295971979,1.4371584699453552,-0.2706310679611651,-0.23574282600799135,-0.10437158469945362,23.16666666666667,0.008856682769726287,-0.27155172413793105,-0.19999999999999996,0.03462603878116344,0.00044404973357003996,-0.05630354957160333,-0.02083333333333337,-0.19123523665749054
2008-12-31,-0.4440556111031757,-0.18843052109181146,-0.20914841849148413,-0.10790960451977405,-0.7117391521446048,-0.5522097053726169,-24.696763202725723,-27.640535372848948,-27.861313868613134,-29.09160305343511,-0.8699029126213592,-0.41415465268676277,-0.9315960912052117,-0.2600896860986547,-0.27454242928452577,-0.5696292775665399,-5.749847467968274,-25.551724137931032,-0.8998403830806065,-0.5739644970414202,-0.5362453531598512,0.0,-0.8035952063914781,0.0,0.02127659574468077,-0.09025528410650552
2009-03-31,0.015201473044148539,0.0319128606917638,-0.03851833620477485,-0.1614946168461051,0.1519140827992378,0.25882922109337203,-1.014881380301941,-1.0030861982344075,-1.0029891304347827,-1.0029891304347827,-2.2835820895522385,0.15436241610738266,-7.5,-0.3090909090909091,-0.26146788990825687,-0.10767531750414128,0.0,0.1207865168539326,0.4223107569721116,7.944444444444445,0.0,0.0,0.40225988700564974,0.0,-0.06249999999999989,0.23064389596282653
2009-06-30,0.038636747089590084,0.17333333333333334,0.010687316011775305,0.12877643504531733,0.09308270676691732,0.41583397386625665,2.922705314009662,12.674418604651162,12.0,11.545454545454545,-5.4728682170542635,-0.2655038759689923,-1.1831501831501832,-3.960526315789474,1.048136645962733,0.5185643564356435,0.0,0.08496240601503757,0.21008403361344552,0.06677018633540377,0.0,0.0,0.16599516518936341,0.0,0.022222222222222143,0.0394743294267641
2009-09-30,0.0439002599090319,0.16887626262626254,-0.0013930222250364555,0.0562060889929743,0.1293162745907277,0.12486427795874055,0.48152709359605916,0.5731292517006803,0.5594405594405596,0.5,0.6932409012131715,-0.33773087071240104,6.53,0.40740740740740744,0.7202426080363913,0.18826405867970664,0.0,0.10880110880110871,0.4351851851851851,-0.017467248908296984,0.0,0.0,0.43400138217000683,0.0,0.10869565217391308,0.10666100575525972
2009-12-31,0.01132075471698113,0.0036456926816095248,-0.03373280071016427,-0.04909724421919548,0.11085394079668665,0.11245173745173753,0.09060681629260192,0.049729729729729666,0.008968609865470878,-0.02415458937198056,-0.20829068577277376,0.8127490039840637,-0.06374501992031878,-0.5926315789473684,0.17055971793741742,0.2890946502057614,-1.7180475272960822,-1.294375,0.1693548387096775,-0.10222222222222233,0.0,0.009370816599732379,0.1575903614457832,0.08949416342412464,0.17647058823529416,0.05545845943987393
2010-03-31,0.04296814894599166,0.15242836001614424,0.0026904652536254847,0.4347101932045303,0.09573418137953715,-0.05357917570498916,-0.07393292682926833,-0.07621009268795054,-0.07555555555555549,-0.00990099009900991,0.17517776341305757,-0.4967032967032967,-0.300709219858156,1.8320413436692506,0.4126506024096386,0.04150039904229841,0.08479427549194996,0.24274593064401984,0.14206896551724135,-0.10891089108910879,1.8116232464929856,0.010610079575596787,0.09991673605328888,0.19761904761904758,0.08333333333333348,-0.19672859450726987
2010-06-30,-0.041824954818721616,-0.14861078683166007,-0.10431937172774874,-0.30740654748084517,0.05404323458767024,-0.11437084574833833,-0.31522633744855966,-0.2764771460423634,-0.3173076923076924,-0.30000000000000004,-0.4147414741474147,0.26637554585152845,2.0101419878296145,-1.647810218978102,-0.18923240938166308,-0.06436781609195397,-0.22443931398416894,-0.008542141230068356,0.35144927536231885,-0.18148148148148158,-0.30078403421240196,0.019685039370078705,0.53444360333081,0.00745526838966204,0.0,0.22927246216501596
2010-09-30,0.07590746372069757,0.2447552447552448,0.039748648253689955,0.0968823332215889,0.1010254462590201,0.33333333333333326,0.8425480769230769,0.815100154083205,0.7605633802816902,0.7785714285714289,0.255639097744361,0.16551724137931045,-0.784366576819407,-1.9549295774647888,0.22287968441814598,-0.012831012831012956,-0.1156708483946417,0.04997128087306146,0.1000893655049151,-0.2692307692307693,-0.015290519877675823,0.019305019305019266,0.023433645781943735,0.013320177602368144,0.030769230769230882,0.13477033825514328
2010-12-31,0.051339844728274464,0.08515091429830357,0.041883345045678144,0.1500611246943766,0.07830286305622636,0.0875388198757765,0.28114807566862354,0.31494057724957547,-0.3400000000000001,-0.3493975903614458,0.5381736526946108,1.9940828402366866,2.203125,-0.9734513274336283,0.004838709677419395,0.4322455752212391,-0.016830968982928574,0.09846827133479219,0.07311129163281893,0.3034055727554179,0.35507246376811596,0.09469696969696972,0.025548324897565644,0.09591041869522887,0.02985074626865658,-0.056408592848904204
2011-03-31,0.05519635200435591,0.13145873515379147,0.006137865911236995,0.26255647090087697,0.1037268074216251,0.01891843655184733,-0.05244399185336046,-0.032278889606197514,-0.042424242424242364,-0.030864197530864224,0.1479318734793187,-0.5009881422924901,0.46536585365853655,18.555555555555557,0.09416800428036387,0.03842440625603394,-0.015407190022010187,0.07868525896414336,0.10295230885692641,-0.03325415676959609,-0.10007639419404124,0.028835063437139485,0.046063454759107,0.0653043091959129,0.02898550724637694,-0.10386187402116198
2011-06-30,-0.01383513931888547,-0.08729589090256595,-0.09653415566132595,-0.34624289623237214,0.051228171871603445,0.018392012611665898,-0.07254164427727028,-0.0873915943962642,-0.08860759493670889,-0.08917197452229308,-0.287833827893175,0.005940594059405946,-0.4114513981358189,-0.18181818181818177,0.07041564792176036,-0.02547415396058017,0.06035767511177337,0.10018467220683291,0.05078929306794788,-0.11547911547911549,-0.13327674023769087,0.056053811659192876,0.06582790384183324,0.04712260216847364,0.05633802816901423,0.39612105711849965
2011-09-30,0.03692076261486643,0.05259018971788065,0.013356088150181744,0.024146812620734037,0.05851943755169553,-0.1064671482628139,-0.2502896871378911,-0.23026315789473684,-0.22916666666666652,-0.23076923076923073,0.09226190476190466,0.40157480314960625,-0.5780542986425339,1.6041666666666665,0.1713111009593422,-0.1684792978439229,-0.08760833918950572,-0.063365505665128,0.058131939908556474,-0.20833333333333337,-0.2722820763956906,0.026539278131634925,0.020868465430016858,-0.024293110314615673,-0.026666666666666727,0.027753182914542096
2011-12-31,0.011416677179260759,-0.06172954800149422,-0.01025115325474113,-0.07576233888714246,0.01855831217034587,-0.19884504331087582,-0.33075734157650694,-0.3922127255460589,-0.3873873873873874,-0.38181818181818183,-0.5934604904632153,0.1376404494382022,-0.3512064343163539,-1.408,-0.059672386895475826,-0.17003212482790264,-0.21052631578947367,-0.17831541218637992,0.01790123456790127,-0.21754385964912282,-0.14939434724091516,0.05170630816959676,0.007020441874870942,-0.10857142857142854,-0.08219178082191769,0.015180322024835213
2012-03-31,0.026036794512005024,0.02040410072658494,0.0065843012502775355,-0.0054421768707483276,0.03151770873289861,0.1064392119173474,0.15588914549653587,0.1937500000000001,0.19117647058823528,0.17647058823529416,0.07372654155495972,-0.11851851851851847,0.7066115702479339,0.065359477124183,-0.06760680215678139,0.18495991152889135,-0.19284552845528458,-0.16248636859323895,0.030927835051546504,0.1659192825112108,0.41930379746835444,0.03048180924287114,0.005536190280910347,-0.11446886446886462,-0.0746268656716419,0.026014689959909854
2012-06-30,0.023826166236134316,-0.007413187670698429,0.014184918418344905,0.006155950752394057,0.027455841338704712,-0.028230184581976125,-0.10689310689310694,-0.0706806282722513,-0.07407407407407418,-0.07500000000000007,0.47565543071161054,0.17226890756302526,-0.19370460048426152,-1.0368098159509203,0.002669039145907437,-0.17638824078394777,-0.19903303787268334,-0.19010416666666663,0.027058823529411802,-0.19999999999999996,-0.018952062430323324,0.03053435114503822,0.003466557911908641,-0.11168562564632878,-0.08064516129032262,-0.013490388454737379
2012-09-30,0.02457775535041118,0.00039308176100627534,-0.0018117254873541988,0.07070020394289589,0.033840028954035484,-0.012960893854748634,0.27516778523489926,0.16056338028169015,0.15999999999999992,0.16216216216216206,-0.5549915397631133,0.17801672640382327,-0.036036036036036,-66.08333333333333,-0.17324755989352258,0.058356940509915134,-0.09758551307847085,-0.05787781350482313,0.03379152348224501,0.028846153846153966,0.27840909090909083,0.028703703703703676,0.008941272099166842,-0.03143189755529696,-0.07017543859649111,-0.06568562259677924
2012-12-31,0.026740446736390755,0.011493123772102098,0.025773195876288568,0.06126984126984136,0.023571970359997696,0.021734208738963146,-0.17105263157894735,-0.09830097087378642,-0.11494252873563215,-0.08139534883720922,1.4049429657794676,-0.0608519269776876,0.12461059190031154,-0.971830985915493,-0.005902870941776217,-0.017130620985010725,0.006131549609810438,-0.005119453924914752,0.023822714681440482,-0.05140186915887868,0.059555555555555584,0.027902790279027867,-0.0030211480362537513,0.015024038461538547,0.0,-0.04687935142494659
2013-03-31,0.20169300225733644,0.610469068660775,0.46783211833816973,-0.020341011067903092,0.022630108875334898,0.015510746731663971,-0.12804232804232807,-0.12786002691790044,-0.11688311688311681,-0.1392405063291139,-0.3430830039525692,0.20086393088552912,-18.094182825484765,-268.72727272727275,1.5897435897435899,-0.08796296296296291,-0.06315789473684208,-0.10806174957118353,0.022186147186147087,-0.10837438423645307,-0.11912751677852351,0.027145359019264514,-0.14909090909090905,-0.03730017761989346,-0.07547169811320764,0.6438867605999612
2013-06-30,0.48297642528411755,-0.3621178315142013,0.8944982882491923,0.7129770992366413,0.10802675585284272,-0.0643683176958324,-0.25970873786407767,-0.25617283950617287,-0.27941176470588247,-0.27941176470588247,0.24428399518652233,4.884892086330935,-1.1281801976989143,-2.0697792869269946,-0.656696195935383,-0.09853687667960587,-0.12004730928444718,-0.22980769230769227,0.01376389624139751,-0.11602209944751374,-0.06380952380952376,0.1116794543904518,-0.2528490028490029,-0.06826568265682653,-0.16326530612244905,-0.627609361113854
2013-09-30,-0.008850958721915214,-0.0918888258650028,-0.03171290404683125,-0.19821746880570412,0.026511721501156993,0.43773320895522394,0.7180327868852459,0.7033195020746887,0.6122448979591837,0.6122448979591837,0.816247582205029,-0.7811735941320294,0.922882427307206,-0.8293921599746072,-0.3263509411050395,0.025836369658827296,-0.04435483870967738,-0.1598002496878902,0.02663185378590094,0.012499999999999956,0.11698880976602233,0.024539877300613577,0.03590721321893886,-0.09042904290429032,-0.07317073170731703,0.13258379295714895
2013-12-31,0.01397808236684872,0.03810118675827612,0.005204500052570671,0.06113828368163632,0.025925018377848552,-0.04541768045417682,-0.08492366412213737,-0.13885505481120586,-0.1392405063291139,-0.15189873417721522,0.2758253461128861,0.270949720670391,-0.4674556213017751,-0.7823255813953488,-0.1054529067147364,0.1356151113981272,-0.05555555555555547,-0.1173848439821693,0.025432349949135347,0.1049382716049383,0.16484517304189428,0.023203592814371232,0.011656441717791344,-0.07837445573294632,-0.052631578947368474,-0.02168008990447645
2014-03-31,0.005829250232382233,-0.054352186121139234,0.0030856126771612313,0.12780222082547654,0.010318142734307756,-0.15293118096856417,-0.3472367049009385,-0.2786421499292786,-0.27941176470588247,-0.26865671641791056,-0.49874791318864775,-0.11813186813186816,-0.7049382716049383,1.7478632478632479,-0.3239294710327456,-0.02672732442422532,-0.08860759493670889,-0.13636363636363646,0.009920634920634885,-0.05027932960893855,0.01798279906176714,0.022677395757132457,0.0045482110369921,-0.06929133858267722,-0.05555555555555547,-0.16153735700952476
2014-06-30,0.0026001284400796187,0.08738069989395547,-0.000469238790406723,0.40404978636448075,0.008605200945626557,-0.8916750250752257,0.054313099041533475,-0.05490196078431375,-0.061224489795918324,-0.061224489795918324,0.15403830141548713,-0.8529595015576323,3.3263598326359833,-1.1804043545878693,0.0864381520119224,0.005842827928717487,-0.017156862745097978,0.011695906432748648,0.008349705304518729,-0.00588235294117645,0.08371735791090629,0.022174535050071498,0.006036824630244464,0.21319796954314718,-0.17647058823529405,-0.22553944514213953
2014-09-30,-0.0005155525004296724,-0.11927052857421494,-0.008658911898179578,-0.1607568139719503,0.012141383836489883,0.16296296296296298,0.06666666666666665,0.14522821576763478,0.15217391304347827,0.15217391304347827,0.3896103896103895,6.639830508474576,-0.10735009671179885,-7.896551724137931,-0.5486968449931413,0.03979088004647102,-0.1197007481296759,-0.10982658959537583,0.012177301509985305,0.029585798816567976,0.05244507441530821,0.021693491952414323,0.012601260126012814,0.30404463040446306,-0.3214285714285715,0.04945824426918244
2014-12-31,-0.08098349381017877,0.001550215922932141,-0.04443567482241517,-0.18461295916758635,-0.15302672409800377,23.339171974522294,-4.884943181818182,-6.166666666666667,-6.169811320754717,-6.169811320754717,-0.4195223260643821,-0.9129229062673322,0.2513542795232937,-0.7575000000000001,-0.2948328267477204,-0.24804469273743002,-1.5996222851746933,-1.2575757575757576,-0.1535129932627527,-0.25287356321839083,-0.15690235690235688,0.021232876712328874,-0.07851851851851854,0.0,0.7894736842105263,0.22826239640398938
2015-03-31,-0.04643251977208951,-0.021116639027086825,-0.007901764819250534,-0.14733178654292345,-0.13638103570842675,-0.977101733725875,-0.12029250457038387,-0.1325385694249649,-0.13138686131386867,-0.13138686131386867,-0.3586762075134168,10.0828025477707,-1.9593073593073593,-1.4381443298969072,0.1831896551724137,-0.25445765230312034,2.5118110236220472,4.22689075630252,-0.13700966458214892,-0.1230769230769232,0.0,0.0033534540576793948,-0.09421221864951768,0.0,-0.17647058823529405,0.148044373284538
2015-06-30,-0.03668955676446983,-0.017732098486559766,-0.0022478770050508023,0.07460317460317456,-0.12587855378965362,-0.1628571428571428,-0.2522859517871987,-0.251818916734034,-0.25210084033613445,-0.25210084033613445,0.49093444909344486,-0.05057471264367819,-0.5487364620938628,-1.9764705882352942,-0.15118397085610202,0.048330842052815015,0.7103139013452915,0.7218649517684887,-0.12582345191040845,0.2192982456140351,0.0,0.010695187165775222,-0.0926517571884985,0.0,0.0,-0.08591921103750555
2015-09-30,-0.06711968597244855,-0.062320340347246206,-0.021555920229188064,0.018569318421608028,-0.20709887721839915,-0.7918088737201365,1.1067259588660368,1.069151809832523,1.0112359550561796,1.0112359550561796,-0.2310570626753976,-0.06234866828087171,0.19799999999999995,0.5421686746987953,-0.27467811158798283,-0.36787072243346,0.9622443628736232,0.8281979458450046,-0.2863602110022607,-0.28057553956834524,0.0,0.003306878306878369,-0.1498435054773083,0.0,0.03571428571428559,-0.07939189189189189
2015-12-31,-0.07554135323422584,-0.0849785407725322,-0.018335323213371946,-0.10772736689455154,-0.284852914306596,247.7377049180328,0.08021108179419523,0.06553524804177546,-0.033519553072625774,-0.033519553072625774,-0.25547445255474455,-0.157520981278244,-0.03338898163606008,-0.109375,-0.3372781065088757,-0.23759398496240602,0.0,0.19305413687436168,-0.34002111932418166,0.07000000000000006,0.0,0.0,-0.2264150943396226,0.0,0.06896551724137945,0.02545131695767977
2016-03-31,-0.08401142194645428,-0.030688823371750162,-0.01754843193467115,0.02762944044578597,-0.5283597342871742,-0.9817438871679958,0.0017098192476794338,0.02523891203136497,-0.03179190751445082,-0.03179190751445082,0.20915032679738554,-0.24904214559386972,-0.40069084628670126,-1.9385964912280702,0.4776785714285714,-0.26232741617357,0.0,0.21875,-0.528,0.12149532710280364,0.0,0.0,-0.4854253420582987,0.0,0.06451612903225823,-0.056738816738816644
2016-06-30,-0.03206450403150196,0.4793308447393889,-0.05072655996698794,0.02575689109805701,0.08423618634886232,0.036101083032491044,-0.900024384296513,-0.8855162523900574,-0.8865671641791045,-0.8865671641791045,0.181081081081081,-1.4540816326530612,-4.515850144092219,-0.07476635514018692,0.06344410876132933,0.5254010695187166,0.0,-0.037583421145064966,0.02033898305084736,2.225,0.0,0.0,0.12023121387283253,0.0,0.06060606060606055,0.44217354057030933
2016-09-30,0.0025184037194885267,0.07523364485981299,-0.020058374215984554,-0.011453744493392093,0.18211341493879596,0.21254355400696867,-1.697560975609756,-1.453027139874739,-1.4210526315789473,-1.4210526315789473,0.12128146453089239,-1.8067415730337077,-1.1024590163934427,6.5353535353535355,2.147727272727273,0.00876424189307623,0.0,-0.29379562043795626,0.15614617940199338,-0.012919896640826933,0.0,0.0,0.17956656346749233,0.0,0.05714285714285716,0.08770366598778012
2016-12-31,-0.09862318840579709,-0.09300304215558453,-0.11089987325728767,-0.04968805704099821,0.27874049027895187,38.99425287356322,-0.30069930069930073,0.34562211981566815,0.1875,0.1875,0.15816326530612246,-13.37883008356546,-20.344,3.237265415549598,2.8312274368231045,0.11468288444830588,0.20149652592196698,-0.4883720930232558,0.20402298850574718,-0.03403141361256545,0.0,0.0,0.4190726159230098,0.0,-0.027027027027027084,-0.045562707236200484
2017-03-31,-0.01985690168019938,-0.0640153330138955,-0.03816821097647893,0.1352872215709262,0.04412493802677253,-0.7599511424055181,0.53,-0.2191780821917808,-0.1578947368421053,-0.1578947368421053,-0.3022026431718061,-1.0821332133213322,-0.7191894127377998,-1.0771907624169565,-0.05747938751472326,0.12860483242400633,-1.0543816725978647,-1.098989898989899,0.042959427207637235,-0.06233062330623307,0.0,0.0,0.06473489519112197,-0.9229946524064171,0.2777777777777779,-0.17558343891772588
2017-06-30,0.012767935258092722,0.06655062967134229,0.0022601800733632604,0.02106567534076831,0.05618866729977845,0.11074528584256216,0.09477124183006547,0.17543859649122817,0.125,0.125,0.30934343434343425,-0.0547945205479452,-0.9631811487481591,-3.7295081967213113,0.166458385403649,-0.14088397790055252,2.458077709611452,2.0204081632653064,0.05491990846681927,-0.17630057803468202,6.64297124600639,0.0,0.04284887087434863,2.2708333333333335,0.21739130434782616,0.04456893560061448
2017-09-30,0.007666765650730323,0.07036574829605446,0.0017375231053604612,0.11589805825242716,0.04495729057395481,0.16141201832390184,-0.26865671641791045,0.04477611940298498,0.05555555555555558,0.05555555555555558,0.14657666345226605,-0.23478260869565215,22.32,-0.4864864864864865,0.06213841868437964,0.1036977491961415,-0.028976936723831948,-0.010135135135135198,0.045553145336225676,0.04561403508771922,-0.7920367854530255,0.0,0.037201554691837835,-0.10403397027600847,0.2142857142857142,-0.04081632653061218
2017-12-31,-0.0006697564765451025,-0.03327354260089688,-0.04026275971509763,-0.08682254848649629,0.1439839380467518,0.16960556844547559,3.9346938775510205,2.717857142857143,2.789473684210526,2.789473684210526,0.39949537426408743,0.4734848484848484,2.032590051457976,-2.4415204678362574,-0.10288480936050026,0.1900946831755279,0.5840438489646771,0.9283276450511946,0.1431535269709543,0.13758389261744974,0.14020100502512567,0.0,0.14453961456102782,1.6255924170616112,-0.3529411764705883,0.05863433943592278
2018-03-31,-0.01782746233445931,-0.062436218573151514,-0.049796200876720764,-0.13775307661770542,0.08511971919267891,-0.03431858758182904,-0.3242349048800661,-0.335254562920269,-0.3472222222222222,-0.3472222222222222,-0.17728365384615385,0.26478149100257076,-0.1018099547511312,0.3772819472616633,-0.11131099617719808,0.12484700122399017,0.15840061514801995,0.2442477876106195,0.08348457350272231,-0.014749262536873253,-0.3521375055090349,0.003295978905734964,0.10523854069223582,0.1480144404332131,0.09090909090909083,0.08735685907922419
2018-06-30,0.010672271201244588,0.023451415000989462,-0.021245599125895298,-0.12546040515653778,0.09450092421441769,0.061626951520131534,0.266829865361077,0.2557803468208093,0.27659574468085113,0.25531914893617014,-0.04382761139517899,-0.028455284552845517,-0.5661209068010076,-1.2268041237113403,0.03896761133603244,-0.06583242655059829,0.15665449717889124,0.2688477951635846,0.09547738693467345,-0.13772455089820357,-0.2510204081632653,0.003285151116951379,0.08294540837917896,0.1690251572327044,0.08333333333333348,0.17030605226960116
2018-09-30,0.019471751107270174,0.055883206033065846,0.00450673943603741,0.013687812582258596,0.053092674688621555,-0.05030959752321984,-0.35845410628019325,-0.3601841196777905,-0.3666666666666666,-0.35593220338983045,-0.04736440030557676,0.05020920502092041,-0.9085631349782293,3.5,0.16877739892839738,-0.11706464764123481,0.004591104734576801,0.12331838565022424,0.05351681957186538,-0.19444444444444442,-0.3006357856494096,0.0032743942370661028,0.03282532239155911,0.06254203093476796,0.03846153846153855,0.041614633071328955
2018-12-31,0.11833426051021223,-0.018404907975460127,0.0011936612471701302,-0.13554920799792258,-0.017941264909291377,-0.24938875305623476,-0.4307228915662651,-0.1276978417266187,-0.10526315789473684,-0.10526315789473684,-1.04971932638332,6.063745019920319,-52.42857142857143,-1.531024531024531,-0.07168160033340276,-0.21240105540897103,-0.21565267066552418,-0.24850299401197595,-0.018867924528301883,-0.2543103448275862,-0.28181818181818186,0.0032637075718013886,-0.12183125236473702,-0.11582278481012664,-0.09259259259259267,0.1355125357029514
2019-03-31,-0.027406670456698867,-0.15625,-0.04546949514882426,-0.024632021628116507,-0.0015309246785057962,0.02931596091205213,-0.917989417989418,-0.9360824742268041,-0.9411764705882353,-0.9411764705882353,-9.612903225806452,-0.8460236886632826,-1.4108024691358025,2.6494565217391304,-0.30145903479236813,-0.007537688442211032,-0.275673707210488,-0.29216467463479423,-0.002958579881656709,0.011560693641618602,0.20433996383363473,0.003253090435914263,0.026712623869022067,-0.20830350751610582,-0.10204081632653061,-0.13496056145581026
