Quarter end,Assets,Current Assets,Liabilities,Current Liabilities,Shareholders equity,Revenue,Earnings,Earnings available for common stockholders,EPS basic,EPS diluted,Cash from operating activities,Cash from investing activities,Cash from financing activities,Cash change during period,Cash at end of period,Price,ROE,ROA,Book value of equity per share,P/B ratio,P/E ratio,Cumulative dividends per share,Equity to assets ratio,Net margin,Asset turnover,Current ratio
1999-06-30,0.17431343529024823,0.15738611555814286,0.43424350349558116,0.43424350349558116,0.10614080608891197,0.0,0.0,0.0,0.0,0.0,0.5621085594989561,-0.6729880865548261,712.7234042553191,-17.365581395348837,-0.0798203948344961,1.039797395079595,-0.9663377829367382,-26.883720930232556,-0.02564102564102566,1.0702822357498616,0.0,,-0.05806614491290085,-0.9665605095541401,-0.018867924528301883,-0.19304013946201204
1999-09-30,0.17431343529024823,0.15738611555814286,0.43424350349558116,0.43424350349558116,0.10614080608891197,0.0,0.0,0.0,0.0,0.0,0.5621085594989561,-0.6729880865548261,712.7234042553191,-17.365581395348837,-0.0798203948344961,1.039797395079595,-0.9663377829367382,-26.883720930232556,-0.02564102564102566,1.0702822357498616,0.0,,-0.05806614491290085,-0.9665605095541401,-0.018867924528301883,-0.19304013946201204
1999-12-31,0.9880502263921953,1.0392082893214627,0.3631012600018395,0.3631012600018395,1.2005754855659463,1.521104536489152,-3.793285055957867,-3.793285055957867,-2.4,-2.2,0.5621085594989561,-0.6729880865548261,712.7234042553191,-17.365581395348837,1.4189619712061945,1.0170273146505853,-0.9663377829367382,-26.883720930232556,1.1842105263157894,1.0702822357498616,0.0,,0.10694183864915563,-0.9665605095541401,-0.018867924528301883,0.4960212201591512
2000-03-31,0.10811223291852556,0.09543307475056428,0.27859118817893536,0.27859118817893536,0.07220113986838927,0.23110624315443595,-0.02286118312514729,-0.02286118312514729,-0.04761904761904756,0.0,-0.06047444036084193,0.4936802973977694,-0.9869131018035475,-0.9647018700619565,0.020705866662221073,-0.10200492437565944,-0.9663377829367382,-26.883720930232556,0.06626506024096401,-0.5888799786153434,0.0,,-0.03244552058111372,-0.9665605095541401,-0.018867924528301883,-0.14325144403012346
2000-06-30,0.12434711671910925,0.07376633904144292,0.1978364116094986,0.1978364116094986,0.1058868754888056,0.23796814099305208,-0.0726000964785335,-0.0726000964785335,-0.10000000000000009,-0.05555555555555547,-0.3904694167852063,2.7436535589845694,0.6560364464692483,-5.025764895330113,-0.08166598611678233,-0.4864864864864865,-0.9663377829367382,-26.883720930232556,0.09604519774011289,-0.5185305591677503,0.0,,-0.01639139139139134,-0.9665605095541401,-0.018867924528301883,-0.10358217234537348
2000-09-30,0.15353447788477848,0.055151877365711366,0.5302436230670955,0.5302436230670955,0.05103863257698338,0.2541323021114952,-0.6317295188556566,-0.6317295188556566,-0.6666666666666667,-0.6470588235294118,0.3459743290548425,-0.2516952532907858,-0.4869325997248969,-0.35840000000000005,-0.057056469542018706,-0.0987795575896262,-0.9663377829367382,-26.883720930232556,0.04123711340206193,-0.1775827143821742,0.0,,-0.08879277445617606,-0.9665605095541401,-0.018867924528301883,-0.3104531607006854
2000-12-31,-0.04113706910635517,-0.1055121083541184,0.07370087807686776,0.07370087807686776,-0.08662827165421683,-0.32510164542800224,-7.306497175141243,-7.306497175141243,-7.833333333333333,-7.833333333333333,-5.730819245773732,0.051883439943141374,-1.2841823056300268,4.297381546134663,-0.3205386951355226,-0.46635632670334326,-0.9663377829367382,-26.883720930232556,-0.09405940594059403,-0.48768472906403937,0.0,,-0.047466145469775234,-0.9665605095541401,-0.018867924528301883,-0.16691978461963275
2001-03-31,-0.14739657875008516,-0.19562295173026722,-0.2640300308352326,-0.2640300308352326,-0.09308394411217524,0.09436784862329683,-0.021052631578947323,-0.021052631578947323,-0.024390243902438935,-0.024390243902438935,-0.5799890049477735,-0.7657094594594595,-2.952830188679245,-0.6619983523596564,-0.15945368236959723,-0.5479777954004758,-27.431034482758623,-26.883720930232556,-0.10382513661202197,-0.5016025641025641,0.0,,0.0636083834090575,0.0,0.019230769230769162,0.09293172025190577
2001-06-30,0.3401310925041465,0.4886473496671546,-0.015338093850189471,-0.015338093850189471,0.474460996227662,0.07145232201573881,-0.8157172271791352,-0.8157172271791352,-0.825,-0.825,-1.3771815008726003,-0.3302090843547224,180.27053140096618,-7.670961002785515,1.2654975395488623,0.007017543859649145,0.34181343770384864,0.3548966756513925,0.3170731707317074,0.12540192926045024,0.0,,0.10031693537274355,0.0,-0.0660377358490567,0.511846544599871
2001-09-30,-0.07053227261543504,-0.05463553118650677,0.04247604247604242,-0.0007030007030006669,-0.09905131844326587,-0.08396262197855242,6.142768466790813,6.142768466790813,5.7142857142857135,5.7142857142857135,0.22035858877964132,-1.163616792249731,-1.0341390613756896,-0.9737982149381492,0.017289385833199722,0.1759581881533101,0.6806028196402529,0.7148541114058355,-0.10648148148148162,-0.10571428571428576,0.0,,-0.030682529743268572,0.0,-0.09090909090909083,-0.05396053258443878
2001-12-31,-0.0019332119393885572,-0.010010010010010006,0.02062111801242228,0.01862411137440767,-0.008519194096675231,0.017277723405857204,-0.8200225949422091,-0.8200225949422091,-0.8297872340425532,-0.8297872340425532,0.5853080568720379,-61.43421052631579,-1.9765807962529274,-5.622509960159363,-0.8039637160913117,0.3229629629629629,-0.2554237778420596,-0.2339520494972931,-0.015544041450777257,0.4792332268370607,0.0,,-0.006589147286821695,0.0,0.011111111111111072,-0.02812160407113895
2002-03-31,0.014515117905193664,0.02189773786157545,0.03717485046598967,0.034204500018174544,0.007703886438233054,0.002812210915818625,-0.1453404152583293,-0.1453404152583293,-0.12499999999999989,-0.12499999999999989,-0.4278026905829596,-2.1540387546266055,0.785771382893685,-4.172376642964878,1.0762426900584794,0.25979843225084,-0.3337218337218337,-0.3276123170116102,-0.010526315789473717,0.2786177105831533,0.0,,-0.006762908050461647,0.0,-0.05494505494505497,-0.011890476709937703
2002-06-30,-0.005387077352092984,0.0065478673353576156,0.07513830678960609,0.07672571348235624,-0.030299886932979248,-0.0013283642670012252,1.455367231638418,1.455367231638418,1.4285714285714284,1.4285714285714284,0.43834900731452464,-2.3344024148665223,-0.4333034914950761,-1.6728927528356992,-0.3488011829736295,-0.3075555555555556,0.20233236151603484,0.18093093093093082,-0.031914893617021156,-0.30067567567567577,0.0,,-0.025009820610187306,0.0,0.0,-0.06519099138882756
2002-09-30,0.005902125083633303,0.019631464312561464,0.016777895590344816,0.021348131222457933,0.0021715410453349016,0.0003694808793643922,-0.902669121030833,-0.902669121030833,-0.8823529411764706,-0.8823529411764706,-0.4576825281511079,-1.0048070125830624,-0.4218009478672986,-1.2326637730897345,0.12462153979238755,-0.2747111681643132,-0.559650824442289,-0.5645263827082008,-0.01098901098901095,-0.25120772946859893,0.0,,-0.0037604082728982524,0.0,0.0,-0.0016829052258635624
2002-12-31,0.020753984907632583,-0.18087127477575404,0.0059501901607164065,0.004378535587586718,0.025905961466616834,-0.00070175438596487,-2.2293144208037825,-2.2293144208037825,-2.0,-2.0,0.7997320830542531,-232.66176470588235,1.4412568306010929,-5.867678958785249,-0.5393971443680592,-0.046017699115044386,-0.30176211453744495,-0.3065693430656935,0.022222222222222143,-0.03548387096774186,0.0,,0.0051226745753572,0.0,-0.011627906976744207,-0.18442610830154083
2003-03-31,0.03773175083391522,0.025039520902807366,0.05832672723946586,0.058741169732069,0.030703762277343172,0.03551892371377874,0.5673076923076923,0.5673076923076923,0.5,0.5,0.07443245254931141,-0.9139211578746905,0.35982092893116957,-1.3510695187165775,0.41112618724559025,0.2152133580705009,-0.4337539432176656,-0.4378947368421052,0.021739130434782483,0.1906354515050166,0.0,,-0.006840128755364772,0.0,0.0,-0.03183812597454383
2003-06-30,0.04492651785847768,0.008364008870577422,0.024257440004609387,0.023292858860302967,0.052168821860836045,0.04183174501195697,0.7165644171779142,0.7165644171779142,0.6666666666666667,0.6666666666666667,0.18843089712504324,0.7005899705014749,0.874074074074074,0.39070830159939063,0.4051775147928993,0.1832061068702291,-1.6545961002785514,-1.655430711610487,0.02659574468085113,0.1573033707865168,0.0,,0.007022282241728517,3.9523809523809526,-0.0117647058823529,-0.01456983407618262
2003-09-30,0.0600140216333771,-0.2213985889077431,0.061626304390627995,0.0576262225746762,0.059464074987287896,0.08373017232519109,-0.03288062902072908,-0.03288062902072908,0.0,-0.20000000000000007,0.6336345088895365,7.082393755420641,-0.1080368906455863,-2.5784958013873673,-0.4551531740183177,0.22838709677419344,0.6978723404255318,0.6971428571428571,0.0362694300518136,0.19660194174757262,4.567251461988304,,-0.000536408743462613,0.6971153846153846,0.0,-0.2638540478905359
2003-12-31,0.8376897275482038,1.3103062629043358,0.05351844001695638,0.04954316976311479,1.1057149842885474,0.14061265134511425,1.809312638580931,1.809312638580931,1.6,1.75,0.503657448706512,4.869889473119433,28.068685376661744,-3.0077483520296058,1.67722925321225,0.2268907563025211,0.3533834586466167,0.430976430976431,0.72,0.1845841784989859,-0.29890756302521004,,0.1458473098081312,0.6713881019830028,-0.1428571428571429,1.2013114415530768
2004-03-31,0.09430913417751263,-0.024663315335443414,0.15116688461925354,0.1530442145370836,0.0845862074897219,0.12654859898561566,0.5666929755327546,0.5666929755327546,0.3846153846153846,0.4545454545454546,0.20989558614143333,-0.7343582899920478,-0.8871414416016667,-1.3196820459650942,-0.20027424942263283,0.37756849315068486,0.32407407407407396,0.3717647058823528,0.06395348837209314,-0.1986301369863014,-0.16151264533141563,,-0.00889929742388762,0.5406779661016949,-0.11111111111111105,-0.1541222000703647
2004-06-30,0.0501214862941981,-0.11815648145791446,0.1183615510649918,0.11930605594694454,0.03773577424355978,0.08846901370334836,0.2453400503778338,0.2453400503778338,0.22222222222222232,0.25,0.03814847504167895,-0.5073635675452481,-0.7119165541047576,-1.0005405405405405,0.00013536684414772182,-0.10689869484151648,0.2097902097902098,0.23156089193825058,0.03551912568306004,-0.16025641025641013,-0.4294189121578157,,-0.011814744801512345,0.33553355335533563,-0.07812500000000011,-0.21215062111801242
2004-09-30,0.15962366295847707,0.26369717217343625,0.07854589494657471,0.03682138756765618,0.17548277153271852,0.13507221481364273,1.1279665587918015,1.1279665587918015,1.0,1.1999999999999997,0.0749102588324202,-0.16665502549416777,-0.1596769992185465,911.0,0.12343785247011052,-0.08350730688935282,0.4450867052023122,0.47353760445682447,0.12664907651715018,-0.11704834605597958,-0.3530001252661906,,0.013629842180774787,0.5856672158154861,-0.06779661016949146,0.21880829197902374
2004-12-31,0.12299543348793884,0.17999566041614323,0.007479986959828988,0.05451633314877791,0.14372734807976717,0.19494613592465004,-0.3667701666561054,-0.3667701666561054,-0.36363636363636354,-0.40909090909090906,0.18718692327972586,2.0274075936635656,5.612213267203968,-1.4013157894736843,-0.04409461467410947,0.5231586940015185,0.06719999999999993,0.07183364839319473,0.12412177985948492,0.35446685878962536,-0.1463697967086156,,0.0185185185185186,0.04207792207792216,0.036363636363636154,0.11900086630089524
2005-03-31,0.12363769328742613,0.19705789842974997,0.07715677638556806,0.07975022970616363,0.1309860115613508,0.12866403372827406,0.21204843390373251,0.21204843390373251,0.1785714285714286,0.1923076923076923,0.2998001332445037,0.19808970099667778,0.11546575406685111,0.831511839708561,-0.08448514893080705,0.25074775672981064,0.029985007496251992,0.03703703703703698,0.1020833333333333,0.1127659574468085,0.07371286005897026,,0.006485234510712257,0.016450648055832406,0.01754385964912286,0.10864235761657759
2005-06-30,0.10390722257409313,0.06529683318645962,0.08641666249436741,0.08360251467472479,0.10654075501757765,0.0787538756828583,0.15397952443857332,0.15397952443857332,0.1212121212121211,0.12903225806451601,0.20638988552878867,0.17386481802426346,-0.18130621164999583,4.07458975634013,-0.4682911160058737,-0.05061777600637707,0.008005822416302877,0.017857142857142794,0.08317580340264663,-0.1395793499043978,-0.16835656949725397,,0.0024162927166033743,0.013241785188818023,0.0,-0.016899047973743753
2005-09-30,0.06389010893349645,0.11813790407959601,0.1916370954114628,0.08353099557663946,0.045005211775205556,0.10323825687068866,-0.22587107390713312,-0.22587107390713312,-0.2432432432432432,-0.17142857142857149,0.5453901713638294,-1.0675997559007067,-0.781211498973306,-4.947084762371387,3.476309657374644,-0.09109991603694378,-0.17906137184115534,-0.17878028404344193,0.019197207678882888,-0.16000000000000003,-0.19126238252476502,,-0.017791551882460954,-0.19312681510164575,0.01724137931034475,0.03194033384633599
2005-12-31,0.09535852895177777,0.10306993728450031,0.14005053369772602,0.15415335463258795,0.08782463757722736,0.0927959110250971,0.4067467652495378,0.4067467652495378,0.3928571428571428,0.27586206896551735,0.05306085043988262,-26.50669772859639,3.6806663538244955,-1.822666335650447,-0.6388840688684521,0.13163972286374137,0.019349164467898028,0.015259409969481164,0.07191780821917804,0.11111111111111116,0.27198492462311563,,-0.006778076428654911,0.010197960407918538,0.0,-0.04425936123348018
2006-03-31,0.08144077335628674,0.27811158798283264,0.10154235831561809,0.10452390106369336,0.07788949240981968,0.06844369770794789,0.05558110505223057,0.05558110505223057,0.025641025641025772,0.05405405405405417,0.033214399675107975,-0.4467975796323781,-0.1414105970224071,-1.1289495126293871,0.22813667912439928,0.3285714285714285,-0.0025884383088869978,-0.009018036072144242,0.06230031948881809,0.23809523809523814,0.21777777777777785,,-0.003294505235910128,-0.008313539192398967,0.0,0.15717200816228538
2006-06-30,0.058630709888898735,0.09403486980990827,0.09884413238071765,0.09696470424430892,0.051370440590765565,0.06388924306175348,0.05589095661915722,0.05589095661915722,0.04999999999999982,0.0512820512820511,0.04663372452130954,-0.08116809410793524,-0.680873423633816,-1.430610812075825,-0.07998956657827239,-0.11551459293394772,-0.011245674740484435,-0.020222446916076886,0.03759398496240607,-0.16730769230769227,-0.16605839416058388,,-0.006846889387321364,-0.025149700598802505,0.016949152542372836,-0.002676237500518708
2006-09-30,0.08182443714835674,0.018655829754277375,0.056125928347890985,0.05388024496789812,0.08667363548385398,0.11573070738747027,0.046389625699970516,0.046389625699970516,0.023809523809523725,0.024390243902439046,-0.5169398320770406,-0.4644894658820359,3.1350164654226127,-10.0125,0.7835845579549214,-0.11948593261549145,0.03849518810148722,0.03611971104231171,0.08695652173913038,-0.15242494226327952,-0.15560418186238767,,0.0043979555449897845,0.028869778869778928,0.0,-0.03342832775154436
2006-12-31,0.07958618855644395,0.09597278470759751,0.1589785321928654,0.1554844084025011,0.06502632782768658,0.07441123553264051,0.25918206399278954,0.25918206399278954,0.2558139534883721,0.2619047619047621,1.6009551310528654,1.6095545675698348,-0.6130430935315458,-1.401676415606344,-0.17646902983097545,0.29033530571992117,0.035383319292333626,0.029880478087649376,0.06000000000000005,0.1880108991825613,0.1845666570688167,,-0.013491124260355036,0.025074626865671634,0.0,-0.051500021521112216
2007-03-31,0.06161991949921908,0.06135890644215314,0.06527712057148971,0.07085095849004164,0.06089005458887753,0.0631092226943264,-0.10723392833176759,-0.10723392833176759,-0.11111111111111116,-0.1132075471698114,-0.21108928647679237,-0.5283282704084094,-0.027098101989480927,-3.3643597057498873,0.5066430754383142,0.12626108223784782,-0.011391375101708734,-0.015473887814313358,0.049056603773584895,0.06192660550458706,0.02333495381623729,,-0.0005998080614204593,-0.023878858474082665,0.016666666666666607,-0.008871644771175191
2007-06-30,0.06065063987561303,-0.06220870424219471,0.038623288603586436,0.027351037425173974,0.06506480063056252,0.03777281454488457,0.09285427941471247,0.09285427941471247,0.08333333333333348,0.08510638297872353,0.033801520933127716,0.7086826143256322,0.5648137266423787,-0.9234237094418694,0.0257505231242261,0.024158523344190996,-0.0057613168724278685,-0.006876227897838927,0.05635491606714638,-0.023758099352051865,-0.02066508313539206,,0.004081142719961628,-0.0065632458233889635,0.0,-0.0871754956274895
2007-09-30,0.06481433452486995,-0.23441707587517824,0.19825481134027734,0.21121445151510376,0.038737463604011646,0.09954313762507083,-0.40932642487046633,-0.40932642487046633,-0.6923076923076923,-0.7058823529411764,0.24767015706806284,-0.0739485072692101,-0.6307923394667668,4.187396351575456,0.13022481265611985,0.07686191359660755,-0.11009933774834446,-0.11770524233432245,0.030646992054483402,0.019911504424778848,0.02110113994664098,,-0.024506873879258873,-0.12012012012012019,0.0,-0.36790891307619
2007-12-31,0.0509622064454911,0.2525022630285789,0.049870186689386475,0.01685678899680587,0.05120838021378793,0.058905135055320246,0.3779692594317652,0.3779692594317652,0.3125,0.3999999999999999,-0.11890224712028707,-0.2881016474641973,0.39157851912123687,1.434143222506394,0.28046264918226016,-0.132906719173025,-0.10790697674418603,-0.11322869955156944,0.04735682819383258,-0.1583514099783081,-0.07529691211401424,,0.0002450980392156854,-0.11740614334470989,0.0,0.23170925249960317
2008-03-31,-0.05484824331854443,-0.015932931362022007,0.06043624639477119,0.03360342572886488,-0.08080371637344963,0.03214989882218644,-0.0003380091262463747,-0.0003380091262463747,0.0,0.0,-0.1201362099347526,-5.037813473696947,-15.13740681186961,3.809035986340951,1.0533341004545194,-0.3426057337496451,-0.04588112617309703,-0.05689001264222504,-0.04416403785488954,-0.3711340206185567,-0.3000256871307475,,-0.027444253859348344,-0.08197989172467135,0.032786885245901676,-0.047899755186187276
2008-06-30,-0.0037378235546851046,-0.14374774426939507,0.044380442201493286,0.049659509544896396,-0.016235933401648972,0.04049239353780609,0.07827557058326295,0.07827557058326295,0.1428571428571428,0.09523809523809534,0.5102979782944057,-1.3419439907700146,-0.5479868478193437,-1.4584334717063578,-0.23517050071450585,0.0859240069084628,-0.03497267759562839,-0.04959785522788196,0.0011001100110010764,0.13524590163934436,0.11853211009174314,,-0.012471655328798126,-0.08930075821398487,0.04761904761904767,-0.184254152992523
2008-09-30,0.0050830789118572195,-0.2075435169914155,0.09399492026398781,0.10384944902360482,-0.019433606282099225,0.03429054564121148,0.029633113828786417,0.029633113828786417,0.0,0.04347826086956519,0.05628628772131039,-0.10019280487270499,0.10096989660536182,-0.08015608244966044,-0.28283448124267296,0.13041749502982114,0.12004530011325021,0.1029619181946404,-0.00879120879120876,0.12635379061371843,0.16601049868766404,,-0.024492920015308117,0.057354301572617894,0.030303030303030276,-0.2821118991331756
2008-12-31,0.05024898240353992,0.30871852280212386,0.11243913035607611,0.11430192537241535,0.031116909081543076,-0.033247111168203336,0.08740673062281101,0.08740673062281101,0.12500000000000022,0.12500000000000022,-0.01742302146068364,-1.0777959044534806,-0.6496987325992105,-2.424953855121272,0.561970805716256,-0.22827998593035526,0.07482305358948427,0.04987212276214836,0.03436807095343686,-0.22115384615384615,-0.3064153066966798,,-0.01817706290048393,0.03149606299212593,0.02941176470588225,0.17447570627997
2009-03-31,-0.003502571931980114,-0.06327047086595194,-0.02995415139396851,-0.04386213522276927,0.005276738467936415,-0.06897426450603672,-0.11375624328992207,-0.11375624328992207,-0.11111111111111116,-0.11111111111111116,-0.3230429227528575,-5.351486697965571,0.6426453143534994,-1.059517316607581,-0.02141332875469104,-0.02096627164995446,0.015992474129821188,0.004872107186357999,0.016077170418006492,-0.053497942386831365,-0.08275862068965512,,0.00879062333510916,0.02374893977947412,-0.02857142857142847,-0.020315805007624643
2009-06-30,0.035225130549166206,0.012668286148886487,0.01983677646091775,0.01567995016177326,0.040153549213785666,0.02648087240267527,0.19962077320130622,0.19962077320130622,0.20833333333333326,0.20833333333333326,0.17932564782697402,4.166366971157304,-0.776566167178191,10.988927071401298,-0.26234041842122857,0.32216014897579126,0.030555555555555447,0.023030303030302957,0.03797468354430378,0.30434782608695654,0.2817337461300311,,0.004753102719830871,0.05799502899751463,-0.02941176470588236,-0.0029624422574814346
2009-09-30,0.050174530360027836,0.1662419509521853,0.1087648452149883,0.10312863255261795,0.03177636710174947,0.10679955255291307,0.24473129610115918,0.24473129610115918,0.24137931034482762,0.1724137931034484,0.2676744739289345,-0.7692682519351784,2.2260827407886232,-1.7181120417847702,0.2553885535004361,0.2788732394366198,0.07547169811320753,0.0699052132701421,0.024390243902439046,0.22999999999999998,0.20496894409937894,,-0.017477003942181213,0.0978856695379795,-0.030303030303030276,0.05720904466938603
2009-12-31,0.06653191658595703,0.1241632527521348,0.07918776077885958,0.06158806173603448,0.062261270055818274,0.09150916462056768,0.03276895943562619,0.03276895943562619,0.0277777777777779,0.0588235294117645,0.2623174559847141,1.4737826585410003,-1.1709161949606772,0.6164626574419017,0.328843256313325,0.2599118942731278,0.04845446950710097,0.046511627906976605,0.059523809523809534,0.23035230352303526,0.14948453608247414,,-0.004012304400160538,0.04493580599144087,0.0,0.05897203829848041
2010-03-31,0.04155845523205204,-0.000931004934326185,0.029411360387110896,0.006973630300444844,0.04572274166792334,0.07800958379543399,0.13200587451757229,0.13200587451757229,0.1351351351351351,0.13888888888888884,0.05308682019677802,0.6263964095809551,-3.802754982415006,-0.9660063652326603,0.008412261941134425,0.22596153846153855,0.0932270916334661,0.08888888888888902,0.036516853932584414,0.15638766519823788,0.13627304434479326,,0.004028467839398475,0.06075085324232088,0.03125,-0.007871890603211806
2010-06-30,0.06752786178197479,0.06516070997274759,0.08725887545320399,0.08770134228187909,0.06086915374007407,0.11843663256789028,0.22178976587014243,0.22178976587014243,0.2142857142857144,0.2195121951219512,-0.033508726899384,0.13735958847613183,-0.6766705008888424,-4.80225988700565,-0.0317187794565188,0.22638146167557927,0.10058309037900881,0.0942662779397474,0.05691056910569103,0.18285714285714283,0.07739530804648109,,-0.006285943560251472,0.05212355212355213,0.045454545454545414,-0.020719985491476245
2010-09-30,0.07490019908890977,0.08189635163171372,0.10078576231841341,0.10711971863575354,0.0659471836296015,0.10326544425835449,0.19113470798864052,0.19113470798864052,0.17647058823529416,0.17999999999999994,0.1471537266462175,-0.27862021677786863,1.4434023285899094,-6.294205052005943,0.17342660260199017,0.2652616279069768,0.0874172185430464,0.08348134991118994,0.06068376068376069,0.19806763285024154,0.10032560032560034,,-0.008344549125168244,0.04831804281345553,0.02898550724637694,-0.022778832353349654
2010-12-31,0.08342803363989804,0.12968619781997015,0.11783739755756018,0.14205200550359653,0.07113793192773121,0.057654341379771434,0.15399606095159113,0.15399606095159113,0.1499999999999999,0.15254237288135597,0.19386278663286682,0.7763215617459969,-0.20238252812706814,-1.0248987610761398,-0.0036799127724379543,0.3371625502584723,0.10657734470158342,0.10000000000000009,0.07252215954875108,0.260752688172043,0.15738857037174037,,-0.011264929424538495,0.07934655775962662,0.028169014084507005,-0.010802103567536858
2011-03-31,0.04247488035602842,0.009203274028214636,0.06358768072905496,0.04336832730444762,0.034605185196898036,0.03211940476101938,-0.0015809424572875708,-0.0015809424572875708,0.0,0.0,-0.11547523245329117,-0.8608752919869519,5.637238632592101,-62.32367149758454,0.226499259514789,0.017439862542955265,0.06494221243808473,0.05588673621460494,0.03005259203606303,-0.05117270788912587,-0.1318312559923298,,-0.007549759780370757,0.04810810810810806,0.0,-0.03276018966425598
2011-06-30,0.03809562807965827,0.15399970181185485,0.013481300736708723,0.020263969481269184,0.04752751723226489,0.04734267145101101,0.12548807917228966,0.12548807917228966,0.11594202898550732,0.13235294117647056,0.10793716910193041,-2.9691568047337276,-0.14611461146114613,1.4575652539257393,0.4538418640739035,-0.12631934476061812,0.05374677002583983,0.04940014114326052,0.05251641137855567,-0.151685393258427,-0.22271304988036078,,0.008990318118949014,0.04899432697266648,0.0,0.13107204753651902
2011-09-30,-0.017897684226871435,-0.042089590430842816,0.07210521198427644,0.06673027388350716,-0.05126471032503466,0.08221854543828444,0.08091256454939333,0.08091256454939333,0.09090909090909083,0.09090909090909083,0.2020064110174522,-3.0900349322014797,3.289353478566409,-1.8870700616525447,-0.27691425064375397,-0.08814149028703977,0.062285434036292164,0.0504371217215871,-0.036036036036036,-0.13377483443708604,-0.1785460573052332,,-0.03385880740233038,0.03048180924287114,0.027397260273972712,-0.1020050783644163
2011-12-31,0.08296839945707779,0.052940198226204105,0.14118800379173124,0.16235794653337154,0.05857779193006207,0.02484624064332608,-0.01653601538233984,-0.01653601538233984,0.0,-0.011904761904761862,0.08547747213854184,0.21077224448717713,-0.8395999726943819,-1.4902914960250542,0.18776293453391402,-0.009538950715421213,0.023084025854108958,0.008962868117797562,0.06254493170381026,0.02752293577981657,-0.09311040645719215,,-0.022559591373439325,-0.0014312977099236734,0.0,-0.09414001560062402
2012-03-31,0.03507528452824493,-0.07161280534061598,0.02375406575982164,0.0026158048221391894,0.0401883454823575,0.05331356689162359,0.032319677555194604,0.032319677555194604,0.03571428571428581,0.03614457831325302,-0.22956649656124173,0.5476985646643215,0.9462058986253565,-2.179957743710692,-0.18652908096688003,0.2630283574103798,0.02797833935018046,0.0164974619289342,0.03721244925575107,0.18898809523809534,0.2024793388429751,,0.004935404267673249,0.0,0.026666666666666616,-0.07405414132716226
2012-06-30,0.04538265147977749,0.048718182280936384,0.027437238126394314,0.0293948179936665,0.05335938180342392,0.03831318348045776,0.05383080083332126,0.05383080083332126,0.04597701149425282,0.058139534883721034,0.11608794929333488,-0.08428119305648796,-0.3181500109337415,-0.7115909138228986,-0.06613227409660127,-0.019062950097432863,0.011413520632133523,0.0006242197253432114,0.05805609915198939,-0.05506883604505641,-0.07269362939466029,,0.007655640618229098,-0.011466794075489783,0.0,0.018773612321999478
2012-09-30,0.03978910441736039,-0.008693464063140643,0.0465966778077993,0.04341080064481462,0.03683760630432209,0.0281453291514715,-0.06385478876354789,-0.06385478876354789,-0.05494505494505497,-0.06593406593406603,0.31002037055000486,-0.10814603799669043,0.5657932715435683,-2.1243141784579844,0.0796188275470715,-0.13681119364311634,-0.04427083333333326,-0.0474111041796631,0.036991368680641346,-0.18410596026490067,-0.1718928164196123,,-0.0028669724770642446,-0.034316094731754454,-0.012987012987012991,-0.049920127795527125
2012-12-31,0.06616310895609612,0.020240155344609656,0.11954603034370859,0.1363627585407774,0.04280051150895137,0.007976632768735614,0.026226796816161357,0.026226796816161357,0.023255813953488413,0.03529411764705892,-0.02523644441452666,0.5667363427121987,-0.2234397722384942,-2.7091306022858612,-0.12604353611357078,-0.05223133880328201,-0.030881017257039067,-0.03405370006548791,0.04875148632580273,-0.08603896103896103,-0.05473321858864022,,-0.0219953996549741,-0.01951951951951958,-0.013157894736842146,-0.10220380712183985
2013-03-31,0.013867431730246293,0.015957534141040064,-0.02091492631491676,-0.016681206545589133,0.03020993306638764,-0.04164443386391059,-0.08750521635272612,-0.08750521635272612,-0.07954545454545447,-0.09090909090909083,-0.44296507050812817,-1.099949781512101,0.2568180619296303,-2.694304605905778,0.2443555858974984,0.025760135135135087,-0.05716963448922219,-0.057627118644067665,0.027210884353741527,-0.02131438721136769,0.010924981791696986,,0.01616933705718071,-0.026033690658499253,-0.026666666666666727,0.03324192361714928
2013-06-30,0.03964066181037018,0.03715080604258447,0.034320166841766975,0.01767471156652789,0.04201644191659448,0.05730487219899949,0.0751592758468429,0.0751592758468429,0.07407407407407396,0.07499999999999996,0.5649252436091343,-10.297937757780277,-0.34158779458983024,-1.695846914565733,-0.13664428595065792,-0.17610127624536842,-0.05119284294234594,-0.052517985611510776,0.049116997792494566,-0.19782214156079858,-0.16174351585014413,,0.0023144799652827786,-0.027253668763102756,-0.0273972602739726,0.019096323148627636
2013-09-30,0.038528207661503444,-0.02150042729971746,0.04885410776253485,0.04038509438661908,0.033951401236135714,0.06758537626045769,0.11811728123441578,0.11811728123441578,0.11494252873563227,0.12790697674418605,0.172423354194724,-0.1257218440494241,0.5738828329189776,-0.726371805493595,-0.04330744401855957,0.017364147407870067,-0.005238344683080043,-0.006833712984054774,0.043135192004208234,-0.03167420814479627,0.03223033949290932,,-0.004473950064944443,0.008620689655172598,-0.014084507042253502,-0.05945499587118097
2013-12-31,-0.0070453349257628695,0.06684705850648776,0.09962823881753358,0.11357758229799586,-0.0550083446414924,0.028136058826951693,-0.10734478099460854,-0.10734478099460854,-0.09278350515463918,-0.1030927835051546,0.07386060339876344,-1.6472878228782288,2.779541910528767,-5.848608361476651,0.21948622247526273,0.05218565815324161,-0.01685097419694581,-0.02599388379204881,-0.02824004034291472,0.009345794392523477,0.016236469608659432,,-0.048274862278921415,-0.03205128205128205,0.0,-0.04200715877625438
2014-03-31,-0.021960512705438195,0.09125281447810019,-0.012497880434139685,-0.026268341664345662,-0.02691135915052234,0.03343814275732426,0.023409945920526587,0.023409945920526587,0.045454545454545414,0.04597701149425282,-0.4842442394573575,0.006741156685574179,-0.22496383218132132,-0.7956526960489972,0.0367789459122978,0.19138755980861255,0.025174076057846717,0.01098901098901095,-0.030098598858328884,0.22685185185185164,0.1950020483408439,,-0.0050266565118050055,-0.02207505518763797,0.04285714285714293,0.12069087063799766
2014-06-30,0.004286307820145829,-0.005572279173711836,0.031294050935693374,0.022375439705742073,-0.010053436932616844,0.0481903043259857,0.14118120072945528,0.14118120072945528,0.15217391304347827,0.15384615384615397,0.6864591847938806,-1.148359971120769,-0.12983511355387323,-0.7488246356370475,0.008910255341149753,0.04515623469487706,0.05538140020898652,0.037267080745341685,0.011771000535045317,0.07735849056603783,0.013369900582790528,,-0.01423759951010406,-0.003950338600451464,0.041095890410958846,-0.027300748568912292
2014-09-30,0.004350753969804444,0.05684445305002628,0.052749780257650425,0.042146853833316955,-0.022419994374297647,0.05673824908865854,0.1830558806135416,0.1830558806135416,0.19811320754716988,0.19999999999999996,0.22882214216473518,-2.938549618320611,0.17443292416477973,17.497426298549367,0.1633612014563608,0.10749765698219305,0.09257425742574243,0.06586826347305386,-0.018508725542041304,0.0945709281961471,0.052097428958051584,,-0.02671222239478177,0.018130311614730887,0.03947368421052633,0.014098169824742879
2014-12-31,0.023558433831437853,0.028041303581726185,0.07970060320729733,0.09206397051089432,-0.00988307979931502,-0.005315239024557994,-0.0525946331138788,-0.0525946331138788,-0.047244094488189003,-0.039682539682539764,0.09731257174815289,-4.226127190391809,-0.11534974969557565,-1.317437830453591,-0.04457517175721659,0.027925869510027956,0.08654281830539201,0.06460674157303381,0.012392241379310276,0.0464,-0.04501607717041811,,-0.03271102600925491,0.03394546466332771,0.03797468354430378,-0.05860595625279008
2015-03-31,-0.006771971683365963,0.024606152560677774,0.021843031316747696,0.003021747380768991,-0.02535889014196291,0.020203417078477948,-0.03757465535048721,-0.03757465535048721,-0.016528925619834767,-0.024793388429752095,-0.23658896429625254,-2.749061670379299,0.18723091864279762,-8.861890341090213,0.36679506532715633,-0.005515765209516799,0.06672226855713093,0.04221635883905006,-0.02235231506120272,-0.016819571865443472,-0.08181818181818179,,-0.01864071263609368,0.01829924650161474,0.012195121951219523,0.02147405500609678
2015-06-30,0.01849024818584244,0.12677593135409904,0.039300664641958916,0.028264676964883106,0.004318160490874856,0.024236301290075257,0.0868200958835399,0.0868200958835399,0.09243697478991608,0.09322033898305104,0.2123109574408275,0.26645847326779304,-0.20256613398774903,0.9723570972417919,0.5293045524407993,-0.009023178807947008,0.05355746677091466,0.029113924050632844,0.01741970604246057,0.013996889580093264,-0.06600660066006603,,-0.013951924693225703,0.015856236786469413,0.024096385542168752,0.09582863585118373
2015-09-30,0.02207393989703621,0.0022201452879271333,0.06448870835467346,0.05251398361133286,-0.007817032903273402,0.03663257414399923,0.04148241961104193,0.04148241961104193,0.05384615384615388,0.054263565891472965,0.06281484229625467,-2.4118526273737286,0.1879745404025719,-1.882538866760889,-0.3054537692553986,0.030072675632779378,0.018181818181818077,-0.006150061500615034,0.0010700909577314732,0.012269938650306678,-0.020023557126030544,,-0.029321513808387323,-0.010926118626430892,0.0,-0.04780924715565249
2015-12-31,0.0016395002356970334,0.016827141582641758,0.058249511331288195,0.06285068790117632,-0.04116263951248855,-0.02356867430944687,-0.07544544864330105,-0.07544544864330105,-0.058394160583941646,-0.05882352941176472,0.1119650054815291,-1.0950594456939071,0.22635236204411324,-1.2494584206848358,0.10970906110741185,-0.1170221393236559,0.019679300291545188,-0.0068069306930692575,-0.018706574024585865,-0.11818181818181805,-0.13461538461538458,,-0.04267650158061109,-0.011572856391372843,0.0,-0.043282064319308367
2016-03-31,-0.03192504925345874,-0.01171394209081289,0.007207041316383611,-0.002676358706825366,-0.06457995387033,-0.011867550859472997,-0.15940300503812033,-0.15940300503812033,-0.131782945736434,-0.1328124999999999,-0.34704788812533416,0.5120348986399794,0.10739769470024996,-1.816397039942106,-0.08071138272362832,-0.1142542248346804,-0.0014295925661187425,-0.030529595015576394,-0.039760348583878,-0.097938144329897,-0.12638888888888888,,-0.03375527426160352,-0.034060670569451945,0.0117647058823529,-0.009034743904869469
2016-06-30,0.005192806872006184,0.011710404101907823,0.005250926828165081,-0.0012805536989262123,0.0051405849648684665,0.026556979141038273,0.21711861035602986,0.21711861035602986,0.2232142857142856,0.23423423423423428,0.2806382307426494,-1.5282058244518364,-0.38142967287146157,-1.894201075145831,0.07850875541329327,0.13313977602654514,0.024337866857552015,-0.0025706940874035134,0.017016449234259934,0.18095238095238098,0.14891361950185478,,0.0,-0.010468319559228556,0.0,0.013005295971039832
2016-09-30,0.023311916009660205,0.06692092390247062,0.0509441108146671,0.05607635631278063,-0.001518872176334063,0.05805785040743405,0.18679798232903733,0.18679798232903733,0.21167883211678817,0.18978102189781,0.19705999671508012,-2.885040483228377,0.2058890183890183,1.7172550524430799,0.19779933286312512,0.08894582723279654,0.06184486373165621,0.034149484536082575,0.012269938650306678,0.07096774193548372,0.0719557195571956,,-0.02430225935067387,0.021158129175946616,0.023255813953488413,0.010257428363443788
2016-12-31,0.03935788699154452,0.10761552792091256,0.07228955427046335,0.08818011034802975,0.008209999139430879,-0.017875735939346993,-0.13509891219534587,-0.13509891219534587,-0.12650602409638556,-0.1165644171779141,-0.07231832214436218,-1.004397477416056,-0.1392375327203168,-0.3131663803045638,0.11342069413161648,0.10420168067226898,0.026653504442250675,0.0031152647975078995,0.01597796143250707,0.09036144578313254,0.04905335628227192,,-0.029966919634170086,-0.0010905125408942062,0.0,0.017882876981527573
2017-03-31,-0.0038288011113452036,0.01215204806178094,0.0010065701579400343,-0.002900891820138196,-0.008692937950264157,0.004438345756825113,-0.011462777813156744,-0.011462777813156744,-0.006896551724137945,-0.00694444444444442,-0.07380409060175797,-423.7829457364341,0.15162384498421,0.4193752891386666,0.14458733466682028,0.06590563165905627,0.04711538461538467,0.03167701863354022,-0.007049891540130249,0.04972375690607733,0.035274815422477346,,-0.004814443329990037,0.030021834061135344,0.0,0.015058884098075653
2017-06-30,0.012837548373749952,0.0007322594911696179,0.008853065539112137,-0.007289158073312985,0.01688495321225214,-0.0007930566061036259,0.04857308509952962,0.04857308509952962,0.0625,0.06293706293706292,-0.07286414965210453,-1.134270888721832,-0.18274764709865254,-0.5758157389635317,0.05358409083631077,-0.04619448807653859,0.011325374961738799,-0.0024081878386514877,0.035499726925177555,-0.03947368421052633,-0.09825673534072887,,0.004031445273130485,0.004769475357710551,-0.011363636363636354,0.008115133455905754
2017-09-30,0.025729231960015975,0.009272419066035598,0.030843558092696233,0.027778358173666362,0.020575175140107982,0.038933100570256673,0.38992648112879125,0.38992648112879125,0.40522875816993453,0.3947368421052633,0.3106530351123249,9.838727297555646,0.23775476387738204,-1.5032584877201969,-0.0255951553888194,-0.08391346657683962,0.05811138014527839,0.04888352444176247,0.03586497890295348,-0.11643835616438347,-0.10676625659050976,,-0.005019072475406561,0.06170886075949378,-0.011494252873563204,-0.018049179296899642
2017-12-31,0.005215656239922595,-0.05378645220885514,0.012108760691956544,0.011421986494771552,-0.001800890196129501,-0.02752240714649501,-0.34855572663047085,-0.34855572663047085,-0.3395348837209302,-0.3349056603773586,-0.10845516626381624,0.5260419291437786,-0.12909897789112235,2.462565030536078,-0.09095284212777843,0.02541264912567409,-0.02030892448512589,-0.0235903337169161,0.010183299389002087,-0.009302325581395432,-0.05164781111657635,,-0.007062146892655385,-0.016890213611525207,0.0,-0.06442935826822072
2018-03-31,0.009386307067419608,0.01912780621907184,0.018926052515433556,0.017873086802161486,-0.00045959102917425554,0.01932946094256205,0.23981951622205377,0.23981951622205377,0.26056338028169024,0.25531914893617036,-0.02738514505914491,-0.5760990712074303,0.15301667819537323,-0.7374085445518683,-0.026273047536258365,0.1364252131643957,0.03094890510948911,0.026517383618149593,0.011592741935483986,0.12519561815336466,0.14159751037344392,,-0.009754115017272857,0.03233956543708949,-0.011627906976744207,0.0012322015334063074
2018-06-30,0.017448332357360208,0.043931016202764406,0.0035326516506370975,-0.018963365139876398,0.03208914947978747,0.016686542759851708,0.11955014776168404,0.11955014776168404,0.12290502793296065,0.12429378531073443,-0.014635598495304603,0.0793456032719837,-0.19265559695771872,-1.2084084831146216,0.005623266327357657,0.12874272491410133,0.0450297366185215,0.04305396096440872,0.03736920777279518,0.11543810848400549,0.07223989095865524,,0.014364867638005263,0.04601076847772889,0.0,0.06406399562423082
2018-09-30,0.01734043558424503,-0.034983152377386695,0.019221043154496575,0.011132240379267522,0.015416576156717099,0.03781978336527092,0.08259534148586889,0.08259534148586889,0.09452736318407973,0.085427135678392,0.12224047107678615,3.115880835092658,0.2386122509639439,-53.09221128021486,-0.2912903742565931,0.14456109834130593,-0.017344173441734445,-0.01871216290588895,0.018251681075888593,0.10349127182044882,0.07076271186440675,,-0.0018207566255310503,-0.017781937295273775,0.0,-0.04562102422412129
2018-12-31,0.10993000895037985,0.14247300829960396,0.123277251845477,0.09770932061234272,0.09622463617043131,-0.03365682795192537,-0.0148704479948224,-0.0148704479948224,-0.01363636363636378,0.0,-0.03155576221825207,-0.7352322247455041,-0.4525153815900864,-1.3172472659987053,0.13318829216377415,-0.06296135475466791,0.055157198014340825,0.05272013460459912,0.1183962264150944,-0.08022598870056485,-0.06806489908982982,,-0.012363194162950952,0.0833730347784658,-0.02352941176470591,0.040799838416481604
2019-03-31,0.03400537225405054,0.11596679747795191,0.027058598186561422,0.02586356651299515,0.04131457264751037,0.002068889420159259,-0.11319659294908524,-0.11319659294908524,-0.10599078341013823,-0.10648148148148162,-0.02176308261480453,-3.539185004884672,0.21771051478108405,3.452536159916214,0.5123433061900418,-0.06638090824837806,-0.03188708834291687,-0.030367607884922765,0.0366933783213832,-0.1646191646191647,-0.15286624203821664,,0.006977221424174118,0.007475813544415066,-0.04819277108433728,0.08784526812859816
2019-06-30,0.06254991244838193,-0.16739457581357264,0.020136876915843427,-0.002531664413507051,0.1065647727148824,0.033949660026243667,-0.2599946591780302,-0.2599946591780302,-0.2628865979381444,-0.2590673575129534,-0.2232319996693395,-2.392516416800892,-1.2655154829872117,-1.1479740608410354,-0.05012983444391017,-0.06787442610745753,-0.13066954643628514,-0.12252747252747243,0.09845402766476807,-0.10147058823529409,-0.08621553884711775,,0.041573262685958845,-0.08206023570493237,-0.03797468354430378,-0.16530891359933397
