Quarter end,Assets,Current Assets,Liabilities,Current Liabilities,Shareholders equity,Revenue,Earnings,Earnings available for common stockholders,EPS basic,EPS diluted,Cash from operating activities,Cash from investing activities,Cash from financing activities,Cash change during period,Cash at end of period,Price,ROE,ROA,Book value of equity per share,P/B ratio,P/E ratio,Cumulative dividends per share,Equity to assets ratio,Net margin,Asset turnover,Current ratio
1993-12-31,0.10885550484303641,,0.11303476884247843,,0.0538907339631951,-0.08210479871855125,-0.028446628446628486,-0.028446628446628486,-0.02608695652173898,0.14285714285714302,0.7133270549484874,-5.7717036905471755,-0.5008129538992604,-1.4345023707820936,0.25131776472511724,0.004987531172069959,-0.06130653266331665,0.022222222222222143,0.0,0.07602339181286566,0.11790393013100431,inf,-0.04950495049504955,-0.025249868490268224,0.0,
1994-03-31,0.10885550484303641,,0.11303476884247843,,0.0538907339631951,-0.08210479871855125,-0.028446628446628486,-0.028446628446628486,-0.02608695652173898,0.14285714285714302,0.7133270549484874,-5.7717036905471755,-0.5008129538992604,-1.4345023707820936,0.25131776472511724,0.004987531172069959,-0.06130653266331665,0.022222222222222143,0.0,0.07602339181286566,0.11790393013100431,inf,-0.04950495049504955,-0.025249868490268224,0.0,
1994-06-30,-0.039990430625602036,,-0.04389185177792121,,0.014199749572372466,-0.08210479871855125,-0.028446628446628486,-0.028446628446628486,-0.02608695652173898,0.14285714285714302,0.7133270549484874,-5.7717036905471755,-0.5008129538992604,-1.4345023707820936,-0.07985430969879292,0.07568238213399492,-0.06130653266331665,0.022222222222222143,0.012765957446808418,0.07602339181286566,0.11790393013100431,1.0,0.05654761904761907,-0.025249868490268224,0.0,
1994-09-30,0.021325515095564684,,0.02019079035706217,,0.036183906842285785,-0.02630176494560954,0.03287625042149034,0.03287625042149034,0.01785714285714257,0.14285714285714302,-0.7752583982896823,-0.29021854727214724,-4.663548748100018,-1.456180443807386,0.04530449242656287,0.10034602076124566,-0.06130653266331665,0.022222222222222143,0.021008403361344685,0.08695652173913038,0.11790393013100431,0.5000000000000002,0.014084507042253724,-0.025249868490268224,0.0,
1994-12-31,0.007231355317470323,,0.00812501953352851,,-0.0042899107310268025,-0.015523717535951942,0.016731051743838155,0.016731051743838155,-0.05263157894736825,0.14285714285714302,1.6410250107540096,-0.16084251375658798,-0.6473535674066374,1.0219356751148658,0.07657781051005474,-0.04402515723270439,-0.06130653266331665,0.022222222222222143,0.008230452674897082,-0.06000000000000005,0.11790393013100431,0.33333333333333326,-0.011111111111111183,-0.025249868490268224,0.0,
1995-03-31,0.03700454201988501,,0.0345834305335575,,0.06860709081948957,0.09854088201147881,-0.15409520241885855,-0.15409520241885855,-0.13888888888888895,0.14285714285714302,-0.424846547255069,-0.5035353354997678,-3.159876918303231,-3.2678053071397155,-0.14148255674506593,-0.058114035087719285,-0.06130653266331665,0.022222222222222143,-0.014285714285714346,-0.06914893617021267,0.11790393013100431,0.2777777777777779,0.02949438202247201,-0.025249868490268224,0.0,
1995-06-30,0.06435443943742314,,0.06681543242316823,,0.03325409739771201,0.04268008295872905,0.28908078699310424,0.28908078699310424,0.29032258064516125,0.14285714285714302,-3.275039848535111,0.4603398669304082,-3.758152759487609,-1.1110565205867333,0.020866914055619912,0.06402793946449359,0.0032119914346895317,0.022222222222222143,0.06211180124223592,0.07999999999999985,0.11790393013100431,0.21739130434782616,-0.028649386084584005,0.011872638963842386,0.0,
1995-09-30,-0.0028364018973635607,,-0.0028618944940606017,,-0.002503779860901112,0.07069303538458604,0.07550364390351638,0.07550364390351638,0.08333333333333348,0.14285714285714302,-1.2814079287571263,-1.2406307143868636,-1.3196795847014933,-2.6934629489492985,-0.03461503681387457,0.16411378555798684,0.024012806830309374,0.022222222222222143,-0.029239766081871288,0.09523809523809512,0.1435546875,0.1785714285714286,0.0,-0.0015999999999999348,0.0,
1995-12-31,0.042812459092719246,,0.041581802367114395,,0.05886404423533986,0.11339353967040577,0.1109057723020761,0.1109057723020761,-0.4538461538461539,0.14285714285714302,-1.147448373480272,-3.3881227132001124,-1.4718094242401614,0.22040423484119342,-0.04375905895345056,0.13157894736842102,0.033871808233455036,0.03623188405797095,0.08835341365461846,0.16908212560386482,0.09137489325362935,0.16666666666666674,0.015449438202247201,-0.007478632478632563,0.1428571428571428,
1996-03-31,0.06140243814587243,,0.06531732760853637,,0.01117353622896311,-0.03418117660208053,-0.23104885913207784,-0.23104885913207784,-0.21126760563380276,0.14285714285714302,35.26827804919859,0.5982643167086301,6.289878845434401,0.85004506534475,-0.0846609129623328,0.09053156146179409,0.010080645161290258,-0.006993006993006978,0.012915129151291671,0.0,0.014084507042253724,0.1428571428571428,-0.047026279391424675,-0.009687836383207693,0.0,
1996-06-30,0.010650678647747158,,0.01065498069574411,,0.010592526906014976,0.0029716269554256325,0.1310328249779653,0.1310328249779653,0.125,0.14285714285714302,-1.1817994904783737,0.302385134138657,-0.6330551564054383,-2.0436483770781315,0.09652840752276948,0.04265041888804255,-0.009980039920159722,-0.021126760563380365,0.010928961748633892,0.02892561983471076,0.0030864197530864335,0.125,0.0,-0.024456521739130488,0.0,
1996-09-30,-0.011857391730439537,,-0.015445562710531546,,0.03664771262778288,0.06096244344264323,0.10508418542045472,0.10508418542045472,0.09523809523809512,0.14285714285714302,4.535403694411585,-0.3224951359364223,-1.67742837778232,1.4544791469125178,0.21607006414413488,-0.0387143900657414,-0.011088709677419262,-0.007194244604316502,0.037837837837837895,-0.048192771084337394,-0.050000000000000044,0.12121212121212133,0.04934687953555872,-0.016155988857938675,0.0,
1996-12-31,0.020119526502879292,,0.019203525270351296,,0.03187984035215918,0.08844594279677476,0.13943201487274814,0.13943201487274814,0.15942028985507273,0.14285714285714302,-0.9548661177675178,-0.057009580101346935,-3.0319601708777335,-0.10258117047136228,0.1594524442116556,0.15501519756838888,0.0035677879714575145,0.007246376811594235,0.07638888888888906,0.11392405063291133,0.13684210526315788,0.09909909909909898,0.011065006915629283,-0.003397508493771295,0.0,
1997-03-31,-0.0063856057729815285,,-0.005842928210425757,,-0.11803135797243869,-0.09154653154439052,-0.2767900678894265,-0.2767900678894265,-0.2500000000000001,0.14285714285714302,-3.016494094385764,-0.650419342104203,-2.0031965486653043,-3.244183659277999,-0.308628932146536,0.17894736842105274,0.017775520568816594,0.007194244604316724,-0.11290322580645162,0.09469696969696972,0.13960113960113962,0.10655737704918034,-0.11217510259917918,-0.006249999999999978,0.0,
1997-06-30,0.05426220913192403,,0.05526327795280084,,0.04639834082070449,0.06917139658660165,0.20229235277338375,0.20229235277338375,0.19999999999999996,0.14285714285714302,0.9344858727906076,3.255398584960015,-2.9184010532917313,-1.6872146725097015,0.30677351192985425,0.06975446428571419,0.025449101796407136,0.0071428571428571175,0.043636363636363695,0.20761245674740492,0.05437500000000006,0.0962962962962961,-0.007704160246533087,-0.0062893081761005165,0.0,
1997-09-30,0.029449267971642046,,0.029553803666053202,,0.03128536773361579,0.11667738202391664,0.17953584677767243,0.17953584677767243,0.18055555555555558,0.14285714285714302,1.4865214549625856,-0.7127638833226824,-0.5580823976121343,-1.0936733756167525,-0.02199042921358052,0.15962441314553977,0.047201946472019474,0.014184397163120588,0.03135888501742157,0.10888252148997135,0.12211025489033789,0.08783783783783794,0.0015527950310558758,-0.0005753739930955959,0.0,
1997-12-31,0.021690122462381778,,0.0198743854579988,,0.05020787400534732,0.0,0.057946898771211286,0.057946898771211286,-0.47058823529411764,0.14285714285714302,0.0,0.0,0.0,0.0,0.0,0.1605937921727396,0.023698884758364347,0.0,0.05067567567567566,0.12661498708010344,0.09825673534072887,0.07453416149068315,0.027906976744185963,0.0,0.0,
1998-03-31,0.10492603609825668,,0.11145516571006264,,0.024676762086834003,0.0433058949709495,-0.19880049086540952,-0.19880049086540952,-0.20000000000000007,0.14285714285714302,4.710965201671521,-1.0200049022380602,3.183008638117993,6.021637480517099,-0.12545520701160529,0.009689922480620172,0.0013617793917384269,-0.013986013986014068,0.027331189710610992,-0.03899082568807333,-0.023088023088023157,0.08670520231213863,-0.07239819004524883,0.0,0.0,
1998-06-30,0.04233359806994308,,0.04488282731852444,,0.008020334683523478,0.1103535918919516,0.1378707798511487,0.1378707798511487,0.13888888888888884,0.14285714285714302,-0.6678686593632852,-161.492931196984,-0.34854512901064383,-1.4517921263955083,0.08156157515283735,0.038771593090211054,0.0031731640979149045,-0.014184397163120588,0.009389671361502483,0.009546539379474916,0.005908419497784312,0.07446808510638303,-0.0325203252032521,0.0,0.0,
1998-09-30,0.04088249747458783,,0.03950343950390445,,0.06670042344804217,0.14333223519789162,0.17203200242672434,0.17203200242672434,0.1707317073170731,0.17499999999999982,-0.1408762592125432,1.0244416647580792,-0.0027062207669142913,-1.8242077426626784,-0.06215428070771922,-0.1112342941611234,-0.0036150022593763875,-0.014388489208633004,0.06201550387596888,-0.11820330969267145,-0.13313754282917278,0.06930693069306937,0.02352941176470602,0.0,0.0,
1998-12-31,0.0861520886265772,,0.089311624499683,,0.045966897289131614,0.0,0.05886444516337752,0.05886444516337752,0.08333333333333348,0.06382978723404253,0.0,0.0,0.0,0.0,0.0,0.1043659043659042,-0.0018140589569161092,-0.03649635036496357,0.033576642335766405,0.04021447721179627,0.07453416149068315,0.06481481481481466,-0.03612479474548436,0.0,0.0,
1999-03-31,-0.021829713427929054,,-0.026599785667361653,,0.052253954857239604,0.07985722127969286,-0.18988985471822062,-0.18988985471822062,-0.21153846153846156,-0.19999999999999996,-4.216623159447101,-0.19062275185073452,-2.610832616197189,3.4643733782172665,-0.2081369623618431,0.19954819277108427,-0.013630168105406626,0.0,0.04802259887005644,0.1597938144329898,0.16447714135575398,0.06956521739130439,0.07495741056218064,0.0,0.0,
1999-06-30,0.016297186074283987,,0.015323984657852785,,0.03206253473455667,0.013472730200354333,0.1497859661694545,0.1497859661694545,0.14634146341463405,0.125,-0.5780796992065693,0.3070157518412988,-1.27599489485329,-2.219652044142481,0.4557073471364217,0.07784055241682375,-0.012436665131275837,0.0,0.029649595687331498,0.028888888888888964,0.04738267148014441,0.0650406504065042,0.015847860538827252,0.0,0.0,
1999-09-30,0.025684922128583754,,0.024565821473302885,,0.04407726418136071,-0.015769870649837592,0.13852260053795185,0.13852260053795185,0.1276595744680853,0.15555555555555567,-1.2321389156372262,-0.37355522832533994,0.8635029168156132,-0.4659099690880989,0.1671962098684543,-0.1715200931857893,-0.011660447761194015,0.007575757575757569,0.0458115183246075,-0.1965442764578833,-0.1943127962085308,0.061068702290076216,0.018720748829953004,0.0,0.0,
1999-12-31,-0.03814297531300004,,-0.04074038821128134,,-0.004211059927794358,-0.06913815408669421,-0.07640669566971103,-0.07640669566971103,-0.07547169811320764,-0.07692307692307698,-8.353854512778717,0.8210461807835412,-1.4287410999075554,-0.5315704751397203,0.06710066438268036,-0.06537785588752199,-0.034450212364322774,0.0,0.0,-0.10483870967741937,-0.09037433155080199,0.06474820143884896,0.03522205206738116,-0.16810592976396088,0.125,
2000-03-31,0.09242632959949137,,0.09853984191920073,,0.01599881430597838,-0.08860718727239392,-0.3835511744704745,-0.3835511744704745,-0.3877551020408163,-0.375,-2.1036205897062836,-0.6009547663803009,-5.1235548066808505,-1.9835257474548567,-0.061845365947617914,-0.3144039112448289,-0.07429130009775164,-0.07518796992481191,0.015018773466833446,-0.3153153153153154,-0.306878306878307,0.06418918918918926,-0.07100591715976334,-0.01591695501730106,0.0,
2000-06-30,-0.013300351367543373,,-0.01642853867340921,,0.03204794308225689,0.09456877172858258,0.40229739645269835,0.40229739645269835,0.3999999999999999,0.3999999999999999,-0.7285323088767498,-0.536124329859647,-0.7410894231990119,-0.16818247248648865,-0.05483537310741837,-0.11135490948985194,-0.04487856388595568,-0.04065040650406504,0.034525277435265345,-0.12280701754385959,-0.06022052586938076,0.05714285714285716,0.04617834394904463,-0.0007032348804499877,-0.11111111111111105,
2000-09-30,-0.029537861274361532,,-0.032241557618422845,,0.006415200437564161,0.021528153729245325,0.18988506576691977,0.18988506576691977,0.2142857142857144,0.19047619047619047,-4.511673677670861,2.8398088510284647,-3.4048069121095668,0.4887280736254227,-0.08637115381807026,0.031481481481481666,-0.02708678828081823,-0.016949152542372947,0.013110846245530272,-0.0050000000000000044,0.04873646209386284,0.05705705705705699,0.03805175038051756,-0.0014074595355384467,0.0,
2000-12-31,-0.03457631598527133,,-0.043629738173282195,,0.05652456333585976,0.0,0.08705475609201319,0.08705475609201319,0.0980392156862746,0.10000000000000009,0.0,0.0,0.0,0.0,0.0,0.2094554159186115,0.005681818181818121,0.034482758620689724,0.061176470588235166,0.1959798994974873,0.22375215146299499,0.05113636363636376,0.09384164222873914,0.0,0.0,
2001-03-31,0.04105257178543931,,0.04430036174368279,,0.001082247954710347,0.15088087788774063,-0.24389019082691665,-0.24389019082691665,-0.2500000000000001,-0.25454545454545463,-1.5175105473835466,-0.4559480006493155,-1.7525949985446874,0.459585125381746,-0.17854527617854532,0.24839188520534394,0.03841807909604511,0.07499999999999996,0.0,0.17647058823529416,0.19971870604781983,0.048648648648648596,-0.03887399463806973,0.0,0.0,
2001-06-30,-0.026952883549155593,,-0.02889321488309926,,-0.004862685778700859,0.1678291396995455,0.58270607335252,0.58270607335252,0.5952380952380953,0.5853658536585367,-1.1775313152400835,-4.09784054601738,-2.3667748896421252,-1.083600005791981,0.014042713100330007,0.10899722552516855,0.10663764961915123,0.13178294573643412,0.004434589800443645,0.1071428571428572,0.04396248534583824,0.0489690721649485,0.023709902370990354,0.0,0.0,
2001-09-30,0.04718119260002673,,0.04799456357718279,,0.04190610595569266,-0.006516914495115489,0.03753394957395462,0.03753394957395462,0.04477611940298498,0.04615384615384621,4.619035719535499,-1.1538620520826226,-0.850367219673963,18.27435697583788,0.26691603983574463,0.02037169406719097,0.05850540806293014,0.08219178082191791,0.04635761589403975,0.016129032258064502,-0.09096013475575504,0.04422604422604426,-0.0054495912806541424,0.0,0.0,
2001-12-31,0.047441391308094216,,0.0493147798721465,,0.028580059455655782,0.0,0.002224494152276657,0.002224494152276657,0.0,0.0,0.0,0.0,0.0,0.0,0.0,0.01050788091068311,0.04087320018578722,0.025316455696202445,0.034810126582278444,-0.03492063492063491,-0.06917850525015445,0.049411764705882266,-0.017808219178082174,0.0,0.0,
2002-03-31,-0.04889092584777133,,-0.05524310231166962,,0.027971351273073708,-0.07279168927259283,-0.02383221047675632,-0.02383221047675632,-0.014285714285714346,-0.014705882352941235,1.5889793152881655,-0.8966861852658485,13.886742228057285,-2.142127326890156,-0.18549581828594686,0.0072790294627382846,0.07809013833110234,0.09876543209876543,0.020387359836901098,-0.02631578947368418,-0.04644990046449904,0.049327354260089606,0.08089260808926091,0.0,0.0,
2002-06-30,0.010355953650849958,,0.008846447813012581,,0.029155478550744185,0.00876328335467047,0.03886037137837195,0.03886037137837195,0.02898550724637694,0.02985074626865658,-0.6150215576691648,25.46705377429942,-1.0685727971053658,-2.0074313612097896,0.29762095696337876,0.0784583620096353,-0.01779801324503305,0.00561797752808979,0.031968031968031996,0.057432432432432456,-0.026443980514961662,0.044871794871794934,0.01806451612903226,0.0,0.0,
2002-09-30,0.1477919945527646,,0.1581738598347726,,0.041187498680749,0.13010100302288863,0.05644171779141094,0.05644171779141094,0.05633802816901423,0.05797101449275366,-3.928210350601834,1.7093174100499828,23.725646592410797,0.6081801922821597,0.3688504915307673,-0.03573707721761332,-0.013063632532659186,-0.022346368715083664,0.048402710551790795,-0.0638977635782747,-0.05003573981415299,0.04498977505112478,-0.09252217997465151,0.0,0.0,
2002-12-31,0.04763305487006275,,0.04862865745673983,,0.03894939054994562,0.0,0.0812275690324471,0.0812275690324471,0.08000000000000007,0.08219178082191791,0.0,0.0,0.0,0.0,0.0,-0.059894109861019174,0.004269854824936026,0.0,0.03785780240073877,-0.10580204778156999,-0.07674943566591419,0.045009784735811964,-0.008379888268156499,0.0,0.0,
2003-03-31,0.04147387230752342,,0.04168605076615495,,0.042241511843801316,0.22561170954862853,0.1518861168637622,0.1518861168637622,0.16049382716049365,0.1518987341772151,-1.2206607066348527,-0.47152101508974276,-1.0216225063801927,-1.2412232350555816,-0.1956131431659751,0.11932418162618808,0.04506802721088432,0.022857142857142687,0.03736654804270456,0.08015267175572527,0.07660961695191526,0.050561797752809,0.0,0.0,0.0,
2003-06-30,0.12607659844285202,,0.13521302041346672,,0.017670306328427365,0.05171359790211261,-0.00568768955464638,-0.00568768955464638,-0.010638297872340274,-0.01098901098901095,-4.039003822390843,2.4734187840592647,-39.94008077508773,-0.7333152141088362,-0.02154997458057961,0.14371069182389928,0.032546786004882255,-0.016759776536312776,0.021440823327615766,0.10247349823321561,0.05601816805450399,0.048128342245989275,-0.09577464788732393,0.0,0.0,
2003-09-30,-0.08768658439239962,,-0.0947502152607197,,0.03222385999496025,-0.013215370451286845,-0.000583006624307103,-0.000583006624307103,0.0,0.011111111111111072,-4.270280493754553,-0.09066210698126709,-1.7441326128675017,-8.000452949835806,0.15418220573589103,-0.03546879296123173,0.01891252955082723,0.022727272727272485,0.035264483627204024,-0.054487179487179516,-0.09677419354838712,0.04591836734693877,0.13084112149532712,0.0,0.0,
2003-12-31,-0.038551334679621685,,-0.03915062926382129,,0.020929310648391652,-0.6276911660557278,-0.005393843578536228,-0.005393843578536228,-0.032258064516129115,-0.03296703296703296,0.0,0.0,0.0,0.0,0.0,0.0598631698973775,0.0030935808197989356,0.022222222222222365,0.03244120032441211,0.023728813559321882,0.005555555555555536,0.04552845528455274,0.06198347107438029,0.34883720930232553,0.25,
2004-03-31,0.10517446460537916,,0.11270397136176635,,0.015118091241790976,1.0590958853289592,0.013821241871732726,0.013821241871732726,0.05555555555555558,0.045454545454545414,-1.2417589154776911,-0.21735288007146003,-2.2201738364822026,0.4472698058372828,0.02511191382545408,0.018289402904787533,-0.020431765612953123,-0.021739130434782705,0.0164964650432049,-0.01655629139072845,-0.00710339384372527,0.05287713841368591,-0.08171206225680938,0.06269592476489039,-0.10000000000000009,
2004-06-30,0.007588603054005549,,0.008096380884682564,,0.0009281378459280454,-0.00040449787506136037,-0.007436845503097977,-0.007436845503097977,0.0,0.0,-2.2736053207280498,0.32928863640038597,-0.7790556647568065,-0.5499543617159994,0.08487790619648972,0.00449022715266767,-0.016528925619834656,0.011111111111111294,0.004636785162287493,-0.010101010101010166,0.0015898251192367763,0.050221565731167095,-0.005649717514124242,0.08505408062930186,-0.11111111111111105,
2004-09-30,0.03682803536968282,,0.03717289048400363,,0.032281846453099616,-0.03541407126637863,-0.04040241924584398,-0.04040241924584398,-0.042105263157894646,-0.03260869565217395,-1.4523737779341195,-0.36013692895163396,1.0167193560872527,-3.137203122542405,-0.1672089781918228,-0.027083881146463318,-0.02681072428971598,-0.038461538461538436,0.03538461538461535,-0.030612244897959107,-0.031746031746031744,0.047819971870604716,-0.0042613636363637575,0.08790212958767563,-0.12499999999999989,
2004-12-31,0.05219905830503735,,0.05391734008027105,,0.02940615732241203,-0.007822461272404824,-0.09197982412126648,-0.09197982412126648,-0.08791208791208793,-0.0898876404494382,-0.5917327143775181,2.3172587183927074,2.176798722402779,-1.1342632043753778,0.026957559128846897,-0.03081081081081083,-0.049342105263157965,-0.0742857142857144,0.02303120356612176,-0.06666666666666665,-0.025409836065573677,0.04563758389261752,-0.021398002853067033,-0.14743856726364024,0.1428571428571428,
2005-03-31,0.18090142905256656,,0.18170086651245243,,0.02534611998238101,0.054009091681222365,0.05871917170777108,0.05871917170777108,0.06024096385542177,0.04938271604938271,9.306627471555993,-0.09137793527004245,0.9351958746338844,29.34679629576205,0.7966011333594345,-0.01784718349135528,-0.04368512110726641,-0.09259259259259256,0.023238925199709604,-0.03759398496240607,0.000841042893187538,0.04621309370988458,-0.13265306122448972,-0.023937469467513406,-0.12499999999999989,
2005-06-30,0.05712494911814203,,0.058541417884929725,,0.04329975333466485,0.02478781455561485,-0.05955553113754364,-0.05955553113754364,-0.06818181818181823,-0.05882352941176461,-1.7304099325519249,-0.29395913257237105,-0.8121391985496619,-0.4975611054547391,0.2227781032789442,-0.02697331061896635,-0.06558118498416998,-0.10204081632653061,0.03548616039744501,-0.05078125,-0.006722689075630228,0.04539877300613493,-0.013445378151260456,-0.04354354354354362,0.0,
2005-09-30,-0.003322464108053813,,-0.005709976012467588,,0.034159778100221416,0.07641603774391226,0.1313665352222384,0.1313665352222384,0.12195121951219523,0.125,-0.2949068266052576,-0.5582595787857876,-1.0441325237195334,-0.7942579386627968,0.03748417318440178,-0.013714619200467015,-0.02613746369796721,-0.06060606060606066,0.02673063742289239,-0.04526748971193428,0.021150592216581998,0.04225352112676073,0.03918228279386704,-0.03035060177917326,0.0,
2005-12-31,-0.0125058625533232,,-0.015008992835219392,,0.024093520113733558,-0.04994934079511126,-0.054287115846364364,-0.054287115846364364,-0.05434782608695654,-0.05555555555555558,-0.8012216390707851,1.097094168620122,-15.279628408091469,-6.315940003126753,-0.19206424624626617,-0.07071005917159756,-0.015904572564612196,-0.032258064516129004,0.018024032042723626,-0.09482758620689646,-0.07290803645401833,0.04054054054054057,0.03606557377049202,-0.008634646519158018,0.0,
2006-03-31,0.01973571710875799,,0.018680878040153504,,0.03775313960795068,-0.24535098496435404,0.9567745634230906,0.9567745634230906,0.9655172413793103,0.9647058823529411,2.6310379357088847,-0.7208841844389389,-1.7356597055143874,-0.660057088487155,-0.08081196897541554,0.049347341610952,0.20050505050505052,0.22499999999999987,0.06688524590163936,0.028571428571428692,0.036639857015192234,0.04112554112554112,0.01740506329113911,0.30756668481219385,-0.14285714285714302,
2006-06-30,0.004510847236566917,,0.003631557020898013,,0.017746648619274552,0.29707729281339645,-0.5149050356232676,-0.5149050356232676,-0.5087719298245614,-0.5089820359281437,0.4239456701185653,1.1697943178284755,-1.4879281655207057,-1.9764330497089118,0.08584476152468157,0.02760922330097082,-0.024821203197307518,0.0,0.012292562999385304,-0.03703703703703709,-0.1724137931034483,0.03846153846153855,0.013996889580093264,0.0024979184013322886,0.0,
2006-09-30,0.06957572177749882,,0.07309210614017991,,0.027979361172519868,-0.021481083019544545,-0.356623110182247,-0.356623110182247,-0.3571428571428571,-0.35365853658536583,-2.2211904824642303,0.6164012212743768,13.016740664478906,1.443902998337442,0.19321018760282804,-0.0032477118393858806,-0.11389128559102679,-0.10884353741496589,0.023679417122040025,-0.014423076923077094,-0.007291666666666696,0.03803803803803785,-0.03987730061349681,-0.06644518272425248,0.0,
2006-12-31,-0.053845547117099435,,-0.05660757193680721,,-0.019172889803084958,-0.03356334837680586,0.13942780509611086,0.13942780509611086,0.14814814814814814,0.1132075471698113,-2.3603637038411582,-0.9339869297141726,-1.7258074758704058,-2.5285198509763944,-0.2475051003001476,-0.0082938388625593,-0.0813047711781889,-0.07633587786259544,-0.02609727164887299,-0.029268292682926744,0.08604407135362013,0.03664416586306651,0.036741214057507854,-0.048487544483985734,0.0,
2007-03-31,0.02401236301487364,,0.02440840100591002,,0.021233841917811525,-0.059892663794255396,-0.07741901735389123,-0.07741901735389123,-0.09677419354838701,-0.06779661016949146,-1.5220804928418028,-6.2503730600875445,-1.3744779335339024,-1.6618621224635577,0.2176948323112251,0.06182795698924726,-0.320084790673026,-0.31404958677685946,0.017661388550548107,0.09045226130653261,0.13816425120772946,0.034418604651162754,-0.0015408320493066618,-0.33333333333333337,0.0,
2007-06-30,-0.0111948445644654,,-0.010646880562110717,,-0.02035808986923171,-0.0016826512129111126,-0.6864076431315294,-0.6864076431315294,-0.6785714285714286,-0.6909090909090909,-1.2181410525164513,-1.7627861700464693,-1.734073203515908,-2.4755823782491655,-0.2762592861554741,-0.06385372714486626,-0.25954793452844893,-0.2650602409638554,-0.023937761819269987,-0.08294930875576034,0.35738539898132426,0.03417266187050361,-0.0092592592592593,-0.23562412342215988,0.0,
2007-09-30,-0.023853466591363448,,-0.024531192012420266,,-0.016908993043180387,-0.15094731697743635,-1.6398770510328617,-1.6398770510328617,-1.6111111111111112,-1.6470588235294117,3.595310715578953,-1.4334733697862814,0.3165768059699203,-1.1612150233641856,0.05876187203199201,-0.17307692307692313,-0.33789473684210525,-0.3278688524590164,-0.018393623543838,-0.1507537688442211,0.11944965603502178,0.032173913043478164,0.006230529595015799,-0.3018348623853211,-0.16666666666666663,
2007-12-31,-0.012348254662464031,,-0.0050792338618965704,,-0.11818804563662066,-0.27716025462349214,16.563224074597343,16.563224074597343,16.90909090909091,16.90909090909091,-1.0484903129995984,-1.707451075900404,-1.5201220986284292,1.00604336691744,0.11133652120584392,-0.298328488372093,-2.135135135135135,-2.097560975609756,-0.11805121798875717,-0.28402366863905326,0.07541899441340782,0.03201347935973042,-0.10681114551083593,0.0,0.0,
2008-03-31,0.006821041618257917,,0.007976182917084351,,-0.010942612741361213,1.1229567300156127,-1.0318552036199096,-1.0318552036199096,-1.0304568527918783,-1.0304568527918783,-0.6384887027719617,-2.6242621224547653,-2.8425909851993305,-3.249385999010531,-0.22534921439208044,-0.21802175038839977,0.427170868347339,0.37777777777777777,-0.014164305949008416,-0.11570247933884292,0.0,0.026122448979591928,-0.017331022530329254,0.0,0.0,
2008-06-30,-0.04609816827839586,,-0.06606924450554141,,0.27706255056866524,-0.05792801786262791,-3.4092171717171715,-3.4092171717171715,-2.8333333333333335,-2.8333333333333335,-75.17479253112033,-2.2806560401952414,-0.39558924984120325,-1.5005017428445186,0.14559808967774734,-0.380794701986755,0.14818449460255145,0.19354838709677424,-0.1724137931034483,-0.3738317757009346,0.0,0.0,0.3386243386243386,0.0,0.19999999999999996,
2008-09-30,-0.07723173029641295,,-0.08065119037431856,,-0.04441423479839823,-0.17183563997297557,5.555998113306431,5.555998113306431,4.636363636363637,4.636363636363637,1.420799856419293,-3.7500036507187047,6.316869768973745,-2.052026931588116,-0.133705802156024,-0.106951871657754,0.382051282051282,0.45945945945945943,-0.04427083333333337,0.07462686567164178,0.0,0.0,0.035573122529644285,0.0,0.0,
2008-12-31,-0.054334092500342046,,-0.08299328418949725,,0.27227453318751516,0.027721835251362847,-0.55470642311843,-0.55470642311843,-0.5,-0.5,-0.35634709993418956,-1.637065056163467,-0.5225462441023372,0.5382578469984485,-0.23741818872573006,0.014371257485030098,-0.5194805194805194,-0.4814814814814815,-0.031789282470481295,0.06944444444444442,0.0,0.0007955449482894839,0.024173027989821794,0.0,0.16666666666666674,
2009-03-31,0.0059971671698582085,,0.009217648276984791,,-0.020416732353153777,0.11324834335851608,0.2179556225764756,0.4864462157116185,0.25806451612903225,0.25806451612903225,-1.026802923900938,0.05256241056916222,-1.0316131660232772,-0.10112498484664811,-0.27985099412732684,-0.02243211334120443,0.42728442728442717,0.4642857142857144,-0.05628517823639767,0.012987012987013102,0.0,0.0,-0.034782608695652084,0.0,0.0,
2009-06-30,-0.07847600347910522,,-0.08430894081186269,,-0.03539100722145383,-0.18709715843667696,1.596668877588621,0.4876873467711742,0.487179487179487,0.487179487179487,-13.90322310590205,-4.744877030248157,-43.88421699638036,-0.9927038013060331,-0.002835313860334865,0.32367149758454117,0.4220018034265105,0.6707317073170731,-0.06461232604373757,0.3974358974358976,0.0,0.0,0.03346203346203325,0.0,0.0,
2009-09-30,-0.07973488455399769,,-0.08946664652865033,,-0.007671637273191645,0.006827932042233531,0.21560302206379034,-0.5708869802406196,-0.5862068965517242,-0.5862068965517242,-0.4938633655357958,0.15276492352414173,-0.007370837812371467,-0.833271719038817,-0.00047407114641129233,0.08941605839416056,-0.16106531388712753,0.27737226277372273,-0.02763018065887357,0.16513761467889898,0.0,0.0,0.07347447073474478,0.0,0.0,
2009-12-31,-0.015007036236732496,,-0.014263859204959095,,-0.0220292782802457,-0.1521247415199335,-1.9328333815852143,0.33483418150173105,0.5,0.5,-0.4714845469189979,-1.141702254116404,-1.0405178914267683,70.5920177383592,-0.033955807391655934,0.010887772194305034,0.08012093726379432,-0.4742857142857143,0.024043715846994385,0.03937007874015741,0.0,0.0,-0.01740139211136893,0.0,0.0,
2010-03-31,-0.005566143400137169,,-0.004988796993439015,,-0.010483147192018927,0.021928193391503426,-1.063758322070381,-0.6080529493466368,-0.6666666666666667,-0.6666666666666667,-1.9908641835571474,-4.5024186484049,-11.621442901641942,2.5811446977205152,-0.1258748414698534,0.05468102734051361,-0.14415675297410768,-0.17391304347826086,-0.03201707577374591,0.030303030303030276,0.0,0.0,-0.010625737898465104,0.0,0.0,
2010-06-30,0.01275479895211995,,0.01387737072871964,,0.005474536566416166,0.0033803171759305695,-2.3844704404490855,-1.0974868920629182,-1.0833333333333333,-1.0833333333333333,2.2194290097014497,-0.3719614515544801,-1.0616609690539478,-2.425260317570139,0.20523882052438025,0.01256873527101332,-0.4513491414554375,-0.9473684210526315,-0.008820286659316445,0.04411764705882337,0.0,0.0,-0.007159904534606243,0.0,0.0,
2010-09-30,-0.03313923632713456,,-0.038738201383176296,,0.00656903519572416,0.009876612098849824,0.7486106385391857,4.888353115727003,6.000000000000001,6.000000000000001,-2.6597308462376765,-1.3544011770475723,-11.234602982668278,-1.2039866504854368,-0.03473666698699174,-0.16214119472459265,-0.459016393442623,-23.75,-0.010011123470522798,-0.15492957746478875,0.0,0.0,0.04206730769230771,0.0,0.0,
2010-12-31,-0.026994331627244517,,-0.0025522150745564964,,-0.2088117001463946,-0.09426621081833986,-0.5307604994324631,-4.066771653543308,-4.285714285714286,-4.285714285714286,-0.037498473002687494,1.8702118944291914,-0.4542031856427504,3.919415771782134,-0.1770336669699727,-0.020370370370370483,-0.28925619834710736,-0.7802197802197802,0.016853932584269593,-0.008333333333333304,0.0,0.0,0.11303344867358711,0.0,0.0,
2011-03-31,-0.01055137886012325,,-0.010111281771851166,,-0.015925534236457373,-0.05875041305508244,1.77552007740687,-1.8248741912293314,-1.652173913043478,-1.652173913043478,-1.3566425467577734,-2.699784579602369,1.0231872659446277,-1.5792315692724457,0.12460228883911273,0.11247637051039683,-1.1705426356589148,1.0500000000000003,-0.016574585635359185,0.09243697478991608,0.0,0.0007949125596184992,-0.005181347150259086,-0.9185282522996058,-0.14285714285714302,
2011-06-30,0.025194915007334284,,0.026350556812101855,,0.017623412933303495,-0.020699600590877054,-0.5022037401329714,-0.5022037401329714,-0.4666666666666667,-0.4666666666666667,-0.6768416370106762,-1.2440870731380775,-1.5967174468555574,-0.5109039471349083,0.05419025752835238,-0.10790144435004245,1.6590909090909092,0.024390243902438824,0.016853932584269593,-0.09230769230769242,0.0,0.0,-0.008333333333333304,1.8225806451612905,0.0,
2011-09-30,0.020651458330156913,,0.020362107648773886,,0.02591884979446557,0.0953997440931853,0.8060627282277024,0.8060627282277024,0.7500000000000002,0.7500000000000002,-4.598353660215291,0.9047979844932414,-0.11467326501887165,2.156368060446949,0.16225192447795522,-0.2533333333333333,0.7008547008547008,0.04761904761904767,0.025414364640883758,-0.2627118644067796,5.179740259740259,0.0,0.005252100840335894,0.7828571428571427,0.0,
2011-12-31,-0.030584281255018997,,-0.03169285199791361,,-0.02393441350617731,-0.1020575137138211,-0.03223930203572911,-0.03223930203572911,-0.07142857142857151,-0.07142857142857151,-0.6939129170715286,-0.7816649299751331,-1.7479443454309787,-2.562358414649815,-0.218107326098962,-0.11479591836734693,1.758793969849246,0.20454545454545459,0.004310344827586299,-0.13793103448275856,-0.5833053127101546,0.002382843526608447,0.007314524555903867,1.826923076923077,0.0,
2012-03-31,0.03588572430843784,,0.04071745313348307,,-0.004379210135126099,0.04957567839590449,-0.04493288686643193,-0.1263272373429496,-0.07692307692307698,-0.07692307692307698,-3.0282454101208556,0.8208896836928579,-3.0816353240095133,-1.5888763850415513,0.1642658360046121,0.377521613832853,-0.07650273224043713,-0.07547169811320753,0.010729613733905463,0.3733333333333333,-0.6142828323582812,0.0007923930269415624,-0.03941908713692943,-0.07596371882086161,0.0,
2012-06-30,-0.007243826650517038,,-0.0011409360030838478,,-0.06715698307866136,-0.11429334615487352,-4.653771238500495,-5.0873325253054675,-5.25,-5.25,-0.08208348224739037,-1.3332658134610074,-1.0286240799557729,-1.7928763579167095,-0.11186663196133184,-0.05230125523012552,-1.193293885601578,-1.1428571428571428,-0.05307855626326963,-0.06796116504854377,0.008368200836819994,0.0,-0.05939524838012966,0.0,0.0,
2012-09-30,0.00968404800463496,,0.009982919287027325,,0.007877468017218447,0.01634889710539178,-1.2352333305995242,-1.206829948546973,-1.215686274509804,-1.215686274509804,-3.844225153559561,-5.257855379968321,11.367113534802696,-1.2709735432078166,0.03413101986724043,0.001103752759381793,0.4795918367346941,0.4285714285714286,0.014573991031390232,0.0625,0.0,0.0,-0.0022962112514350874,0.0,0.0,
2012-12-31,-0.008535021404570298,,-0.008488818181293323,,-0.010140728199245053,-0.059233894060290226,0.1197963879785231,0.5763552524508855,0.4545454545454546,0.4545454545454546,-0.3884373008567584,-0.6739799979236598,-1.2256879160720957,6.546645684376176,0.24907357852734546,0.05622932745314224,-0.15172413793103456,0.10000000000000009,0.0055248618784529135,0.03921568627450989,0.0,0.002375296912114022,-0.0011507479861910808,0.0,-0.16666666666666663,
2013-03-31,-0.013860151237414797,,-0.019305344146395842,,0.04084341708215877,0.0024223996265466674,0.3125350270876144,0.007054890489417653,0.0625,0.0625,-0.7982000131216882,-8.60639794077062,-19.72768717266831,-1.2926888973508133,-0.05836411266047281,0.10751565762004178,-0.36585365853658536,-0.36363636363636365,0.00659340659340657,0.10377358490566024,0.0,0.003949447077409296,0.011520737327189057,0.0,0.0,
2013-06-30,-0.0013173502937067205,,0.0008961434325798212,,-0.023212712684478443,-0.04769531385203063,0.005621975519499056,-0.0030511618824448083,0.0,0.0,-0.3130677580370632,-0.960225300420912,-0.9079584544450787,-0.9256574667781805,-0.004607870242373968,0.008482563619227168,-9.628205128205128,-9.142857142857142,-0.02183406113537112,0.0,0.0,0.003933910306844979,-0.02277904328018221,0.4282208588957055,0.0,
2013-09-30,-0.037397953008430185,,-0.03660857213707236,,-0.05025151300968422,0.02201215261142364,-3.498077512796924,-3.630830252430037,-3.705882352941176,-3.705882352941176,-0.27606559202650405,41.477984387334445,14.847766880244329,1.5166666666666666,-0.01165015584976703,0.10000000000000009,-0.8959881129271917,-0.9298245614035088,-0.0357142857142857,0.11965811965811968,0.0010373443983402453,0.003918495297805746,-0.01631701631701632,-0.8960481099656358,0.0,
2013-12-31,-0.016678473634542668,,-0.021643610344977193,,0.031553954371236204,-0.05539696036054098,-1.4811474868037129,-1.4597816679230533,-1.4565217391304348,-1.4565217391304348,11.197131100257662,-1.8277153326044335,-1.285737275322699,15.30024834437086,-0.19213888151629166,-0.05182667799490226,0.5999999999999999,1.9999999999999996,0.03356481481481466,-0.01526717557251911,13.455958549222798,0.0039032006245121043,0.05094786729857814,0.6033057851239669,0.0,
2014-03-31,0.006395841450421269,,0.005109191650443101,,0.019673335388968427,0.020230818199864498,-0.08904109589041098,-0.09183466925755002,-0.09523809523809523,-0.09523809523809523,0.05041587579848783,-1.1636050896145869,-1.7652707184625331,-2.2401387457022857,0.29495029043046994,0.0654121863799284,0.1696428571428572,0.16666666666666674,0.01903695408734607,0.03100775193798455,-0.5264874551971326,0.0038880248833592645,0.013528748590755368,0.18556701030927836,0.0,
2014-06-30,0.011726719947954267,,0.00928817528039727,,0.036471641913171426,-0.04837481423333301,0.6873343817997717,0.7110794124857913,0.736842105263158,0.6842105263157894,-0.8428375036019595,-2.815330426031533,-1.9393251076665878,-0.9139160988074957,0.019607294461995606,-0.001682085786375187,1.2748091603053435,1.0714285714285712,0.03516483516483526,-0.022556390977443663,-0.18318068276436317,0.0038729666924866013,0.026696329254727535,1.3347826086956522,0.0,
2014-09-30,-0.009741379488291013,,-0.010730995190492698,,-0.0018063087801194477,0.11875460483873801,-0.4015142809718977,-0.40962082036185543,-0.4242424242424243,-0.40625,2.821004984816364,-0.9064072303931863,-2.7467403079780235,-9.724180581323438,-0.16776809907768753,0.028643639427127443,2.3288590604026846,2.206896551724138,0.006369426751592355,0.0,-0.5648225372996015,0.0038580246913579863,0.007583965330444364,2.3817504655493487,0.0,
2014-12-31,0.07029286581816896,,0.08036907918737168,,-0.013313074089516097,-0.121970279433822,0.02212313862695736,0.022879710528638242,0.05263157894736836,0.05263157894736836,-0.4043955934101088,59.91326004038591,-4.876199573607996,-1.8815808845581299,0.17771626997431111,0.03521703521703512,-0.024193548387096753,-0.032258064516129004,-0.009493670886075889,0.023076923076922995,-0.7042163543441227,0.003843197540353671,-0.07849462365591409,-0.002753303964757703,0.0,
2015-03-31,0.001674957709275171,,0.0058362565088283525,,-0.03995187182781201,0.028376302718842394,-2.568804658637891,-2.6546882077608336,-2.65,-2.65,-2.188210710059668,-1.4275399793141856,-1.2519995114170548,-0.46813958954439183,0.08025723232577775,0.06803797468354422,-0.5681818181818181,-0.5666666666666667,-0.03833865814696502,0.08270676691729317,0.079913606911447,0.004594180704440953,-0.043173862310385114,-0.5654334621755936,0.0,
2015-06-30,-0.01851466299744342,,-0.02131097315540742,,0.008461648061144578,0.03624435099719081,-1.6932400250123067,-1.6590278049352782,-1.6666666666666665,-1.6666666666666665,-2.78462559857613,-1.1721209928234817,-0.5978015312182,-0.8733195329580872,0.009411669156457636,0.10888888888888903,-0.27751196172248793,-0.2564102564102564,0.006644518272425293,0.15277777777777768,1.626,0.004573170731707377,0.028048780487804903,-0.29351969504447273,0.0,
2015-09-30,0.005846012762320774,,0.0037502208225717037,,0.028049821955172582,-0.027870856500112784,0.15831190265996242,0.16316559854418866,0.13636363636363646,0.09090909090909083,-0.5981486318555632,-0.4126615478562061,-0.3144363318580329,-5.994767281740567,-0.04657078831724426,-0.00868403473613899,0.21192052980132448,0.13793103448275867,0.028602860286028653,-0.01807228915662651,0.3455191673013456,0.004552352048558417,0.022538552787663146,0.235611510791367,0.0,
2015-12-31,0.03181970494797026,,0.032817712609692906,,0.02597191718888281,0.035400897233817785,-0.19507911523486043,-0.20022106963693564,-0.19999999999999996,-0.16666666666666663,0.5218979899349019,15.052479078249902,-8.241950738106008,0.5221107190119101,-0.07434835771960668,-0.021563342318059342,0.002732240437158584,0.030303030303030276,0.011764705882353121,-0.04907975460122693,-0.16981132075471694,0.0045317220543807935,-0.004640371229698292,-0.010189228529839722,0.0,
2016-03-31,0.02933926359458483,,0.032484234076470386,,0.0014342055026224099,0.02507661835360886,0.016076243799016066,0.01660606833790479,0.0,0.0,-1.7184143090104316,-0.7151680531739248,-0.3890666431974199,-1.6171104268550383,0.04956632135960648,-0.11157024793388426,1.523160762942779,1.3823529411764706,0.02325581395348819,-0.1225806451612903,-0.11159090909090896,0.005263157894736636,-0.02680652680652673,1.5220588235294117,0.0,
2016-06-30,0.02141354433715703,,0.021726811370084365,,0.020862894709601676,0.05026127769853672,0.1767756573882744,0.18250648372793443,0.19999999999999996,0.19999999999999996,-1.808175250860221,0.38831502391345674,-0.05552263913769828,1.4220443783508787,0.11438231921261832,0.055813953488371926,0.009719222462202914,0.012345679012345734,0.024793388429751984,0.03676470588235281,-0.594781273983116,0.005235602094240788,0.0,0.008163265306122325,0.0,
2016-09-30,0.03297446322891595,,0.034427501049734355,,0.021972941293798787,0.03717469808377194,0.11472249001514934,0.11786762885139201,0.12500000000000022,0.12500000000000022,-3.655770045250886,1.4433769748783658,1.705779028603621,-1.3910050815553276,-0.040133504705833545,0.04992657856093996,0.0032085561497325887,-0.012195121951219634,0.017137096774193505,0.02127659574468077,0.025883838383838453,0.005208333333333259,-0.009580838323353436,-0.015615962984384057,0.0,
2016-12-31,0.003726253041295813,,0.00566072895788472,,-0.01612722122890753,-0.07524420207347038,-0.1530145787002718,-0.15676719091168,-0.11111111111111116,-0.14814814814814814,-2.8494760387945326,0.008682589325942791,-0.6750225482423282,1.4743693051509328,-0.10345721268436547,0.23496503496503496,0.021321961620469176,0.0,-0.018830525272547027,0.2152777777777779,0.19446153846153846,0.005181347150259086,-0.020556227327690357,0.021151586368977737,0.0,
2017-03-31,0.03723902636263032,,0.039767394746343276,,0.014680951987692925,-0.003178583926280232,0.013201079425279039,0.01358501895147679,-0.04166666666666663,0.0,-1.1615584474523195,-0.39615179712447013,1.3044251897569041,-2.655126631428643,0.19099455190529135,0.08154020385050975,0.017745302713987554,0.012345679012345734,0.015151515151515138,0.10285714285714276,0.04688304997424009,0.006627393225331346,-0.020987654320987703,0.02704257767548901,-0.20000000000000007,
2017-06-30,-0.008394859986630032,,-0.012466338816599642,,0.0353484559896835,0.07387362789170715,0.6619637201266917,0.6809581991188123,0.6956521739130435,0.6521739130434783,4.186241186550184,-1.9254504187550292,-1.3649737213675817,-1.7917089191929894,-0.12696287318761135,-0.06178010471204187,0.13435897435897437,0.12195121951219501,0.03482587064676612,-0.07772020725388595,-0.09104330708661423,0.006583760058522348,0.04539722572509475,0.14341736694677887,0.0,
2017-09-30,0.008603349627081425,,0.007384865984595201,,0.022383552238888438,-0.02463874275820732,-0.2540930353430353,-0.2584304310477743,-0.2564102564102565,-0.26315789473684204,-1.365673662830061,-1.4387728047225612,-1.3283724581613272,-1.0552804807330798,0.008039255662230849,-0.02008928571428592,0.000904159132007365,0.01086956521739113,0.023076923076922995,-0.050561797752809,-0.14347590687601508,0.006540697674418672,0.014475271411338975,0.024987751102400813,0.0,
2017-12-31,0.3983694091234824,,0.3778668940990315,,0.6556639568489868,0.15530328891426737,-1.7445779984321923,-1.7847362480693834,-1.6896551724137931,-1.7142857142857144,3.0252842066284025,-1.6328482882722768,-8.165020513599757,-3.460979827089337,-0.7656292087832278,0.10193621867881575,-0.4977416440831075,-0.4516129032258064,0.20488721804511267,0.0769230769230771,0.09228824273072056,0.006498194945848468,0.20214030915576697,-0.4282982791586998,0.0,
2018-03-31,-0.023179972628023515,,-0.025845766755602795,,-0.0018576182300492627,0.17705048377825183,-2.7970794096430174,-2.7150318881171818,-2.4000000000000004,-2.35,-1.3760307922151038,7.906973152100651,0.5315745198255324,-0.10932596374537451,4.621096109642345,0.006718346253229868,0.059352517985611586,0.11764705882352944,-0.0031201248049922414,-0.1648351648351648,0.6336805555555556,0.008608321377331585,0.021760633036597588,0.11956521739130421,0.0,
2018-06-30,0.015164398164801307,,0.01773104411795967,,-0.005325808603358739,0.0006093247221525822,-0.09801028489595764,-0.09968661723163841,-0.1071428571428572,-0.07407407407407418,-2.2147148910352383,-1.6619571540502491,-1.586658050818121,-3.313384170391796,0.030696474814571273,-0.03542094455852163,-0.15619694397283534,-0.10526315789473684,0.0015649452269170805,-0.03289473684210531,-0.08820403825717327,0.008534850640113723,-0.020329138431752214,-0.11277072442120983,0.0,
2018-09-30,-0.01073284807152064,,-0.01733107571852377,,0.04517339794533459,0.48856558339814393,2.269581428915083,2.3126976345140338,2.32,2.32,-1.703807686265664,-2.0916056986082134,-2.2207401276451115,-1.7686012412193959,-0.022890685298777247,-0.054816391697711464,0.857142857142857,0.9019607843137254,0.04921874999999987,-0.054421768707483054,0.14996114996115018,0.008462623413258097,0.05830039525691699,0.7247474747474747,0.25,
2019-03-31,0.011395803378311253,,0.00998743717367967,,0.02352187113460036,-0.3464512036673858,-0.6299750214285977,-0.6335877580165974,-0.6265060240963856,-0.6265060240963856,-1.7010267387024403,-1.101154887080253,-0.7135660838236906,4.692250813368826,-0.15960255264306655,-0.18806306306306309,0.3683640303358613,0.38144329896907214,0.05212211466865235,-0.2302158273381294,-0.5763513513513514,0.009790209790209614,0.012138188608776801,0.3513909224011713,0.0,
