Quarter end,Assets,Current Assets,Liabilities,Current Liabilities,Shareholders equity,Revenue,Earnings,Earnings available for common stockholders,EPS basic,EPS diluted,Cash from operating activities,Cash from investing activities,Cash from financing activities,Cash change during period,Cash at end of period,Price,ROE,ROA,Book value of equity per share,P/B ratio,P/E ratio,Cumulative dividends per share,Equity to assets ratio,Net margin,Asset turnover,Current ratio
1994-12-31,-0.057187959598352434,-0.05525104350908694,-0.08677773042138348,-0.06593876865702208,0.032858898013985005,0.13672553323940884,0.14671260407694509,0.14671260407694509,0.0769230769230771,-0.3265306122448979,-0.7533897608677788,-3.803232178605046,-3.398296300097501,11.10763293310463,0.0824203011239133,0.14556962025316444,-0.11255742725880546,-0.015037593984962294,0.030303030303030276,0.07299270072992692,0.07873134328358211,,0.09583501819652263,0.040103492884864256,-0.05128205128205132,0.011439114391143868
1995-03-31,-0.057187959598352434,-0.05525104350908694,-0.08677773042138348,-0.06593876865702208,0.032858898013985005,0.13672553323940884,0.14671260407694509,0.14671260407694509,0.0769230769230771,-0.3265306122448979,-0.7533897608677788,-3.803232178605046,-3.398296300097501,11.10763293310463,0.0824203011239133,0.14556962025316444,-0.11255742725880546,-0.015037593984962294,0.030303030303030276,0.07299270072992692,0.07873134328358211,,0.09583501819652263,0.040103492884864256,-0.05128205128205132,0.011439114391143868
1995-06-30,0.4756465718697771,-0.05525104350908694,0.49937994594400537,-0.06593876865702208,0.41178759694201417,0.13672553323940884,0.14671260407694509,0.14671260407694509,0.0769230769230771,-0.3265306122448979,-0.7533897608677788,-3.803232178605046,-3.398296300097501,11.10763293310463,0.9672827009730294,0.1049723756906078,-0.11255742725880546,-0.015037593984962294,0.24999999999999978,0.07299270072992692,0.07873134328358211,,-0.04354243542435432,0.040103492884864256,-0.05128205128205132,0.011439114391143868
1995-09-30,0.06449396214769054,-0.05525104350908694,0.077846826582604,-0.06593876865702208,0.026336521788428158,0.019899694471666507,0.09430812885995654,0.09430812885995654,0.03571428571428559,-0.3265306122448979,4.398200599800067,-0.4787107758518764,-0.5710849973039824,-0.20651673454931818,0.3718506224066389,0.04499999999999993,-0.11255742725880546,-0.015037593984962294,0.0235294117647058,-0.16326530612244894,0.07873134328358211,,-0.03587962962962954,0.040103492884864256,-0.05128205128205132,0.011439114391143868
1995-12-31,-0.10248090158514345,-0.05525104350908694,-0.07903529026468015,-0.06593876865702208,-0.17284216340796754,0.13260645934366555,-8.276235509456985,-8.276235509456985,-8.068965517241379,-0.3265306122448979,-0.20166666666666666,-1.6646193206561184,-2.2175639541844596,-2.0226298875200857,-0.2771916664650229,-0.014354066985645786,-0.11255742725880546,-0.015037593984962294,-0.1724137931034483,-0.03658536585365846,0.07873134328358211,,-0.07843137254901966,0.040103492884864256,-0.05128205128205132,0.011439114391143868
1996-03-31,0.06313587393829834,-0.05525104350908694,0.0717025134438336,-0.06593876865702208,0.034511423979072475,-0.02831078484701799,-1.1536695805295265,-1.1536695805295265,-1.15609756097561,-0.3265306122448979,-0.29552308049176523,-2.964877076593363,-1.941286854483177,-0.5264283531927895,-0.18161123478901298,0.03398058252427183,-0.11255742725880546,-0.015037593984962294,0.0277777777777779,0.24894514767932474,0.07873134328358211,,-0.026921406860616615,0.040103492884864256,-0.05128205128205132,0.011439114391143868
1996-06-30,-0.05875233058045859,-0.05525104350908694,-0.08773503613961986,-0.06593876865702208,0.04157160060456455,0.009008268707308309,0.03730986972239281,0.03730986972239281,0.03125,-0.3265306122448979,2.157501920755131,-1.7287847104021785,-2.305269480886923,-2.1523502304147466,0.2557216779498088,0.07042253521126751,-0.035375323554788674,-0.015037593984962294,0.04054054054054057,0.04054054054054057,0.07873134328358211,,0.1066488174921909,0.040103492884864256,0.05405405405405417,0.011439114391143868
1996-09-30,-0.032705916027499615,-0.05525104350908694,-0.05528726355078262,-0.06593876865702208,0.03575573008494959,0.0006158889160354786,0.03425828511309836,0.03425828511309836,0.030303030303030276,-0.3265306122448979,-0.43609218576195774,-0.499961869173133,-0.4847100410177744,-0.3889466528033272,0.12443807414163799,0.09649122807017552,-0.02951699463327373,-0.015037593984962294,0.025974025974025983,0.05519480519480524,0.07873134328358211,,0.07096774193548394,0.040103492884864256,0.0512820512820511,0.011439114391143868
1996-12-31,0.04583947989662818,-0.05525104350908694,0.045542794722029045,-0.06593876865702208,0.046659898979894976,0.07082941221354622,0.022696929238985364,0.022696929238985364,0.02941176470588225,-0.3265306122448979,0.2543381106487903,-2.6880373653607856,-1.7720165674346364,0.544109947643979,0.17088185874036732,0.09200000000000008,-2.190783410138249,-2.236641221374046,0.05063291139240489,0.06461538461538452,0.07873134328358211,,0.0007530120481926694,0.040103492884864256,0.024390243902439046,0.011439114391143868
1997-03-31,0.10586218947780979,-0.05525104350908694,0.13005968246899724,-0.06593876865702208,0.03902063989591342,-0.019281835931005298,0.1278130050976003,0.1278130050976003,0.11428571428571432,-0.3265306122448979,-0.29031623952625496,1.7199986447722089,1.898635281494149,-4.311943714503688,-0.4833545705343115,-0.02564102564102555,0.015479876160990669,0.040123456790123635,0.03614457831325302,-0.07514450867052014,0.07873134328358211,,-0.06057185854025571,0.040103492884864256,0.0,0.011439114391143868
1997-06-30,0.3557071846842472,-0.05525104350908694,0.39008774893510867,-0.06593876865702208,0.25241526645720436,0.15469120852506668,0.14788887663984118,0.14788887663984118,0.0,-0.3265306122448979,1.3125476075064055,-1.701455292823185,-2.308221317354186,-1.2444780015868546,0.7183803457688809,0.13533834586466154,-0.009908536585366057,-0.035608308605341255,0.09302325581395343,0.09687499999999982,0.07873134328358211,,-0.0760913095714858,0.033582089552238736,-0.0714285714285714,0.011439114391143868
1997-09-30,0.08469716562401697,-0.05525104350908694,0.09874173006777687,-0.06593876865702208,0.0378637879240058,-0.0005495289152886995,0.11346938775510207,0.11346938775510207,0.10256410256410242,-0.3265306122448979,-0.0744112230689764,-1.377454984550911,-1.0106993956167847,-0.9504815745393634,0.006591140281203334,0.14569536423841067,0.01231716705157826,-0.03692307692307695,0.03191489361702127,0.04843304843304863,0.09927360774818395,,-0.04334633723450365,0.054151624548736566,-0.07692307692307698,0.011439114391143868
1997-12-31,0.17168431688685937,-0.05525104350908694,0.18552006638696694,-0.06593876865702208,0.12284099915778346,0.2228116933537596,0.23533724340175954,0.23533724340175954,0.2325581395348839,-0.3265306122448979,-0.8048559550961647,1.1472054949190817,57.67768595041322,35.23890063424947,0.23729165513040584,-0.037572254335260125,0.04562737642585546,-0.009584664536741228,0.09278350515463929,-0.06793478260869568,-0.09314033983637515,,-0.041685545990031825,0.06392694063926951,-0.08333333333333326,0.011439114391143868
1998-03-31,-0.03179576135345863,-0.05525104350908694,-0.03781655922288918,-0.06593876865702208,-0.00935450533308202,-0.06010825802066999,-0.05219060918135798,-0.05219060918135798,-0.037735849056603765,-0.3265306122448979,5.864472811671088,-0.6124610182365271,-1.2534859154929578,-1.364331135873053,-0.06987256229231231,0.22222222222222232,0.009454545454545382,-0.01935483870967747,-0.009433962264150941,0.11953352769679282,0.09576682859125607,,0.023167848699763738,0.027896995708154515,-0.030303030303030276,0.011439114391143868
1998-06-30,0.11640744066942621,-0.05525104350908694,0.13569996016394037,-0.06593876865702208,0.04656463607148531,0.1365487220126429,0.05598526703499074,0.05598526703499074,-0.33333333333333326,-0.3265306122448979,-1.0191878086773816,0.23588941446959266,-2.38113626892624,1.7950360288230582,-0.2099672809507771,0.13267813267813278,0.029538904899135465,-0.003289473684210509,0.028571428571428692,0.14322916666666652,0.07093096896770112,,-0.06238447319778195,0.008350730688935437,-0.03125,0.011439114391143868
1998-09-30,0.04236169394876921,-0.05525104350908694,0.04392506392074247,-0.06593876865702208,0.036219945231861894,-0.005388471177944831,0.00708057202650858,0.00708057202650858,0.02941176470588225,0.030303030303030276,-64.81560730018879,1.7700670936261056,1.0594399967815908,-2.267545116012604,0.3368759230780942,0.058568329718004186,0.005598320503848786,-0.01320132013201325,0.03703703703703698,0.029612756264236983,0.0014784151389708455,,-0.005914243469689495,-0.010351966873705987,0.0,0.011439114391143868
1998-12-31,-0.03389970743670179,-0.05525104350908694,-0.06061540869792792,-0.06593876865702208,0.07183418821414,0.09541485350985157,0.02452117895611816,0.02452117895611816,0.05714285714285716,0.11764705882352944,-0.33740619113832926,-0.8579276784780443,-1.5628278132111775,-1.7341920903954802,-0.18500717523518828,0.040983606557376984,-0.02783576896311768,-0.013377926421404673,0.0714285714285714,0.004424778761062065,0.0,,0.10956866633614282,-0.03138075313807531,0.032258064516129004,0.011439114391143868
1999-03-31,0.12319589686378474,-0.05525104350908694,0.13896901619864477,-0.06593876865702208,0.06848408834078246,-0.005747940002005403,0.129644028261384,0.129644028261384,0.10810810810810811,0.026315789473684292,-0.450936909315513,6.068735712348405,-3.697903651256421,-1.6105639005171142,0.13860085525028643,0.1082677165354331,-0.0014316392269146938,-0.006779661016949157,0.06666666666666665,0.03303964757709266,0.08680248007085933,,-0.048704200178731005,0.003239740820734305,0.0,0.011439114391143868
1999-06-30,0.19963274762938,-0.05525104350908694,0.21712293282896078,-0.06593876865702208,0.1349629144390676,0.01816218717464224,0.027591572899209993,0.027591572899209993,-0.31707317073170727,-0.3076923076923077,0.8772058225583477,-0.29053865169894266,-0.7353535223588741,-2.919439403105465,-0.23365162747312096,0.056838365896980436,-0.030824372759856833,-0.03412969283276457,0.1328125,-0.008528784648187626,0.010323281716924537,,-0.054015969938938535,0.02260495156081821,-0.0625,0.011439114391143868
1999-09-30,-0.05067296590603565,-0.05525104350908694,-0.05090017108216094,-0.06593876865702208,-0.04977206229397402,0.027417174553971968,0.025016017240375055,0.025016017240375055,0.03571428571428559,0.03703703703703698,-0.305969502685843,0.7671441374621424,3.718323894708699,-1.707254294269055,0.21563445923221058,-0.1394957983193278,-0.0014792899408282434,-0.0035335689045936647,-0.04137931034482767,-0.24086021505376354,-0.1820381823070717,,0.0009930486593843213,0.01684210526315799,-0.033333333333333326,0.011439114391143868
1999-12-31,0.04827358196365328,-0.05525104350908694,0.043076470202631834,-0.06593876865702208,0.06885646771140719,0.0619231390874575,-0.007955223456544647,-0.007955223456544647,-0.0344827586206895,0.0714285714285714,-0.5083328131826976,-1.110381462454913,-1.2278262571731762,-0.6545603089720737,0.0612755754054517,0.041015625,-0.011111111111111072,-0.028368794326241065,0.06474820143884896,0.08498583569405116,-0.011176857330703616,,0.01984126984126977,0.013457556935817738,-0.0344827586206895,0.011439114391143868
2000-03-31,0.1792138229104454,-0.05525104350908694,0.21135633745299032,-0.06593876865702208,0.05498544475974687,0.058480484698305135,0.2359882005899705,0.2359882005899705,0.24999999999999978,0.13333333333333353,-7.312047733908849,-1.8888976908147503,-4.746647975218758,-2.2683293915287033,-0.07323037962112366,-0.018761726078799223,0.019475655430711614,-0.018248175182481785,0.05405405405405417,-0.07832898172323766,-0.060172872340425454,,-0.10554474708171202,0.02757916241062297,-0.0357142857142857,0.011439114391143868
2000-06-30,-0.04233250917689535,-0.05525104350908694,-0.053154523397884734,-0.06593876865702208,0.005693280486808838,0.050534558352379744,0.04333016660101485,0.04333016660101485,0.05714285714285716,0.0588235294117645,-2.690144810941271,-7.39310221905356,-3.4001858747276756,-0.6368876080691643,-0.028691983122362874,0.3403441682600381,0.0521675238795003,0.040892193308550207,0.0064102564102563875,0.2719546742209633,0.2500884329678106,,0.050027188689505175,0.021868787276342116,0.0,0.011439114391143868
2000-09-30,0.01785678237575139,-0.05525104350908694,0.007037658097638566,-0.06593876865702208,0.06306028461616209,-0.024601737610281615,-0.006329535611966142,-0.006329535611966142,-0.027027027027027084,-0.02777777777777779,-0.330576512681375,-1.066018930259141,-0.6533297462020828,-10.99719887955182,0.29531256464358124,0.269614835948645,0.012569832402234526,0.014285714285714235,0.0573248407643312,0.26280623608017817,0.18053197509903773,,0.04453650958052813,0.024319066147859836,0.0,0.011439114391143868
2000-12-31,-0.08436024115383012,-0.05525104350908694,-0.11009235907915638,-0.06593876865702208,0.017485606088309735,0.0698984955279438,-0.014460685709177024,-0.014460685709177024,0.0,0.0,0.8532676001256199,17.009396114864863,-0.0045547843367639285,-0.7698234799663771,0.052476923568303135,-0.006741573033707926,0.0193103448275862,0.04225352112676051,0.012048192771084265,-0.059964726631393295,-0.05824544582933844,,0.1110560237977194,0.017094017094017033,0.03703703703703698,0.011439114391143868
2001-03-31,0.009089883859141556,-0.05525104350908694,-0.00290269500037843,-0.06593876865702208,0.05060411861298708,0.0444819262692111,0.15126431568205012,0.15126431568205012,0.13888888888888884,0.14285714285714302,-0.7780140233979083,0.21614444411876788,-1.8839190085173663,-4.390139987827146,-0.16903374605486765,-0.044117647058823595,0.008119079837618504,0.07094594594594583,0.04761904761904767,-0.05628517823639767,-0.07839144820565025,,0.041499330655957234,0.007469654528478031,0.03571428571428559,0.011439114391143868
2001-06-30,-0.12172360286736139,-0.05525104350908694,-0.17278540896371697,-0.06593876865702208,0.04603278618735129,0.04127231710111201,0.024111100167438115,0.024111100167438115,0.024390243902439046,0.02499999999999991,0.6948825418773135,-1.375298858553139,-2.6462243543773747,-0.749670855774985,-0.050921529958853795,0.07928994082840246,-0.00604026845637573,0.0851735015772872,0.045454545454545414,0.029821073558647937,0.035073184203258556,,0.1906598114824336,0.004633920296570837,0.10344827586206917,0.011439114391143868
2001-09-30,0.056009263712218926,-0.05525104350908694,0.06613862139456095,-0.06593876865702208,0.029692184144449296,-0.01157949078168441,0.012310296408855725,0.012310296408855725,-0.33333333333333326,-0.3414634146341463,-0.1430647381749579,-4.527678594364099,-1.9443807425581454,-4.535261773846521,0.18967971986711651,0.026315789473684292,0.005401755570560329,0.08430232558139528,0.02717391304347827,-0.01737451737451734,-0.00773745997865527,,-0.0248290752069088,0.0064575645756457245,0.0625,0.011439114391143868
2001-12-31,0.017981806076206697,-0.05525104350908694,-0.024655584789583185,-0.06593876865702208,0.13267896680008562,0.06328062623482089,0.0038951908643523048,0.0038951908643523048,0.0,0.03703703703703698,0.5291008439195153,-1.008133751793139,-1.599606589363067,1.9305517987557481,0.46724024538818987,0.019230769230769162,-0.0208193418401611,0.05630026809651478,0.11640211640211628,-0.007858546168958758,-0.016402258671685876,,0.11254612546125453,0.00916590284142993,0.0588235294117645,0.011439114391143868
2002-03-31,0.030858611840649086,-0.05525104350908694,0.021441506680984768,-0.06593876865702208,0.052672376943045496,0.2721606648199446,0.23240716205473744,0.23240716205473744,0.2142857142857142,0.1785714285714286,-0.6980277963331669,3.090420769919427,-0.5305243611283048,-0.9398435516994715,0.01915672212098052,0.13312368972746347,0.003429355281207025,0.07614213197969555,0.04739336492891,0.013861386138613874,0.08447238928376177,,0.02122719734660028,-0.02270663033605813,0.08333333333333348,0.011439114391143868
2002-06-30,0.016457185017932252,-0.05525104350908694,0.00685466338593721,-0.06593876865702208,0.03804053142144115,0.000788064463040028,0.023528327676500815,0.023528327676500815,0.02941176470588225,0.030303030303030276,2.3195739014647137,-30.630444298533597,-4.1234060987324135,18.03874184886843,0.357864378672627,-0.06105457909343204,0.0034176349965824304,0.03537735849056611,0.03167420814479627,-0.103515625,-0.11267960675573474,,0.021435531016563703,-0.010223048327137607,0.0512820512820511,0.011439114391143868
2002-09-30,0.01596981479067372,-0.05525104350908694,0.01919228406097484,-0.06593876865702208,0.008944355105439117,0.005132616306097404,-0.007412409032935718,-0.007412409032935718,-0.02857142857142847,0.0,-0.41253574524798464,-0.35175781033597653,-0.3103943171059693,-0.40282870612886323,0.15738415220173207,-0.17142857142857149,0.002043596730245234,0.036446469248291535,0.013157894736842257,-0.196078431372549,-0.21676136363636367,,-0.0069952305246422375,-0.017840375586854473,0.04878048780487809,0.011439114391143868
2002-12-31,0.13640964582247506,-0.05525104350908694,0.18337103358222162,-0.06593876865702208,0.032986963807822844,0.05221088863439016,0.03139786246617593,0.03139786246617593,0.0588235294117645,0.0588235294117645,2.1374639325124996,1.361753646308113,0.2147554171986219,-0.687246963562753,0.04252898347930212,-0.1426872770511296,0.027872195785180187,0.008791208791208982,0.030303030303030276,-0.1544715447154471,-0.1889735219441422,,-0.09093820044828704,-0.009560229445506718,0.023255813953488413,0.011439114391143868
2003-03-31,0.00863170466732055,-0.05525104350908694,-0.010469013904901181,-0.06593876865702208,0.056821010806661354,0.05776536530011467,0.08735416544527164,0.08735416544527164,0.08333333333333348,0.05555555555555558,-0.5013759793322288,-0.37834923468464665,-0.4920276136110051,-5.862783171521036,-0.19837263849955333,0.09986130374479885,0.0,-0.008714596949891185,0.050420168067226934,0.06730769230769229,0.03533094812164572,,0.04755195491370201,0.004826254826254761,0.0,0.011439114391143868
2003-06-30,0.02007458253275729,-0.05525104350908694,0.008806944388739968,-0.06593876865702208,0.04669174882566529,0.04398174977173075,0.057286892758936725,0.057286892758936725,0.0512820512820511,0.05263157894736836,-0.7235026609973813,-1.4173677511486402,-1.5362780942663605,-3.41776476329917,0.5983058942364172,0.036569987389659664,0.005952380952380931,0.0,0.04400000000000004,-0.012012012012012074,0.0,,0.02622730329522538,0.0019212295869357465,0.0,0.011439114391143868
2003-09-30,0.08242923552814552,-0.05525104350908694,0.10122840866948946,-0.06593876865702208,0.039627937804971536,0.07776311068689368,0.025166373441444234,0.025166373441444234,0.024390243902439046,0.02499999999999991,4.657916847009701,-5.554577235621176,-5.708664746452448,-1.8207050317466145,-0.30722070142779123,0.15815085158150843,0.005259697567389754,-0.00879120879120876,0.03831417624521083,0.10942249240121571,0.11144708423326133,,-0.039646133682830875,-0.007670182166826578,0.0,0.011439114391143868
2003-12-31,0.006060481817927066,-0.05525104350908694,-0.010757569301086511,-0.06593876865702208,0.046620049947164954,-0.0057119384160834175,0.01942496144854,0.01942496144854,-0.023809523809523836,0.024390243902439046,-0.4845517626200354,-0.8955095608363971,-1.3495931309276614,-1.0119176719174483,0.005285024441998631,-0.031512605042016695,-0.0019620667102681066,0.015521064301551979,0.04428044280442811,-0.06849315068493156,-0.07539836766420527,,0.04025929716820187,0.0028985507246377384,0.0,0.011439114391143868
2004-03-31,0.09906150044876916,-0.05525104350908694,0.12029474507948867,-0.06593876865702208,0.05066123952635859,0.1844271356466478,0.13204186693341802,0.13204186693341802,0.1707317073170731,0.11904761904761907,0.12762558273532032,7.141894267963897,-5.706135422352072,4.232645403377111,0.027509271679949432,0.026030368763557465,0.013106159895150515,0.0065502183406114245,0.0459363957597172,-0.01764705882352946,-0.01218999579655311,,-0.04394883568383079,-0.015414258188824692,0.022727272727272707,0.011439114391143868
2004-06-30,0.009876877044282306,-0.05525104350908694,-0.004874706478905755,-0.06593876865702208,0.04573103853191318,0.009109527669923567,0.024095346882475832,0.024095346882475832,0.02083333333333326,0.02127659574468077,0.4541168273139009,-1.043032890143035,-1.618660544950949,3.371817855862316,0.11704568362243584,-0.007399577167019111,0.0032341526520052177,0.002169197396963085,0.04391891891891886,-0.050898203592814384,-0.06000000000000005,,0.035334476843911,-0.012720156555772966,0.022222222222222143,0.011439114391143868
2004-09-30,0.0302691325010922,-0.05525104350908694,0.025516507950989142,-0.06593876865702208,0.04126152434329389,0.012762943700978857,-0.028168865879579896,-0.028168865879579896,-0.04081632653061229,-0.02083333333333337,-0.39688320262377474,2.446414631426341,-1.2329174224922672,7.9120807020421555,0.933820875513466,-0.051118210862619806,-0.010960670535138495,-0.0021645021645020357,0.04207119741100329,-0.09148264984227128,-0.09370755998189229,,0.010934393638170947,-0.01189296333002976,0.0,0.011439114391143868
2004-12-31,0.016224734993126155,-0.05525104350908694,0.015018768227263779,-0.06593876865702208,0.018971850170621973,-0.07300118777489473,0.05517719284948619,0.05517719284948619,0.06382978723404253,0.042553191489361764,0.0,0.0,0.0,-0.5310633598674827,0.1467908865889589,0.04264870931537579,0.003911342894393766,0.006507592190889255,0.03105590062111796,0.003472222222222321,0.00899100899100902,,0.0026220911176664252,0.01604814443330005,0.0,0.011439114391143868
2005-03-31,-0.2259957208032255,-0.05525104350908694,-0.32874961311595763,-0.06593876865702208,0.007163017631263591,0.09566155342779159,0.42659538444173095,0.42659538444173095,0.43999999999999995,0.44897959183673475,0.1845636398947721,-6.279543101216671,8.367815547770098,0.9977726318268343,0.3944784907590573,0.034445640473627526,0.09220779220779218,0.17456896551724155,0.01807228915662651,0.0,-0.0034653465346534684,,0.3010787839163125,0.11154985192497535,0.04347826086956519,0.011439114391143868
2005-06-30,-0.08206960726476042,-0.05525104350908694,-0.13175260249920828,-0.06593876865702208,-0.006933971815760498,0.02395608325437726,-0.18003107332441415,-0.18003107332441415,-0.16666666666666663,-0.16901408450704225,-0.13927041025449938,-1.9789530458019478,-2.4860891406854098,-1.7522016100117388,-0.21278733076940182,0.08116545265348618,0.029726516052318797,0.11743119266055047,0.00887573964497057,0.0622837370242213,-0.039741679085941395,,0.08190954773869352,0.031083481349911013,0.08333333333333348,0.011439114391143868
2005-09-30,0.026306118025546166,-0.05525104350908694,0.06601732591010556,-0.06593876865702208,-0.026200815476111528,0.015273587802807187,-0.009280945989806777,-0.009280945989806777,0.0,0.016949152542372836,0.21470687550325973,-2.6437376741274066,-0.9867895717705952,1.5632945693409686,-0.6928707205879499,0.07025986525505279,0.04849884526558901,0.12972085385878485,-0.008797653958944385,0.061889250814332275,0.018106570098292973,,-0.051091500232233966,0.031869078380706295,0.09615384615384603,0.011439114391143868
2005-12-31,-0.012005423281635008,-0.05525104350908694,-0.011464849757580775,-0.06593876865702208,-0.012787867140706566,0.06588081787583588,0.33236525912218107,0.33236525912218107,0.3666666666666667,0.3333333333333335,0.43154780997184505,-1.125798907619998,32.452439181361825,-1.0178390385311005,0.24625746352284028,-0.011690647482014316,0.125,0.2209302325581397,0.020710059171597628,-0.0030674846625766694,-0.06554878048780488,,-0.0007342143906020615,0.06176961602671116,0.1578947368421053,0.011439114391143868
2006-03-31,0.008219036094945453,-0.05525104350908694,0.03700371819610404,-0.06593876865702208,-0.033500693503775714,0.017040822856125404,-0.22771073127940666,-0.22771073127940666,-0.20731707317073167,-0.20000000000000007,-0.05164335612107207,-2.239947922974446,-0.6604089390977791,1.8993288590604025,-0.055748968252138376,-0.02456778889899902,-0.02496328928046998,-0.02857142857142858,-0.017391304347826098,-0.043076923076923124,-0.1364872213159326,,-0.04139113397011995,-0.07232704402515733,0.045454545454545414,0.011439114391143868
2006-06-30,0.06274318850480887,-0.05525104350908694,0.09975367098765542,-0.06593876865702208,0.005188121869670992,-0.0031650417446300594,0.012546144512997959,0.012546144512997959,0.030769230769230882,0.03125,-0.5116319362409236,4.550435865504359,-4.498872610671109,-3.6002758077226162,-0.25782444146013916,0.013059701492537101,0.025100401606425793,-0.013480392156862808,0.014749262536873031,0.02893890675241173,0.04030226700251882,,-0.05416453755748607,-0.015254237288135575,0.0,0.011439114391143868
2006-09-30,-0.04731172294260977,-0.05525104350908694,-0.0878316110967714,-0.06593876865702208,0.021628887497390892,0.05794746966923614,-0.06442648446064814,-0.06442648446064814,-0.059701492537313494,-0.045454545454545525,0.8178309574490958,-1.721730962970784,-2.5488406735751292,-1.3583226001969846,0.1244777238960646,0.03959484346224684,-0.0004897159647403448,-0.007453416149068359,0.026162790697674465,0.02499999999999991,0.012711864406779627,,0.07239330091842255,-0.03872633390705682,0.02898550724637694,0.011439114391143868
2006-12-31,0.006955181503976338,-0.05525104350908694,0.017367846848562518,-0.06593876865702208,-0.008862784965709358,0.03561988508877745,-0.03762444589782721,-0.03762444589782721,-0.015873015873015928,-0.04761904761904767,0.07862630181381625,-1.160547257161492,-0.7589748307483869,-0.23718152024526906,0.08444267599782318,0.11337466784765282,-0.08623223909848121,-0.09637046307884856,0.0056657223796034994,0.08536585365853666,0.1010161386730426,,-0.01586901763224191,-0.11369740376007154,0.028169014084507005,0.011439114391143868
2007-03-31,0.02499757165158134,-0.05525104350908694,0.03993865110153849,-0.06593876865702208,0.0016997702032715,0.01809907150210277,0.07189511638004276,0.07189511638004276,0.08064516129032273,0.10000000000000009,-0.06543813669908871,2.671963095848283,-1.3334894776106456,0.07178989675005187,0.08345743762410418,0.04773269689737458,-0.01072386058981234,-0.016620498614958512,0.016901408450704203,0.042134831460674205,0.13029315960912036,,-0.022779626311748236,-0.03232323232323242,0.013698630136986356,0.011439114391143868
2007-06-30,0.014178610257317814,-0.05525104350908694,0.03253375421172877,-0.06593876865702208,-0.015535375111380034,-0.0322145218337585,-0.046907883729735866,-0.046907883729735866,-0.02985074626865669,-0.030303030303030276,-0.2359505077705616,-0.9411253799863515,-2.2144157735927585,3.665287386047715,0.3593615378868995,0.059225512528473745,-0.021138211382113803,-0.021126760563380143,0.0027700831024930483,0.040431266846361114,0.050912584053794285,,-0.029072812991094765,-0.03862212943632559,0.013513513513513598,0.011439114391143868
2007-09-30,-0.027177768487133602,-0.05525104350908694,-0.04069851043796513,-0.06593876865702208,-0.004221157375549622,-0.005413782818251445,0.11677260800473044,0.11677260800473044,0.12307692307692308,0.140625,0.4315956785146622,-9.07086406743941,6.967549853278214,-2.297555364616536,-0.34302242510615377,-0.08172043010752683,0.032115171650055396,0.020143884892086295,0.0,-0.08290155440414504,-0.07449725776965266,,0.023469112489884036,0.02062975027144409,0.0,0.011439114391143868
2007-12-31,0.8869249924218761,0.4009560091815272,1.407317382427995,0.3715516655547624,0.03572734551100143,-0.7029189424978296,-0.2030941054808687,-0.2030941054808687,-0.1917808219178082,-0.21917808219178092,-0.056672083930036865,-47.14349751389931,-12.68130630327893,-3.9905691612641383,1.4871182886841696,0.03044496487119419,-0.025751072961373356,-0.1988716502115656,0.035911602209944826,0.031073446327683607,-0.008395061728395103,,-0.45097522403795465,0.19042553191489353,-0.31999999999999995,0.021433783290769615
2008-03-31,-0.11193651865608645,-0.30756422454804944,-0.16536944237125495,-0.27277570591369205,0.09120389136603158,2.7568325599802694,2.4154849158067395,2.4154849158067395,2.3898305084745766,2.491228070175439,0.09168443496801704,-1.1695316893396634,-1.1500498018053844,-0.1678690304424223,0.5224215246636772,-0.020454545454545392,0.45099118942731264,0.31338028169014076,0.09600000000000009,-0.05479452054794509,-0.009462151394422191,,0.22851656265002407,0.4575513851653261,-0.0980392156862745,-0.04786141619787465
2008-06-30,-0.03973384030418248,-0.1305393335623497,-0.07332652018395502,-0.17582417582417587,0.05794947994056465,-0.011450381679389277,-0.6990881458966565,-0.6990881458966565,-0.6950000000000001,-0.6984924623115578,-0.9635416666666666,-1.0027816411682893,-0.5383435582822086,-2.2703862660944205,-0.43593519882179677,-0.036349574632637216,-0.05730550284629987,-0.10723860589812328,0.055961070559610526,-0.12173913043478268,-0.36249371543489195,,0.10160218835482593,-0.041692213366033126,-0.0652173913043479,0.054956391259495474
2008-09-30,-0.05088101366066122,-0.029632556301857016,-0.06079404466501237,-0.19199999999999995,-0.0256320224719101,-0.16602316602316602,-0.21212121212121215,-0.21212121212121215,-0.21311475409836067,-0.19999999999999996,14.142857142857142,-238.5,0.3156146179401993,-1.625,0.48302872062663194,-0.0200642054574639,-0.10024154589371981,-0.13963963963963977,-0.0023041474654377225,-0.07260726072607249,-0.009463722397476282,,0.026605179141539592,-0.044785668586052485,-0.11627906976744184,0.20090674726642366
2008-12-31,-0.026804338756779345,-0.126628664495114,-0.011155144576544873,0.12596259625962603,-0.06522522522522523,-0.024074074074074026,-0.1923076923076923,-0.1923076923076923,-0.16666666666666663,-0.16666666666666663,0.4056603773584906,-1.3263157894736843,-0.19191919191919193,-2.762162162162162,-0.528169014084507,-0.23587223587223594,-0.06666666666666665,0.005235602094240788,-0.03926096997690531,-0.23487544483985767,-0.18391719745222934,,-0.03939184519695915,-0.19557937039517748,0.26315789473684204,-0.22429491450144345
2009-03-31,0.0005358482477761939,0.019580419580419672,-0.016179308297461725,-0.0034196384953590897,0.04394757131842719,-0.009487666034155628,0.6349206349206349,0.6349206349206349,0.6499999999999999,0.6499999999999999,0.5570469798657718,-0.7354838709677419,-0.64375,-1.2361963190184049,0.2873134328358209,-0.082529474812433,-0.39789069990412285,-0.3784722222222222,0.04567307692307687,-0.041860465116279055,-0.03707317073170735,,0.04352517985611515,-0.36136552872606154,-0.02083333333333337,0.023093806660940963
2009-06-30,-0.015638389031705224,-0.052126200274348444,-0.04133977066988537,-0.12696078431372548,0.04726735598227472,-0.011494252873563204,0.35922330097087385,0.35922330097087385,0.36363636363636354,0.36363636363636354,-0.31034482758620685,-22.390243902439025,0.9298245614035088,9.61038961038961,2.3681159420289855,0.20210280373831768,0.12022292993630579,0.14525139664804487,0.05517241379310356,0.15048543689320382,0.9483282674772038,,0.06377111340916919,0.1890482398956974,-0.04255319148936165,0.08571961570748976
2009-09-30,-0.010228509249183948,-0.0376266280752533,-0.027069562480327325,-0.10780460415496906,0.027503526093088926,-0.03875968992248058,-0.1785714285714286,-0.1785714285714286,-0.16666666666666674,-0.1777777777777778,0.4750000000000001,-1.1368301026225769,-0.050000000000000044,-1.1138310893512853,-0.08003442340791733,0.14285714285714302,0.08315565031982963,0.11219512195121961,0.030501089324618924,0.08016877637130793,0.0026001040041601087,,0.03823720025923527,0.11951754385964897,0.0,0.07860824742268058
2009-12-31,-0.07893579595426559,-0.3598997493734336,-0.1342607570365577,-0.26935179358086847,0.038435140700068704,0.017137096774193505,0.026086956521739202,0.026086956521739202,0.026666666666666616,0.027027027027026973,-0.0847457627118644,-0.6416666666666666,3.205741626794258,6.591397849462366,-0.6604303086997194,0.010204081632653184,0.0879265091863517,0.16008771929824572,0.05073995771670181,-0.01953125000000011,-0.08713692946058094,,0.12734082397003754,0.14397649363369247,0.0,-0.12393468737554758
2010-03-31,-0.00823585581284314,-0.02584181675802666,-0.03008221225710017,-0.1472868217054264,0.030403172504956943,-0.0009910802775024985,0.025423728813559254,0.025423728813559254,0.025974025974025983,0.03947368421052633,0.18981481481481488,-0.2325581395348837,-0.8054607508532423,-1.075070821529745,0.1460055096418733,0.013468013468013407,0.001809408926417344,0.06805293005671076,0.028169014084507227,-0.03585657370517925,-0.10568181818181821,,0.039036544850498345,0.046232876712328785,0.022222222222222143,0.1424674970451858
2010-06-30,-0.015284631122878811,-0.0787781350482315,-0.025043344249662924,-0.1454545454545455,0.0009621552277101486,0.01388888888888884,0.04958677685950419,0.04958677685950419,0.06329113924050622,0.05063291139240489,-0.35019455252918286,0.303030303030303,0.18128654970760238,-2.4716981132075473,-0.1875,0.04069767441860472,-0.048765803732691126,0.001769911504424737,0.017612524461839474,0.012396694214876103,-0.001905972045743276,,0.016253663735678048,-0.023731587561374834,0.021739130434782483,0.07798822218685353
2010-09-30,0.052798826692740164,0.5122164048865621,0.0642165579924916,0.31678486997635935,0.03428388337071442,0.0029354207436398383,0.03937007874015741,0.03937007874015741,0.04761904761904767,0.048192771084337505,0.5029940119760479,0.4883720930232558,-2.0792079207920793,-6.1923076923076925,1.198224852071006,-0.0031923383878690315,0.008860759493670711,0.051236749116607694,0.044230769230769074,-0.020408163265306256,0.01909611712285164,,-0.017566858940744723,0.026823134953897654,0.042553191489361764,0.14845710910970022
2010-12-31,-0.038657998606918986,-0.18234275822273516,-0.06201262532491647,-0.20017953321364457,0.0003097893432466581,0.05170731707317078,-0.12121212121212122,-0.12121212121212122,-0.10227272727272718,-0.10344827586206895,0.1832669322709164,-1.609375,-3.36697247706422,-1.4444444444444444,-0.2422611036339165,0.13851080864691756,-0.019447929736511882,-0.001680672268907446,0.018416206261510304,0.09166666666666679,0.0930668332292317,,0.04056578596210314,-0.020408163265306145,0.020408163265306145,0.022240791926464
2011-03-31,-0.002898200700398479,-0.050105857445306934,0.013262074425969939,0.06172839506172845,-0.028182099721275944,-0.0278293135435993,-0.03448275862068961,-0.03448275862068961,-0.025316455696202556,-0.02564102564102566,-0.047138047138047146,-3.8461538461538463,-0.5775193798449613,-0.7444444444444445,-0.08170515097690945,0.06962025316455689,-0.019833653230966086,-0.01683501683501687,-0.012658227848101333,0.04961832061068705,0.06342857142857139,,-0.02539112592972559,-0.02749999999999997,0.0,-0.10532603911211724
2011-06-30,0.01683420128375923,0.1315007429420505,0.03731197499511629,0.2198731501057083,-0.016571064372211564,0.016221374045801484,-0.1964285714285714,-0.1964285714285714,-0.18181818181818188,-0.1842105263157895,0.0,0.0,0.0,-4.434782608695652,0.3056092843326885,0.03024326101249164,-0.07375979112271547,-0.08047945205479456,-0.001831501831501825,0.043636363636363695,0.03976356797420744,,-0.032631578947368456,-0.0856898029134533,0.0,-0.07239246556086587
2011-09-30,0.006550738446879478,-0.20485883125410376,-0.002071563088512196,-0.09705372616984398,0.021386908619572154,-0.00187793427230043,0.4111111111111112,0.4111111111111112,0.4285714285714286,0.435483870967742,-0.07067137809187274,3.1621621621621623,-0.10550458715596334,-3.4936708860759493,-0.5837037037037037,-0.0893426930440332,-0.0049330514446793705,-0.007448789571694592,0.025688073394495303,-0.08710801393728218,-0.02635658914728689,,0.014689880304679104,-0.019681349578256846,0.020000000000000018,-0.11941203212607987
2011-12-31,0.011477931605727187,0.11973575557390581,-0.0016984336667296152,0.32821497120921306,0.03362944162436543,0.09219190968955782,0.12598425196850394,0.12598425196850394,0.12222222222222223,0.1348314606741572,0.0,0.0,0.0,-1.1421319796954315,0.19928825622775803,-0.03083391730903995,0.05807365439093504,0.052532833020637826,0.051878354203935606,-0.057251908396946494,-0.03715498938428874,,0.02171581769436992,0.04015296367112797,0.019607843137254832,-0.15694372741352602
2012-03-31,-0.0074871314927468235,-0.029498525073746285,-0.003969754253308144,-0.022398843930635848,-0.01319828115408228,-0.04565030146425497,-0.07692307692307687,-0.07692307692307687,-0.05940594059405946,-0.06930693069306937,-0.1026615969581749,-0.8744588744588745,0.04615384615384621,-1.4642857142857144,-0.0771513353115727,0.15256688358640624,0.03614457831325302,0.035650623885918,0.001700680272108901,0.09716599190283381,0.07166482910694594,,-0.005772763054316399,0.028492647058823595,0.0,-0.007246376811594235
2012-06-30,-0.008015087223008033,-0.025075987841945313,-0.020117669386980452,-0.08721359940872131,0.011819595645412129,-0.0072202166064981865,0.21969696969696972,0.21969696969696972,0.24210526315789482,0.24468085106382986,0.0,0.0,0.0,-0.6538461538461539,-0.02893890675241162,0.07214554579673771,0.1298449612403101,0.1428571428571428,0.01697792869269965,0.07011070110701101,0.016460905349794164,,0.020058062813407274,0.1349419124218052,0.0,0.06805798293410081
2012-09-30,0.0043963878326995776,0.03273577552611062,0.006197946930079468,-0.14898785425101213,0.0015370427297878297,0.016363636363636358,-0.1366459627329193,-0.1366459627329193,-0.1271186440677965,-0.12820512820512808,-0.30932203389830504,-0.5862068965517242,-0.3529411764705882,-1.5555555555555556,0.01655629139072845,0.04095962551199528,0.012578616352201255,0.02108433734939763,0.01836393989983298,0.024137931034482918,-0.10172064777327938,,-0.002846054333764503,0.008661417322834541,0.019230769230769162,0.21349504283376652
2012-12-31,0.005205252573051045,0.06566037735849051,-0.022136669874879722,0.051379638439581266,0.04880294659300177,0.03398926654740597,0.28776978417266186,0.28776978417266186,0.3106796116504855,0.2941176470588236,0.0,0.0,0.0,9.2,0.16612377850162874,0.07869589657110754,0.050254093732354566,0.06489675516224191,0.049180327868852514,0.06060606060606055,0.04450704225352098,,0.043331603528801166,0.06401249024199851,0.0,0.013563893075275724
2013-03-31,0.1254560433094034,0.02903682719546752,0.19409448818897634,0.07692307692307687,0.02341235001463282,-0.0034602076124568004,-0.34636871508379885,-0.34636871508379885,-0.3481481481481482,-0.3484848484848485,0.3803680981595092,0.625,0.4242424242424243,-1.0392156862745099,-0.005586592178770999,0.08754559666492967,-0.04516129032258065,-0.054016620498615,0.026562500000000044,0.0349206349206348,0.011866235167206085,,-0.09052474508828645,-0.03374908290535583,-0.018867924528301883,-0.044451400845202715
2013-06-30,-0.013489490745581922,0.0006882312456986117,-0.01566106165512693,-0.014285714285714235,-0.00972261938804686,0.03993055555555558,0.2905982905982907,0.2905982905982907,0.2954545454545454,0.3139534883720929,-0.24888888888888894,-2.641025641025641,0.43085106382978733,17.0,-0.101123595505618,0.051269765213224794,-0.03209459459459463,-0.04538799414348471,0.0121765601217656,0.024539877300613577,0.07036247334754786,,0.003828274541974208,-0.03796507213363709,-0.019230769230769273,0.01523341523341526
2013-09-30,0.002331990672037376,0.05020632737276487,0.004186903366270256,0.04688832054560965,-0.0008663008951775852,0.0025041736227044975,0.052980132450331174,0.052980132450331174,0.07017543859649122,0.07079646017699126,0.650887573964497,-2.15625,-0.241635687732342,-1.0277777777777777,0.0031250000000000444,0.07976298997265263,0.01919720767888311,0.006134969325153561,0.009022556390977376,0.06586826347305386,0.08964143426294835,,-0.0032688640697356997,0.015785319652722896,0.0,0.003146176185866434
2013-12-31,0.006027918781725816,0.02946954813359537,-0.011340893929286167,0.08469055374592838,0.036127167630057855,0.051623646960865965,0.3899371069182389,0.3899371069182389,-0.29508196721311475,-0.2975206611570248,0.2724014336917562,-0.1351351351351351,0.03921568627450989,78.0,0.24610591900311518,0.14225411566061608,0.05650684931506844,0.041158536585365724,0.049180327868852514,0.1320224719101124,0.09460694698354666,,0.030062858704564155,0.04584304584304566,0.0,-0.05090470446320883
2014-03-31,-0.004204772416692926,-0.01590330788804073,0.0172064777327936,0.0795795795795795,-0.03960948396094843,-0.022961203483768844,-0.23981900452488691,-0.23981900452488691,-0.2325581395348837,-0.23529411764705876,-0.17746478873239435,0.09375,0.48584905660377364,-2.1772151898734178,-0.23250000000000004,0.043606799704360766,0.08265802269043765,0.08052708638360184,-0.01846590909090906,-0.004962779156327701,-0.03757828810020869,,-0.035553197134518544,0.06092124814264488,0.019607843137254832,-0.0884595831215047
2014-06-30,-0.0073894225694077775,-0.014221073044602406,-0.01691542288557213,-0.04867872044506261,0.009294220156840005,0.015397082658022754,-0.011904761904761862,-0.011904761904761862,0.0,0.0,-0.05136986301369861,0.12857142857142856,-0.44126984126984126,-1.2365591397849462,0.07166123778501632,0.037535410764872656,0.020459081836327275,0.02303523035230337,0.00868306801736618,0.057356608478803084,-0.04772234273318876,,0.01678129298486941,0.009803921568627416,0.0,0.036252091466815406
2014-09-30,0.003722216313942317,0.035409836065573685,0.00809716599190291,0.02119883040935666,-0.003741007194244639,0.007980845969672856,0.43975903614457823,0.43975903614457823,0.45454545454545436,0.46153846153846145,0.40794223826714804,-0.11392405063291144,0.36363636363636354,2.6363636363636362,0.24316109422492405,0.07337883959044356,0.1119804400977995,0.11258278145695377,0.01865136298421799,0.06367924528301883,0.04009111617312078,,-0.007575757575757458,0.09847434119278797,0.019230769230769162,0.013903839253677885
2014-12-31,-0.010701419792328859,-0.058898036732108916,0.011044176706827225,0.06370794559770943,-0.04823801270941652,0.04196357878068091,-0.2426778242677824,-0.2426778242677824,-0.21875,-0.231578947368421,-0.11025641025641031,-0.042857142857142816,0.6458333333333333,-2.4375,-0.28117359413202936,0.06359300476947549,-0.03034300791556721,-0.046428571428571486,-0.028169014084506894,0.04434589800443467,-0.05475251861585628,,-0.03789531079607422,-0.060606060606060774,0.018867924528301883,-0.11527912943466345
2015-03-31,-0.0002142015636714678,0.008075370121130465,0.012413108242303794,0.010094212651413192,-0.023368740515933184,-0.03115501519756836,-0.016574585635359074,-0.016574585635359074,0.0,0.0,-0.0028818443804035088,0.34328358208955234,-0.3569620253164557,-1.017391304347826,0.006802721088435382,0.12167414050822112,0.03038548752834469,0.017478152309613026,-0.01449275362318847,0.15498938428874753,0.16682113067655235,,-0.023236044205157236,0.005376344086021723,0.0,-0.0020000000000000018
2015-06-30,0.027102303160150054,0.144192256341789,0.053621056073238416,-0.10992671552298472,-0.023306401491609674,0.018039215686274535,-0.2865168539325843,-0.2865168539325843,-0.2799999999999999,-0.273972602739726,-0.2658959537572254,0.25555555555555554,-1.3661417322834646,116.0,0.7905405405405406,0.08821961620469065,-0.026848591549295864,-0.05644171779141116,-0.014705882352941124,0.10294117647058809,0.05996822875297858,,-0.04902814041195247,-0.05949197860962574,0.0185185185185186,0.28547094188376754
2015-09-30,-0.02096370463078845,-0.1067677946324388,0.011326609775019314,0.05613772455089827,-0.0871778555520204,0.011556240369799742,0.7165354330708662,0.7165354330708662,0.7407407407407405,0.7358490566037736,0.3976377952755905,-0.17699115044247793,-6.193548387096774,-1.9444444444444444,-0.4169811320754717,0.03183933382316928,0.01673450927182274,-0.02730819245773719,-0.06268656716417909,0.04833333333333334,0.07381041588609971,,-0.0677242220866382,-0.03837953091684432,0.0,-0.15425987995946677
2015-12-31,-0.00500692447001172,-0.016329196603527052,0.024854249769868053,0.0644932671863927,-0.07284768211920534,0.041888804265041824,-0.1330275229357798,-0.1330275229357798,-0.13829787234042545,-0.10869565217391308,0.10140845070422544,-0.31182795698924726,-0.2525879917184265,-0.8461538461538461,-0.11003236245954695,0.08687396154759064,0.0653914590747331,0.010695187165775444,-0.04936305732484081,0.15898251192368829,0.09804605722260984,,-0.0680628272251308,0.0014781966001478075,0.0181818181818183,-0.07585253456221197
2016-03-31,0.022698072805139136,-0.019920318725099584,0.028143712574850266,0.026631158455392878,0.009022556390977376,-0.027046783625730986,0.5291005291005291,0.5291005291005291,0.6049382716049383,0.5487804878048781,0.30179028132992336,4.265625,-0.5457063711911357,-1.2352941176470589,0.029090909090909056,0.02926403144791445,0.2104384133611692,0.14947089947089953,0.011725293132328396,0.08230452674897104,-0.001588814744200695,,-0.01334269662921339,0.14391143911439097,0.0,-0.0453774808018349
2016-06-30,-0.002303182579564522,0.006775067750677488,0.0029120559114734768,-0.05836575875486383,-0.015648286140089396,0.02404207362885047,-0.2664359861591695,-0.2664359861591695,-0.2692307692307693,-0.25984251968503946,-0.650294695481336,-0.7893175074183976,-0.22560975609756095,-3.5,-0.07067137809187274,0.088478676002546,0.15419110037944117,0.10586881472957432,-0.004966887417218624,0.07604562737642584,-0.07765754296626359,,-0.013523131672597999,0.08967741935483864,0.01785714285714257,0.06916005014625992
2016-09-30,0.011227701993704153,0.07671601615074031,0.026132404181184565,0.06611570247933884,-0.02763058289174869,0.01247248716067495,0.009433962264151052,0.009433962264151052,0.03157894736842115,0.02127659574468077,0.9943820224719102,0.09859154929577474,0.8661417322834646,-3.0,0.15209125475285168,0.019688109161793532,0.023909145248057317,-0.01144640998959423,-0.014975041597337757,0.02473498233215543,-0.08592132505175987,,-0.038239538239538184,-0.0165778567199526,0.0,0.009966777408637828
2016-12-31,0.01099927363287323,0.08000000000000007,0.018958687040181,0.1757105943152455,-0.010899182561307952,0.03695652173913033,0.004672897196261738,0.004672897196261738,0.010204081632652962,0.02083333333333326,0.09577464788732404,-0.1282051282051282,0.36708860759493667,-1.075,-0.00990099009900991,-0.0349837507168802,0.040572095738470315,0.017894736842105186,0.0,-0.019540229885057436,-0.04492261230653072,,-0.02175543885971498,0.01685731487055997,0.0,-0.08136609907120751
2017-03-31,-0.0048239761880324306,-0.06539351851851849,0.009719522354901367,-0.016483516483516536,-0.046044864226682414,-0.025856044723969296,0.14883720930232558,0.14883720930232558,0.16161616161616155,0.15306122448979576,0.19023136246786643,1.2647058823529411,-0.07098765432098764,-3.6666666666666665,0.026666666666666616,0.10340729001584803,-0.020757363253856798,-0.04860392967942084,-0.035472972972972916,0.10316529894490034,0.060869565217391175,,-0.04141104294478515,-0.05565423327412666,0.01754385964912286,-0.04981569246972095
2017-06-30,-0.0011344884488448947,0.010526315789473717,0.0030253025302531267,-0.04636871508379892,-0.013613861386138626,-0.0057388809182209455,-0.10526315789473684,-0.10526315789473684,-0.08695652173913038,-0.09734513274336276,-0.5075593952483801,-0.7402597402597403,-0.345514950166113,-2.125,-0.02922077922077926,0.08653500897666078,0.035519908335720274,0.006521739130434856,-0.005253940455341555,0.12646121147715195,0.12444113263785384,,-0.012399999999999967,0.005642633228839955,0.0,0.05974285080913311
2017-09-30,0.053071760454310724,0.14583333333333326,0.07608993693446675,0.08377270064440534,-0.017147636971978297,0.010101010101010166,0.04977375565610864,0.04977375565610864,0.04761904761904767,0.05882352941176472,0.42105263157894735,8.525,-1.4213197969543148,-3.888888888888889,0.08695652173913038,0.029907468605419707,0.043153526970954426,0.005399568034557323,-0.007042253521126751,0.03490566037735854,0.00994035785288272,,-0.06682867557715677,0.016832917705735806,-0.017241379310344862,0.057211588745947006
2017-12-31,0.00882439454848516,0.05614973262032086,-0.03707478659701868,0.047567567567567526,0.16212765957446806,0.08285714285714296,1.353448275862069,1.353448275862069,1.3818181818181818,1.3796296296296293,0.0,0.0,0.0,-1.0,0.0,0.017808438953954786,0.3354547865287725,0.342642320085929,0.1719858156028371,0.025524156791248753,-0.011154855643044637,,0.15190972222222232,0.34150827713059484,0.0,0.008211317768104465
2018-03-31,-0.011857323355039417,-0.1048101265822785,-0.04789626885419418,-0.13157894736842102,0.08787989747345293,-0.05013192612137207,-0.22527472527472525,-0.22527472527472525,-0.6106870229007634,-0.6108949416342413,0.14814814814814814,-2.0,-9.385542168674698,inf,0.17538461538461547,0.723518284993695,0.0816123907863382,0.1279999999999999,0.09833585476550666,0.4702222222222221,0.25082946250829474,,0.10097965335342884,0.13162705667276042,0.0,0.03081150034344038
2018-06-30,0.005016228976099102,0.020361990950226172,0.02390216787103938,-0.016636957813428443,-0.04072702793672167,-0.01388888888888884,-0.40661938534278963,-0.40661938534278963,-0.4019607843137255,-0.4,-0.3709677419354839,-1.2493438320209973,-0.7514367816091954,-1.5964912280701755,-0.08900523560209428,-0.33501006036217307,-0.022030475491096047,0.007801418439716379,-0.030303030303030276,-0.3941958887545345,-0.42175066312997345,,-0.045516769336071294,0.01534733441033942,0.0,0.037601142313184344
2018-09-30,0.05186925034253287,0.2960088691796008,0.09758414766558099,0.40181268882175236,-0.06631578947368422,-0.005633802816901401,-0.09561752988047811,-0.09561752988047811,-0.08196721311475397,-0.08333333333333326,0.5726495726495726,-0.021052631578947323,-1.2890173410404624,-10.558823529411764,0.9339080459770115,0.07234218126805114,-0.03097428195982721,-0.01688951442646036,-0.051136363636363646,0.10578842315369275,0.044036697247706424,,-0.11222660451774824,-0.005568814638027053,-0.01754385964912264,-0.07541284403669724
2018-12-31,0.04782285076293258,-0.04875962360992303,0.10906392976381851,-0.13362068965517238,-0.138293874483277,0.09844192634560911,0.2599118942731278,0.2599118942731278,0.3035714285714284,0.2909090909090908,0.5516304347826086,7.666666666666666,-1.46,-1.7938461538461539,-0.38335809806835064,-0.029498525073746285,-0.14645486245641226,-0.1982820329277022,-0.12275449101796398,0.022563176895306958,-0.032073813708260124,,-0.17770597738287552,-0.18479999999999996,-0.017857142857142905,0.09793609843222861
2019-03-31,0.03676078849227493,0.022931654676259017,0.034897981937785705,0.054726368159204064,0.044047099869167106,-0.03159252095422305,-0.21328671328671334,-0.21328671328671334,-0.20547945205479456,-0.21126760563380276,-0.3467600700525394,-0.9553349875930521,12.043478260869565,-1.1434108527131783,0.08915662650602418,0.03805999735694465,-0.11960962324103486,-0.19553571428571426,0.04095563139931735,0.18270079435127973,0.2469359963685882,,0.006876227897838927,-0.17517173699705602,-0.018181818181818188,-0.03018526886579309
2019-06-30,0.6820829051044879,3.4874725274725273,0.841628959276018,-0.031132075471698162,0.06349206349206349,0.0066577896138482195,-0.008888888888888835,-0.008888888888888835,-0.017241379310344862,0.0,-0.44772117962466484,1.7777777777777777,-27.276666666666667,214.9189189189189,17.674778761061948,0.10706556333545514,0.0015467904098993568,-0.19977802441731407,0.06229508196721323,0.06417910447761188,0.3079723334546778,,-0.3678048780487805,-0.04342653182629386,-0.16666666666666674,3.631721181623335
