Quarter end,Assets,Current Assets,Liabilities,Current Liabilities,Shareholders equity,Revenue,Earnings,Earnings available for common stockholders,EPS basic,EPS diluted,Cash from operating activities,Cash from investing activities,Cash from financing activities,Cash change during period,Cash at end of period,Price,ROE,ROA,Book value of equity per share,P/B ratio,P/E ratio,Cumulative dividends per share,Equity to assets ratio,Net margin,Asset turnover,Current ratio
1996-04-27,-0.006099251455503163,0.016901408450704203,-0.011217282924802618,-0.006036217303822977,0.004166666666666652,0.01978021978021971,-2.0,-2.0,-2.0,-2.0,-2.1015625,-1.2222222222222223,-1.6257309941520468,0.030303030303030276,0.7391304347826086,0.3544386422976502,-1.0585885486018642,-0.6,0.0011086474501107446,-0.01304347826086949,-0.02306327616794801,inf,0.010219416892095046,0.0,-0.02631578947368407,0.023072184577476618
1996-07-27,-0.006099251455503163,0.016901408450704203,-0.011217282924802618,-0.006036217303822977,0.004166666666666652,0.01978021978021971,-2.0,-2.0,-2.0,-2.0,-2.1015625,-1.2222222222222223,-1.6257309941520468,0.030303030303030276,0.7391304347826086,0.3544386422976502,-1.0585885486018642,-0.6,0.0011086474501107446,-0.01304347826086949,-0.02306327616794801,inf,0.010219416892095046,0.0,-0.02631578947368407,0.023072184577476618
1996-10-26,0.03514644351464424,0.08642659279778386,0.020168067226890685,0.06477732793522262,0.06473029045643153,0.10344827586206895,2.1363636363636362,2.1363636363636362,2.0588235294117645,2.0588235294117645,-1.0283687943262412,-17.5,-0.7570093457943925,-2.8529411764705883,-0.7875,-0.012048192771084376,-1.0585885486018642,-0.6,0.06090808416389826,-0.01304347826086949,-0.02306327616794801,inf,0.02856292770008917,0.0,-0.02631578947368407,0.020362362471947115
1997-01-25,-0.06332524925895988,-0.07037225905150435,-0.11779242174629323,-0.18631178707224338,0.0397505845674202,0.15625,0.4492753623188406,0.4492753623188406,0.4230769230769229,0.4230769230769229,-115.75,-0.5454545454545454,3.8076923076923075,-5.825396825396825,17.88235294117647,0.10975609756097571,-1.0585885486018642,-0.6,0.03757828810020869,0.04405286343612347,-0.02306327616794801,inf,0.11021116575065082,0.0,-0.02631578947368407,0.14248162652218221
1997-04-26,-0.04228998849252019,-0.10696653867251782,-0.048552754435107426,-0.08177570093457942,-0.03223388305847075,-0.2533783783783784,-0.99,-0.99,-0.9864864864864865,-0.9864864864864865,-1.233115468409586,9.2,-1.016,-1.8914473684210527,-0.8442367601246106,-0.06329670329670334,-1.0585885486018642,-0.6,-0.03319919517102621,-0.09704641350210974,-0.02306327616794801,inf,0.010422094841063156,0.0,-0.02631578947368407,-0.027468657557402465
1997-07-26,-0.006308200660859131,0.024570024570024662,0.08881256133464177,0.1832061068702291,-0.1564678543764524,-0.15158371040723984,-182.0,-182.0,-136.0,-136.0,-0.9439252336448598,-0.8431372549019608,22.0,-1.044280442804428,0.3799999999999999,0.1163772876583764,-1.0585885486018642,-0.6,-0.16024973985431834,0.1588785046728971,-0.02306327616794801,inf,-0.1511088189788551,0.0,-0.02631578947368407,-0.13407686365392046
1997-10-25,-0.00241837968561065,-0.04076738609112707,-0.03289770166741779,-0.06989247311827962,0.05968778696051413,0.055333333333333234,-1.3038674033149171,-1.3038674033149171,-1.3037037037037036,-1.3037037037037036,-11.5,2.1666666666666665,-1.1956521739130435,-2.666666666666667,-0.28985507246376807,0.008827238335435084,1.3295454545454546,-0.6,0.059479553903345694,0.19758064516129048,0.0,inf,0.06227217496962334,0.0,-0.031531531531531654,0.031335377752996774
1998-01-31,-0.035757575757575766,-0.08812500000000001,-0.1095060577819198,-0.1260115606936416,0.10138648180242638,0.12002526847757422,1.0909090909090908,1.0909090909090908,1.0731707317073171,1.0975609756097562,3.253968253968254,0.8157894736842106,6.777777777777778,-4.35,1.3673469387755102,-0.13541666666666663,-0.5951219512195123,-0.6,0.09941520467836251,-0.18181818181818177,0.0,inf,0.14212181870174434,0.0,-0.0604651162790697,0.043358382440395804
1998-05-02,0.0722815839094908,0.10281014393420151,0.11407639979068551,0.29894179894179884,0.009441384736428082,-0.17315284827975186,-1.0434782608695652,-1.0434782608695652,-1.0470588235294118,-1.0465116279069768,-1.8059701492537314,-0.37681159420289856,-4.671428571428571,-1.5970149253731343,-0.3448275862068966,0.17493975903614456,0.6024096385542168,0.5999999999999999,0.008510638297872353,0.06584362139917688,0.0,inf,-0.058587881822734,0.0,-0.04950495049504955,-0.15099227939271465
1998-08-01,0.07004689331770231,0.06960845245494096,0.12165335838421787,0.27087576374745415,-0.015588464536243185,-0.0006821282401091588,1.6,1.6,1.25,1.25,-0.7314814814814814,0.7093023255813953,-0.2178988326848249,-1.025,0.013157894736842035,-0.5656275635767022,-10.195488721804512,-10.354166666666668,-0.016877637130801704,-0.5675675675675675,0.0,inf,-0.08005319148936174,0.012552301255229992,-0.03124999999999989,-0.1583765639304242
1998-10-31,-0.13859216652971784,-0.061592097617664154,-0.10259631490787269,0.009615384615384581,-0.20665083135391926,-0.23412969283276452,10.923076923076923,10.923076923076923,11.666666666666666,11.666666666666666,1.3275862068965516,-3.2176870748299318,-1.3930348258706466,104.0,0.9090909090909092,0.0,-1.3932951757972198,-1.3853006681514477,-0.2070815450643777,0.01785714285714257,-0.4376513317191284,inf,-0.07892454466608845,0.0,-0.06451612903225812,-0.07055837563451772
1999-01-30,-0.0855325914149444,-0.21052631578947367,-0.14232384507699491,-0.23492063492063497,0.03592814371257491,-0.5525846702317291,-1.238709677419355,-1.238709677419355,-1.236842105263158,-1.236842105263158,0.0,0.0,0.0,-0.5619047619047619,0.3129251700680271,-0.20585457979225685,1.4656964656964657,1.4046242774566475,0.023004059539918797,0.0,0.0,inf,0.13276836158192085,0.0,-0.20114942528735635,0.03191074354373091
1999-05-01,-0.020862308762169657,-0.04862745098039212,-0.03101196953210006,-0.05601659751037347,-0.0028901734104046506,1.1494023904382469,-1.2972972972972974,-1.2972972972972974,-1.2962962962962963,-1.2962962962962963,-0.059259259259259234,-1.1441717791411044,-1.3291139240506329,-4.913043478260869,-0.9326424870466321,-0.12722948870392392,0.10370994940978062,0.09375,-0.002645502645502562,-0.14912280701754377,0.0,inf,0.018287614297589405,0.0,-0.03597122302158262,0.007863299561470027
1999-07-31,-0.01278409090909094,0.013190436933223415,-0.0005614823133071045,0.22857142857142865,-0.033816425120772986,-0.014828544949026856,1.8181818181818183,1.8181818181818183,1.875,1.875,-1.2598425196850394,-0.42553191489361697,1.2307692307692308,-1.3611111111111112,5.0,0.17574931880109013,0.20015278838808248,0.21098901098901113,-0.03448275862068961,0.1752577319587627,0.0,inf,-0.02122448979591829,0.0,-0.02985074626865669,-0.17531882970742696
1999-10-30,0.02553956834532367,0.10984540276647681,0.03370786516853941,0.06082289803220031,0.010999999999999899,0.10818438381937923,-1.2258064516129032,-1.2258064516129032,-1.2173913043478262,-1.2173913043478262,0.06060606060606055,-0.2962962962962963,-1.4827586206896552,-1.2307692307692308,-0.1923076923076923,0.0,-1.0127307447485678,-1.012704174228675,0.009615384615384581,0.043859649122807154,0.0,inf,-0.014178482068390341,-0.9793388429752066,0.03846153846153855,0.04621122532520694
2000-01-29,-0.11785338477727114,-0.2016129032258065,-0.25217391304347825,-0.34485666104553114,0.12660731948565784,0.12648556876061123,10.857142857142858,10.857142857142858,11.2,11.2,3.0857142857142854,-13.736842105263158,11.071428571428571,-7.6,1.5714285714285716,-0.18424101969872542,21.950000000000003,24.000000000000004,0.12517006802721098,-0.19327731092436973,74.78040904198063,inf,0.27721376198533565,19.6,0.2592592592592591,0.2185896878532303
2000-04-29,-0.012723658051689846,0.0027548209366390353,-0.025436046511627897,-0.030888030888030937,0.0026338893766462146,-0.16503391107761867,-0.8192771084337349,-0.8192771084337349,-0.819672131147541,-0.819672131147541,-1.1258741258741258,-1.0661157024793388,-0.7899408284023669,-2.090909090909091,-0.6666666666666667,0.22585227272727293,0.5032679738562091,0.5885714285714283,0.0036275695284160303,0.08333333333333348,-0.9649715909090909,inf,0.015455950540958163,0.533980582524272,0.03529411764705892,0.034748483767392147
2000-07-29,-0.02496979460330251,-0.042124542124542086,-0.05667412378821779,-0.08632138114209831,0.012259194395796813,-0.060469314079422354,-0.4,-0.4,-0.36363636363636354,-0.36363636363636354,-0.5555555555555556,-0.125,-0.9436619718309859,-0.7314814814814814,-0.537037037037037,0.4275782155272305,0.4855072463768113,0.5971223021582734,0.009638554216867545,0.4230769230769229,-0.07502027575020287,inf,0.03826918895412046,0.5506329113924049,0.02840909090909083,0.048338160253758033
2000-10-28,0.021478727798430297,0.0793499043977055,0.03873517786561265,0.15116279069767447,0.002595155709342656,0.11431316042267059,1.7777777777777777,1.7777777777777777,1.5714285714285712,1.5714285714285712,2.5,0.7857142857142858,-12.25,-0.7586206896551724,-0.28,0.12905844155844148,0.12097560975609767,0.20270270270270263,0.0023866348448686736,0.12162162162162149,-0.2740026304252521,inf,-0.018429319371727648,0.16326530612244894,0.03314917127071837,-0.06235611392488327
2001-02-03,-0.09745248685806718,-0.1142604074402126,-0.07229832572298323,-0.20580808080808077,-0.1259706643658326,-0.09741379310344822,-12.56,-12.56,-12.61111111111111,-12.61111111111111,-11.785714285714286,-0.43999999999999995,-4.044444444444444,-14.0,5.055555555555555,-0.04744787922358018,-2.8694516971279374,-2.870786516853933,-0.12976190476190486,-0.04819277108433728,-0.1751207729468598,inf,-0.031576701514828165,0.0,-0.03208556149732622,0.1152578042792003
2001-05-05,-0.005376344086021501,0.018000000000000016,-0.03855619360131257,-0.05246422893481717,0.03455083909180656,0.02387774594078329,-1.1280276816608996,-1.1280276816608996,-1.1291866028708135,-1.1291866028708135,-1.1125827814569536,-0.1428571428571429,-1.0072992700729928,-1.879120879120879,-0.7339449541284404,-0.07924528301886802,-0.07216014897579137,-0.06606606606606613,0.02735978112175097,0.056962025316455556,0.0,inf,0.04009693765146505,0.0,0.022099447513812098,0.07441187570763619
2001-08-04,0.0680180180180181,0.1473477406679764,0.1382252559726962,0.0889261744966443,-0.010496183206106902,-0.02238805970149249,-1.3783783783783785,-1.3783783783783785,-1.3703703703703702,-1.3703703703703702,-2.4117647058823533,1.1666666666666665,144.0,-3.0,5.517241379310345,0.24098360655737716,0.1364776718514802,0.11146838156484473,-0.011984021304926706,0.20958083832335328,0.0,inf,-0.07350137682694347,0.0,0.00540540540540535,0.05362683683625091
2001-11-03,-0.013496415014761731,-0.042808219178082196,-0.052473763118440764,-0.04776579352850541,0.03664416586306651,0.05343511450381677,-3.357142857142857,-3.357142857142857,-3.4,-3.3,-1.4583333333333333,0.1923076923076923,-1.386206896551724,-1.79375,-0.671957671957672,0.023778071334213946,-0.014128035320088328,-0.01928640308582452,0.0363881401617252,0.034653465346534684,0.0,inf,0.05075445816186552,0.0,0.0,0.005223092737678403
2002-02-02,-0.020949123557075677,-0.003577817531305927,0.02689873417721511,-0.12783171521035597,-0.07720930232558143,0.04619565217391308,0.09090909090909083,0.09090909090909083,0.04166666666666674,-0.0434782608695653,-9.727272727272727,-0.12903225806451613,-0.9821428571428571,-2.204724409448819,2.467741935483871,-0.021935483870967776,-1.3967756381549485,-1.392330383480826,-0.07932379713914173,-0.0574162679425837,0.0,inf,-0.05744125326370764,-0.26315789473684204,0.021505376344086002,0.14244652036924443
2002-05-04,0.03275109170305668,0.0825852782764811,0.0315870570107859,0.09461966604823746,0.03427419354838701,-0.05627705627705626,-0.4444444444444444,-0.4444444444444444,-0.43999999999999995,-0.36363636363636354,-0.515625,0.03703703703703698,-3.0,-0.5882352941176471,0.2930232558139534,0.06530343007915551,-0.1805869074492099,-0.1979949874686716,0.03248587570621453,0.15736040609137047,0.9070278184480234,inf,0.0013850415512466352,-0.18571428571428572,-0.010526315789473717,-0.010983162376621003
2002-08-03,0.04143763213530649,0.08374792703150913,0.0351008215085884,0.10338983050847461,0.04970760233918137,-0.004587155963302725,0.55,0.55,0.5714285714285714,0.4999999999999998,-0.3548387096774194,0.3214285714285714,0.5,-0.5396825396825398,0.10431654676258995,-0.22538699690402475,0.5853994490358125,0.5874999999999999,0.045143638850889234,-0.25,-0.01996161228406912,inf,0.008068234209313019,0.5847953216374269,0.0,-0.017807347977104815
2002-11-02,0.015834348355663774,0.04667176740627399,-0.00649350649350644,0.006144393241167334,0.04456824512534818,0.032258064516129004,0.4516129032258065,0.4516129032258065,0.4545454545454546,0.4761904761904763,-0.4,0.29729729729729737,-13.333333333333334,-2.793103448275862,-0.16938110749185664,-0.2246203037569945,0.08688097306689824,0.08070866141732291,0.04450261780104725,-0.2573099415204678,-0.5252643948296123,inf,0.028127143837182622,0.09594095940959413,-0.015957446808510523,0.04024505653235044
2003-02-01,-0.006394884092725817,-0.06140350877192979,-0.000726216412490932,-0.12671755725190836,-0.013333333333333308,0.08392857142857135,0.2666666666666666,0.2666666666666666,0.28125,0.09677419354838723,3.3888888888888893,0.02083333333333326,-0.8918918918918919,-2.9615384615384617,0.3999999999999999,0.2103092783505156,0.12789768185451655,0.13479052823315119,-0.01754385964912286,0.15748031496062986,0.10066006600660082,inf,-0.006895017793594249,0.14141414141414144,-0.005405405405405461,0.07483840076610027
2003-05-03,0.0181013676588897,0.04283489096573212,0.0014534883720929148,0.08216783216783208,0.03873873873873879,-0.07084019769357497,-0.33333333333333337,-0.33333333333333337,-0.3414634146341463,-0.23529411764705888,-1.0696202531645569,-0.36734693877551017,-0.25,-1.5,-0.1428571428571429,-0.11925042589437818,0.08575478384124735,0.09951845906902101,0.03571428571428559,-0.1020408163265305,-0.22488755622188905,1.0,0.02038073908174698,0.10914454277286145,-0.010869565217391353,-0.036350677120456365
2003-08-02,0.022915843540102676,0.030619865571321903,0.013788098693759077,0.003231017770597644,0.033824804856894986,-0.004432624113475225,-0.052631578947368474,-0.052631578947368474,-0.07407407407407418,-0.07692307692307698,-6.909090909090909,0.19354838709677424,-1.0,-1.5098039215686274,0.08496732026143783,0.2234042553191491,0.0032637075718016106,0.016058394160583855,0.032019704433497775,0.18181818181818188,0.09187620889748538,0.5,0.010535557506584636,0.02127659574468077,-0.005494505494505475,0.02727440828402372
2003-11-01,0.04210119737350326,0.07681159420289863,0.027916964924838972,0.06602254428341392,0.0587248322147651,0.06322350845948344,0.7222222222222223,0.7222222222222223,0.72,0.7083333333333333,-0.4461538461538461,0.027027027027026973,-inf,-2.0384615384615383,-0.08132530120481929,0.266403162055336,0.06506180871828238,0.07614942528735624,0.051312649164677815,0.22435897435897423,0.23383525243578385,0.33333333333333326,0.016072980017376226,0.078125,0.0,0.010125101251012403
2004-01-31,-0.0033358042994811044,0.022207267833109112,-0.08495821727019504,-0.17673716012084595,0.08954041204437391,0.11725293132328307,0.14516129032258074,0.14516129032258074,0.18604651162790709,0.024390243902439046,3.833333333333333,0.39473684210526305,-1.4444444444444444,-6.296296296296297,0.4688524590163934,0.37265917602996246,0.01527183872938287,0.05206942590120156,0.0783200908059023,0.3089005235602096,0.26274228284278545,0.5,0.0929884566053869,0.04589371980676327,0.005524861878453136,0.24168040272642233
2004-05-01,0.026403867608776554,0.05069124423963123,0.023592085235920823,0.4825688073394496,0.029090909090909056,-0.11094452773613195,-0.323943661971831,-0.323943661971831,-0.3529411764705882,-0.26190476190476186,-1.0459770114942528,0.018867924528301883,-0.25,-1.3916083916083917,-0.125,0.12187357889950001,-0.004211793020457155,0.025380710659898442,0.02421052631578946,0.040000000000000036,0.054576463899943306,0.33333333333333326,0.002738118521416144,0.036951501154734556,-0.01098901098901095,-0.29133180252583235
2004-07-31,0.1253623188405797,0.07957393483709274,0.08104089219330857,-0.013613861386138626,0.1674911660777385,0.06913996627318708,0.7083333333333333,0.7083333333333333,0.6666666666666667,0.7096774193548387,0.0,0.0,0.0,-1.125,0.017857142857142794,-0.08796108633968391,0.11419939577039284,0.1571782178217822,0.09044193216855079,-0.11153846153846159,-0.12129380053908356,0.25,0.037448800468109944,0.17594654788418707,-0.01666666666666672,0.09452207371405441
2004-10-30,0.0,-0.016250725478816008,-0.06396148555708392,-0.13299874529485567,0.056295399515738476,0.07728706624605675,-0.09756097560975607,-0.09756097560975607,-0.14545454545454561,-0.1132075471698114,10.0,0.20370370370370372,-2.166666666666667,-22.428571428571427,-0.37593984962406013,-0.0048888888888888316,-0.03579175704989146,0.00855614973262031,0.05466540999057501,-0.08658008658008665,-0.1773006134969325,0.19999999999999996,0.05621357398007132,0.011363636363636465,0.0,0.13465007632175396
2005-01-29,0.04217643271088223,0.08082595870206499,0.033798677443056535,-0.01013024602026047,0.04871060171919761,0.12371888726207914,0.20270270270270263,0.20270270270270263,0.23404255319148937,0.08510638297872353,-4.227272727272727,-0.4307692307692308,0.1428571428571428,-2.56,-0.09638554216867468,0.1170165252344797,-0.007311586051743646,0.01802757158006374,0.04557640750670244,0.06161137440758302,0.07829977628635354,0.41666666666666674,0.006229975080099814,0.02434456928838946,-0.011299435028248594,0.09188748471259656
2005-04-30,0.015137472968798305,0.031659388646288145,-0.002842928216062579,0.10672514619883033,0.02896174863387979,-0.10293159609120517,-0.348314606741573,-0.348314606741573,-0.3620689655172413,-0.27450980392156865,-1.0669014084507042,-0.05405405405405406,2.0,-1.3376068376068377,-0.35111111111111115,0.11595361855257891,-0.03399433427762022,-0.008333333333333304,0.027350427350427475,0.06696428571428559,0.06085753803596128,0.13725490196078427,0.013621086148947414,-0.001828153564899404,-0.005714285714285672,-0.06783900836320178
2005-07-30,0.003043213633597164,0.01904761904761898,-0.0014255167498218313,0.023778071334213946,0.006372809346786967,-0.053013798111837374,-0.24137931034482762,-0.24137931034482762,-0.21621621621621623,-0.2432432432432432,0.0,0.0,0.0,-1.6708860759493671,0.3630136986301369,-0.06915084199211752,-0.15425219941348978,-0.138655462184874,0.004991680532445919,-0.09623430962343094,-0.09908735332464147,0.13793103448275867,0.003315881326352521,-0.13003663003663002,-0.005747126436781658,-0.004606080025633896
2005-10-29,0.017900485436893154,0.02855659397715482,0.009992862241256173,0.007741935483871032,0.0237467018469657,0.07975460122699385,0.5,0.5,0.48275862068965525,0.4999999999999998,0.0,0.0,0.0,-1.5660377358490565,-0.1507537688442211,-0.15088529638183223,-0.055478502080443914,-0.04878048780487809,0.0289735099337749,-0.1527777777777778,-0.02098408104196825,0.10606060606060597,0.0057401287180380844,-0.037894736842105314,-0.011560693641618491,0.020642201834862428
2006-01-28,-0.012816691505216138,0.01665825340737004,-0.09187279151943462,-0.08194622279129327,0.04484536082474233,0.11079545454545459,0.4545454545454546,0.4545454545454546,0.4651162790697674,0.4285714285714286,0.0,0.0,0.0,-5.0,0.7100591715976332,-0.029465095194922908,0.0007342143906021725,0.021794871794871717,0.049074818986323265,-0.060109289617486406,0.0014781966001480296,0.12328767123287676,0.058457281217571655,0.021881838074398363,0.0,0.10739207569485498
2006-04-29,-0.018719806763284996,-0.03426017874875864,-0.0824902723735409,-0.15481171548117156,0.021706956092747864,-0.1272378516624041,-0.38541666666666663,-0.38541666666666663,-0.39682539682539686,-0.3666666666666666,5.052631578947368,-1.9428571428571428,1.7916666666666665,-2.2416666666666667,-0.5155709342560554,0.08967772069126578,-0.01980924431401332,0.006273525721455453,0.02223926380368102,0.04069767441860472,0.030996309963099655,0.10975609756097571,0.04117647058823537,0.0064239828693790635,0.0,0.14265370785716835
2006-07-29,0.02553846153846151,0.01902313624678653,0.05767599660729439,0.14026402640264024,0.007242877836793893,-0.04542124542124537,-0.7627118644067796,-0.7627118644067796,-0.7631578947368421,-0.7631578947368421,-1.0347826086956522,0.5151515151515151,-0.8507462686567164,-1.302013422818792,0.3214285714285714,0.060865837976853854,-0.13398203592814373,-0.11596009975062327,0.006001500375093727,0.03910614525139677,0.05440229062276303,0.09890109890109877,-0.01773383553044572,-0.1127659574468085,-0.005847953216374324,-0.10633723828514452
2006-10-28,-0.018601860186018615,-0.017154389505549927,-0.09141940657578185,-0.13314037626628072,0.024928092042185934,0.09746738296239443,3.6428571428571432,3.6428571428571432,3.666666666666667,3.666666666666667,9.0,-1.98,3.9000000000000004,-2.2888888888888888,-0.31351351351351353,0.012929292929293013,-0.02765773552290407,0.0028208744710860323,0.02460850111856816,0.005376344086021501,0.14256619144602833,0.09000000000000008,0.044256270969803335,-0.00959232613908867,0.0117647058823529,0.13380748178363477
2007-02-03,-0.006725771935187974,0.04414784394250515,-0.15798764342453664,-0.13856427378964942,0.07343311506080452,0.15524475524475534,0.7384615384615385,0.7384615384615385,0.7380952380952381,0.6666666666666665,5.3,1.8979591836734695,-0.6734693877551021,-2.6206896551724137,0.7401574803149606,-0.08216992421220581,0.039111111111111097,0.07735583684950775,0.08005822416302766,-0.1069518716577541,-0.0825906120023766,0.12844036697247696,0.08078335373317014,0.05811138014527839,0.023255813953488413,0.21210909873620132
2007-05-05,0.048014773776546615,0.0683382497541789,0.16352201257861632,0.26937984496124034,0.0,-0.2033898305084746,-0.8495575221238938,-0.8495575221238938,-0.8493150684931507,-0.8428571428571429,-0.8928571428571429,-0.8943661971830986,1.4375,-1.2553191489361701,-0.10859728506787325,0.0008691873098651826,-0.18905047048759627,-0.17624020887728453,-0.004716981132075526,-0.0718562874251496,-0.062176165803108696,0.09756097560975618,-0.04586636466591165,-0.160183066361556,-0.022727272727272707,-0.1583754027245744
2007-08-04,-0.019089574155653488,-0.031293143120110445,-0.011711711711711703,-0.02900763358778624,-0.02265795206971677,-0.025075987841945313,-2.0588235294117645,-2.0588235294117645,-2.090909090909091,-2.090909090909091,-0.03703703703703709,-2.466666666666667,0.10256410256410264,-1.2916666666666667,0.035532994923857864,-0.10681719496309161,-0.16772151898734178,-0.15372424722662437,-0.016249153689911977,-0.10322580645161294,0.07596685082872923,0.0962962962962961,-0.0035608308605342698,-0.14986376021798375,-0.005813953488372103,-0.002381239450205075
2007-11-03,-0.01287425149700594,0.004750593824228044,-0.02096627164995446,-0.05974842767295596,-0.008916629514043706,0.05689789555728764,0.8333333333333333,0.8333333333333333,0.8333333333333335,0.8333333333333335,-0.5769230769230769,-1.0454545454545454,-0.5813953488372092,-0.7142857142857143,0.009803921568627416,-0.23918327661643168,-0.5576679340937896,-0.5543071161048689,-0.009635237439779676,-0.2230215827338129,-0.09499358151476256,0.08108108108108114,0.0038713519952353614,-0.5480769230769231,-0.011695906432748537,0.06861649092062727
2008-02-02,-0.014861995753715496,-0.024113475177305,-0.09031657355679701,-0.16220735785953178,0.021592442645074206,0.09292035398230092,-3.5757575757575757,-3.5757575757575757,-3.545454545454546,-3.545454545454546,18.90909090909091,-112.0,1.1111111111111112,140.0,1.3689320388349513,-0.22683706070287546,-0.35243553008595996,-0.3571428571428572,0.020847810979847115,-0.22222222222222232,0.8255319148936169,0.08124999999999982,0.03708098487095812,-0.33333333333333326,-0.029585798816568087,0.16483827188418898
2008-05-03,0.02863300492610832,0.04408914728682167,0.10235414534288645,0.1936127744510978,-0.003082342580361108,-0.11673414304993257,-0.9647058823529412,-0.9647058823529412,-0.9642857142857143,-0.9642857142857143,-0.6666666666666667,-1.3603603603603602,-0.39473684210526316,-0.9680851063829787,0.018442622950819665,0.0033057851239670644,-0.2743362831858406,-0.26797385620915026,-0.004084411164057111,-0.011904761904761862,0.4292929292929293,0.08670520231213863,-0.03089244851258588,-0.27659574468085113,0.0,-0.12527307150832556
2008-08-02,-0.020951810835079354,-0.03387470997679809,-0.06128133704735372,0.05183946488294322,-0.0017667844522968323,-0.005347593582887722,5.0,5.0,4.5,4.5,0.17808219178082196,-0.07499999999999996,4.043478260869565,-8.333333333333332,-0.1327967806841046,0.1046128500823722,0.9756097560975607,0.9821428571428572,-0.0034176349965824304,0.10843373493975905,0.5186191899972818,0.07978723404255317,0.019628099173553792,0.9705882352941178,0.012195121951219523,-0.08149956988650553
2008-11-01,-0.07214918985019869,-0.08645533141210371,-0.13748763600395653,-0.18759936406995226,-0.042920353982300874,0.005376344086021501,0.33333333333333326,0.33333333333333326,0.4545454545454546,0.4545454545454546,-0.40697674418604646,2.0,-0.8017241379310345,0.5606060606060606,-0.2389791183294664,0.055928411633109576,0.7901234567901236,0.8153153153153154,-0.04252400548696844,0.05434782608695654,-0.4607123679971362,0.07389162561576379,0.0315530467506151,0.7985074626865671,0.012048192771084265,0.12450151057401815
2009-01-31,-0.0520593080724876,-0.0725552050473186,0.09288990825688082,-0.1819960861056752,-0.11049468331021728,0.006111535523300127,-6.208333333333333,-6.208333333333333,-6.0625,-6.0625,2.392156862745098,-0.2432432432432432,0.0,-1.5533980582524272,0.1737804878048781,-0.34887005649717506,-1.6413793103448275,-1.6352357320099256,-0.11031518624641845,-0.31958762886597936,-0.6398937935612347,0.0688073394495412,-0.06159674477339705,0.0,-0.005952380952380931,0.13379543805916017
2009-05-02,0.03197775460549179,0.06575963718820854,0.06820566631689395,0.17942583732057416,0.014033264033264103,-0.07668944570994685,-1.248,-1.248,-1.2469135802469136,-1.2469135802469136,-0.6127167630057804,-0.6904761904761905,0.0,-0.5964912280701755,0.05974025974025965,0.05097613882863339,-0.325268817204301,-0.33203125,0.008856682769726287,0.18181818181818188,0.0,0.06437768240343344,-0.017494019138755923,0.0,0.011976047904191711,-0.09637212388332039
2009-08-01,0.015493432132031026,0.015957446808510634,0.01964636542239684,0.04056795131845847,0.013326499231163469,-0.09621710526315785,-1.0,-1.0,-1.0,-1.0,-0.7761194029850746,-0.6153846153846154,0.13043478260869557,-1.2608695652173914,-0.014705882352941124,0.15170278637770895,0.39043824701195207,0.3742690058479532,0.008778930566640142,0.14102564102564097,0.0,0.06048387096774199,-0.002130573733069685,0.0,-0.017751479289940808,-0.02365343263229669
2009-10-31,-0.017247097844112824,-0.014659685863874339,-0.054913294797687806,-0.06822612085769986,0.0025290844714214167,0.10464058234758866,-inf,-inf,-inf,-inf,2.8,1.2999999999999998,-0.15384615384615385,-4.833333333333334,0.05721393034825861,-0.0044802867383513245,0.4641833810888252,0.4382978723404254,0.0015822784810126667,-0.011235955056179803,0.0,0.057034220532319324,0.02013115754155881,0.0,-0.012048192771084376,0.05747743876235489
2010-01-30,-0.04961187985150184,-0.05844845908607865,-0.11518858307849134,-0.09414225941422594,-0.017154389505549927,0.0914332784184515,-4.833333333333334,-4.833333333333334,-4.5,-4.5,0.0,0.0,0.0,5.826086956521739,0.36941176470588233,-0.009000900090008979,-1.477495107632094,-1.4822485207100593,-0.017377567140600347,-0.011363636363636354,0.0,0.05395683453237421,0.03423531170578542,-0.5892116182572613,0.0060975609756097615,0.03941887635883368
2010-05-01,0.051136363636363535,0.08972911963882613,0.16359447004608296,0.3210161662817552,0.0010266940451746365,-0.033207547169811336,1.347826086956522,1.347826086956522,1.4999999999999996,1.4285714285714284,0.6842105263157894,0.08695652173913038,0.40909090909090917,-0.8280254777070064,0.046391752577319645,0.27429609445958225,0.4795081967213113,0.48466257668711665,0.003215434083601254,0.29885057471264354,3.3105990783410144,0.05119453924914663,-0.04770164787510833,0.45454545454545436,0.0121212121212122,-0.17508063727885825
2010-07-31,-0.015878378378378355,-0.016571724495080264,-0.012871287128712883,0.01573426573426584,-0.017435897435897463,-0.14441842310694775,-0.8888888888888888,-0.8888888888888888,-0.8857142857142857,-0.8823529411764706,-1.34375,0.040000000000000036,0.032258064516129004,-4.592592592592593,-0.15927750410509034,0.0,0.09418282548476453,0.09090909090909083,-0.013621794871794823,-0.008849557522123686,-0.3181526619627967,0.04870129870129869,-0.0016697024893748136,0.09027777777777768,0.011976047904191711,-0.031813738558606586
2010-10-30,-0.000343288705801581,0.003159557661927437,-0.06318956870611836,-0.055077452667814164,0.03235908141962418,0.16788321167883202,7.666666666666666,7.666666666666666,7.25,7.25,-2.757575757575758,-0.1923076923076923,0.0625,-1.0309278350515463,0.04296875,-0.013542409123307175,0.7544303797468355,0.7613636363636365,0.036555645816409355,0.0,-0.09595484477892768,0.046439628482972006,0.03284172114946027,0.7261146496815287,0.01775147928994092,0.06161847942481269
2011-01-29,-0.005494505494505475,0.01522309711286085,-0.06745182012847961,-0.10928961748633881,0.023761375126390316,0.08749999999999991,0.09615384615384626,0.09615384615384626,0.09090909090909083,0.09090909090909083,2.5344827586206895,-0.2857142857142857,-0.11764705882352944,52.333333333333336,0.303370786516854,0.29046242774566466,0.2395382395382395,0.2451612903225806,0.02586206896551735,0.24999999999999978,-0.2712452306625043,0.044378698224851965,0.029294862358310025,0.23616236162361637,0.005813953488372103,0.13980229977809167
2011-04-30,0.07734806629834257,0.1065149948293691,0.13203214695752008,0.23926380368098155,0.053827160493827186,0.0431034482758621,0.6491228070175439,0.6491228070175439,0.6944444444444444,0.6666666666666667,-0.24878048780487805,0.9333333333333333,0.7,-0.35624999999999996,0.1479885057471264,0.0985442329227324,0.2083818393480792,0.21934369602763382,0.059587471352177124,0.0714285714285714,-0.1270823417420277,0.04532577903682733,-0.021739130434782594,0.19402985074626855,0.01734104046242768,-0.10710493046776237
2011-07-30,-0.0003205128205128194,-0.00046728971962617383,0.018255578093306246,0.02310231023102305,-0.008903467666354303,-0.12190082644628097,-0.6063829787234043,-0.6063829787234043,-0.6065573770491803,-0.6,-1.1753246753246753,0.27586206896551735,-0.13725490196078427,-2.145631067961165,-0.14768460575719644,0.18501529051987764,0.12042389210019255,0.12889518413597734,-0.002883922134102268,0.11999999999999988,-0.04689203925845142,0.046070460704606964,-0.008625730994152092,0.11249999999999982,0.017045454545454586,-0.023050348303788826
2011-10-29,-0.023725553061878846,-0.03740065451145391,-0.05179282868525892,-0.08387096774193548,-0.010401891252955098,0.09333333333333327,0.7837837837837838,0.7837837837837838,0.7916666666666667,0.7916666666666667,-6.111111111111111,0.21621621621621623,0.40909090909090917,-1.1440677966101696,0.02496328928046987,-0.14666666666666672,0.043852106620808184,0.046424090338770485,0.000723065798987621,-0.14880952380952384,-0.25800915331807783,0.041450777202072464,0.013714791328712561,0.03595505617977546,0.011173184357541999,0.050724637681159424
2012-01-28,0.0016420361247948545,0.009713453132588645,-0.012605042016806678,-0.035211267605633756,0.008122312470138615,0.07747489239598271,0.2272727272727273,0.2272727272727273,0.2325581395348839,0.2325581395348839,0.681159420289855,-0.15555555555555556,-0.6612903225806452,8.0,0.21919770773638958,0.2006048387096775,0.084019769357496,0.08153477218225413,0.0036127167630057855,0.20279720279720292,0.1264456437933692,0.042288557213930655,0.0064009310445154455,0.07158351409978292,0.005524861878453136,0.04656551724137925
2012-04-28,0.061639344262295115,0.08273208273208277,0.09042553191489366,0.15875912408759119,0.048815165876777256,0.05059920106524629,0.5802469135802468,0.5802469135802468,0.5849056603773584,0.5660377358490565,-0.4267241379310345,1.3421052631578947,0.7142857142857142,-0.9477124183006536,0.009400705052879044,0.22334172963895882,0.11170212765957466,0.11086474501108645,0.05111591072714172,0.2209302325581397,0.10814510609171823,0.042959427207637235,-0.012142237640936582,0.09919028340080982,0.016483516483516425,-0.06560704307027254
2012-07-28,-0.001235330450895633,-0.00044424700133272044,0.029268292682926855,0.053543307086614256,-0.015363759602349703,-0.13371356147021551,-0.5390625,-0.5390625,-0.5357142857142857,-0.5301204819277108,-0.7894736842105263,-0.4606741573033708,0.5,-10.25,-0.10360884749708965,0.06142759094028816,0.062200956937799035,0.06087824351297422,-0.011643835616438336,0.00952380952380949,-0.058678196417541795,0.041189931350114284,-0.014047410008779737,0.05340699815837935,0.00540540540540535,-0.05125673502778649
2012-10-27,0.020098948670377315,0.020000000000000018,-0.042654028436018954,-0.06576980568011959,0.05048187241854052,0.11485003657644488,0.7966101694915255,0.7966101694915255,0.7948717948717947,0.7692307692307689,2.5,-0.3125,-0.2777777777777778,-1.4594594594594594,0.04415584415584406,0.1341739411574523,0.09523809523809512,0.09783631232361234,0.052668052668052745,0.14622641509433953,0.05577427821522307,0.03956043956043964,0.02968239833778563,0.09440559440559437,0.0,0.09181731684110361
2013-02-02,0.02061230675962422,0.029629629629629672,-0.01980198019801982,0.01760000000000006,0.03844473569244222,0.12401574803149606,-0.018867924528301883,-0.018867924528301883,-0.014285714285714346,-0.02898550724637672,0.6020408163265305,0.2727272727272727,0.33333333333333326,1.2352941176470589,0.0945273631840795,-0.04275940706955528,0.029964747356051813,0.0359897172236503,0.04213298222514816,-0.09053497942386834,-0.14481044126786824,0.038054968287526414,0.01758431824733342,0.025559105431309792,0.010752688172043001,0.011819172113289866
2013-05-04,0.029106029106028997,0.03597122302158273,0.0,0.009433962264151052,0.04122843920908714,-0.04378283712784592,0.32692307692307687,0.32692307692307687,0.3333333333333335,0.3432835820895521,0.5987261146496816,0.1428571428571428,-0.6153846153846154,1.3289473684210527,0.20113636363636367,-0.003275759380583665,-0.003422703936109661,0.007444168734491496,0.03727100442198372,-0.045248868778280604,-0.057412790697674354,0.04073319755600813,0.011756373937677145,0.015576323987539054,-0.005319148936170137,0.026295957366636147
2013-08-03,0.01327561327561333,-0.02573529411764708,0.09595959595959602,0.1370716510903427,-0.019797979797979814,-0.11233211233211238,-0.5217391304347826,-0.5217391304347826,-0.5217391304347827,-0.5111111111111111,-1.043824701195219,1.9375,4.75,-2.5141242937853105,-0.2535477767265847,0.05049297878697345,-0.009158557527189415,-0.003284072249589598,-0.004872107186358221,0.014218009478673022,0.02313030069390898,0.039138943248532065,-0.032619347613047855,0.0030674846625766694,-0.005347593582887722,-0.14319057984317218
2013-11-02,-0.00968385075477074,-0.027253668763102756,-0.06820276497695854,-0.11917808219178083,0.016488046166529324,0.11554332874828055,0.5757575757575757,0.5757575757575757,0.5909090909090908,0.5909090909090908,-8.90909090909091,-0.7730496453900709,-0.20869565217391306,-0.9067164179104478,-0.03168567807351075,-0.00796359499431154,-0.023108030040439043,-0.01812191103789118,0.028763769889840862,-0.004672897196261738,-0.026375282592313476,0.03766478342749524,0.026338639652677465,-0.019877675840978548,0.0,0.10437390958342263
2014-02-01,0.002876042565429948,0.012931034482758674,-0.01978239366963408,-0.026438569206842955,0.012165450121654597,0.10419235511713931,0.16346153846153855,0.16346153846153855,0.18571428571428572,0.15714285714285725,1.3333333333333335,-0.15625,-0.08791208791208793,-4.76,0.12303664921465973,0.08686926605504564,0.028976936723831948,0.032718120805369066,0.019631171921475454,0.06103286384976525,0.08281733746130038,0.0362976406533575,0.009306260575296044,0.02808112324492984,0.005376344086021501,0.04043679498905228
2014-05-03,0.05219386291941497,0.07148936170212772,0.08577194752774964,0.13738019169329063,0.038862179487179516,0.04299274148520382,0.33884297520661155,0.33884297520661155,0.3493975903614459,0.3580246913580247,0.33990147783251223,0.5555555555555556,0.03614457831325302,0.5638297872340425,0.17132867132867124,0.12582432075969407,0.0431034482758621,0.04061738424045491,0.04550758459743287,0.10176991150442505,0.07076483202287354,0.038528896672504365,-0.012713048337524402,0.02124430955993928,0.016042780748662944,-0.0579381992541288
2014-08-02,0.007904061052057765,0.01350277998411431,0.037174721189590976,0.0547752808988764,-0.004242190512919408,-0.12152034261241973,-0.4320987654320988,-0.4320987654320988,-0.4375,-0.42727272727272736,-0.6691176470588236,0.0,0.03488372093023262,-1.3265306122448979,-0.047761194029850795,0.1513589503280226,0.04132231404958686,0.04371584699453579,0.002790178571428381,0.10040160642570273,0.07543391188251003,0.03709949409780777,-0.01202773454082351,0.028231797919762158,0.015789473684210575,-0.03913473773504883
2014-11-01,-0.021633315305570555,-0.026645768025078342,-0.08960573476702505,-0.13715046604527292,0.0077459333849729806,0.054844606946983454,0.30434782608695654,0.30434782608695654,0.33333333333333326,0.3015873015873014,-0.1444444444444445,0.0714285714285714,-0.2696629213483146,-0.14583333333333337,-0.0428422152560084,0.08160358160358161,0.01957671957671958,0.023186237845923552,0.018920422927100722,0.08029197080291972,0.018001241464928652,0.03577235772357712,0.03007734173589216,0.017341040462427904,0.005181347150259086,0.12807156940643294
2015-01-31,-0.011332227750138202,-0.011272141706924366,0.06397637795275601,0.07407407407407418,-0.04073789392774785,0.10398613518197575,0.21666666666666656,0.21666666666666656,0.2142857142857144,0.23170731707317072,2.5454545454545454,0.04444444444444451,1.476923076923077,-2.2439024390243905,0.05567685589519655,0.037817497648165554,0.05085625324338361,0.043859649122807154,-0.024030584380120068,0.016891891891891886,0.0012195121951221743,0.03453689167974883,-0.029755283648498332,0.032670454545454586,0.010309278350515427,-0.07946156053530895
2015-05-02,0.01509644953871958,0.009364820846905486,-0.0046253469010175685,-0.005747126436781658,0.023637820512820484,0.0026164311878598134,0.26027397260273966,0.26027397260273966,0.2843137254901962,0.27722772277227725,-0.21978021978021978,0.27659574468085113,-0.21118012422360244,-0.6274509803921569,0.01964839710444677,0.04949238578680215,0.045925925925925704,0.045518207282913004,0.026301063234471123,0.07641196013289053,-0.00974421437271622,0.03793626707132014,0.008455144740613374,0.03576341127922977,0.010204081632652962,0.015218068977243648
2015-08-01,0.0201046543651886,0.030657523194836722,0.04553903345724897,0.07080924855491322,0.009393346379647838,-0.11534446764091855,-0.3532608695652174,-0.3532608695652174,-0.35114503816793896,-0.34883720930232565,-0.431924882629108,-0.06666666666666665,-0.35433070866141736,-1.8421052631578947,-0.016227180527383367,0.1331836241147002,0.050047214353163394,0.048894842598794286,0.008724100327153872,0.1049382716049383,0.07564575645756433,0.03654970760233911,-0.01051584482023582,0.04249667994687911,0.010101010101010166,-0.0375167485484591
2015-10-31,-0.0024298056155507286,-0.025048923679060642,0.020444444444444487,-0.10931174089068829,-0.012407910042652182,0.05840707964601766,-0.32773109243697474,-0.32773109243697474,-0.3294117647058824,-0.3214285714285715,-0.33884297520661155,0.03571428571428581,0.37804878048780477,4.75,-0.09484536082474226,0.06920731707317085,-0.06519784172661869,-0.07471264367816088,0.00324324324324321,0.05865921787709505,0.012578616352201477,0.035260930888575404,-0.01005313801522334,-0.0789808917197452,0.0,0.09460556844547563
2016-01-30,0.021650879566982306,0.046166198313930096,0.06445993031358888,0.06060606060606055,0.002355712603062443,0.11872909698996659,0.9750000000000001,0.9750000000000001,1.0350877192982457,1.0,3.1375,-0.03448275862068961,0.18584070796460184,-2.5543478260869565,0.16287015945330285,-0.09309951525520388,0.017316017316017174,0.008971704623878418,0.010775862068965747,-0.0949868073878628,-0.031620553359683945,0.034059945504087086,-0.018859712752067326,0.009681881051175623,0.0,-0.013592284457633386
2016-04-30,-0.0045033112582781865,-0.005372217958557135,-0.11374795417348604,-0.17428571428571427,0.047786917352134806,-0.009965122072745358,0.2088607594936709,0.2088607594936709,0.2068965517241379,0.2192982456140351,-0.3595166163141994,0.1607142857142858,-0.16417910447761197,-0.7132867132867133,0.04015670910871694,0.004716239584970916,0.0009456264775413725,0.004103967168262779,0.053837953091684376,-0.005830903790087438,-0.029737609329445913,0.03689064558629784,0.05249149785598095,0.00273972602739736,0.0,0.20454484407316875
2016-07-30,0.001064395955295394,-0.002700617283950657,0.09325946445060018,0.16782006920415227,-0.036261682242990645,-0.10417715148465023,-0.33507853403141363,-0.33507853403141363,-0.3285714285714285,-0.3237410071942446,-0.25943396226415094,0.01538461538461533,0.8928571428571428,-3.8536585365853657,-0.11016949152542377,-0.1132843060553903,0.014643363249881913,0.01089918256130784,-0.021244309559939167,-0.15835777126099704,-0.1358173076923077,0.03430749682338008,-0.03722955886484969,0.004098360655737654,0.010000000000000009,-0.14601730443314598
2016-10-29,-0.018075491759702245,-0.026305609284332676,-0.10388513513513509,-0.1955555555555556,0.02133436772691999,0.059550561797752755,0.2362204724409449,0.2362204724409449,0.25531914893617014,0.24468085106382986,-0.4585987261146497,-0.06060606060606055,-0.5424528301886793,-0.3162393162393162,-0.08465608465608465,0.11522851596964889,0.12942271880819378,0.13814016172506727,0.027906976744185963,0.13937282229965153,0.08762169680111254,0.03439803439803435,0.0401284109149278,0.12380952380952404,0.00990099009900991,0.21041362022143284
2017-01-28,0.039523551705468396,0.046086611044894754,0.06503298774740807,0.1270718232044199,0.029244208127611193,0.12036055143160129,0.20382165605095537,0.20382165605095537,0.21186440677966112,0.20512820512820507,3.2588235294117647,0.17741935483870974,0.11340206185567014,-3.2625,0.20924855491329475,0.14572784810126582,0.03338829348722161,0.04440497335701599,0.038210155857214545,0.11314984709480136,-0.0019181585677749968,0.03325415676959609,-0.009960718294051651,0.03510895883777243,0.009803921568627416,-0.07186003365405358
2017-04-29,0.009635416666666563,-0.004177744018230123,-0.0663716814159292,-0.12581699346405228,0.04132841328413295,-0.05300520586843349,-0.04761904761904767,-0.04761904761904767,-0.04195804195804187,-0.03546099290780125,-0.5607734806629834,0.027397260273972712,-0.2685185185185185,-0.9779005524861879,0.029636711281070705,-0.007457533489849344,-0.030315117670522418,-0.0243764172335601,0.04067796610169494,-0.04395604395604402,-0.062139654067905115,0.03563218390804601,0.031458126682726295,-0.018713450292397682,-0.004854368932038944,0.1391348813425377
2017-07-29,0.017797265927263384,0.008390541571319687,-0.0028436018957346265,-0.12149532710280375,0.02551381998582558,-0.1499250374812594,-0.7166666666666667,-0.7166666666666667,-0.7153284671532847,-0.7132352941176471,-0.42138364779874216,0.0,-0.2911392405063291,-2.0,-0.00371402042711233,-0.14915820230972598,-0.14150555327025915,-0.126670540383498,0.08608655188459746,-0.18103448275862066,-0.14412568306010942,0.03440621531631516,0.007555982964692953,-0.10727056019070336,-0.019512195121951237,0.14785039482544016
2017-10-28,-0.03370501773948298,-0.05521936459909227,0.09885931558935357,0.20638297872340416,-0.08189357290946786,0.09935332157554377,1.0,1.0,1.076923076923077,1.076923076923077,1.6630434782608696,-0.28,5.071428571428571,37.25,-0.14259086672879773,-0.3362224039247751,-0.09726880689985618,-0.1024617431803061,-0.06083976006855174,-0.3894736842105263,-0.25219473264166004,0.03326180257510725,-0.04990455413144268,-0.09345794392523354,-0.00995024875621886,-0.2168518353924096
2018-02-03,0.03881458169420404,0.021216973578862985,0.24740484429065734,0.08641975308641969,-0.05193827625141134,0.18181818181818188,-1.4803921568627452,-1.4803921568627452,-1.5061728395061729,-1.5061728395061729,0.29387755102040813,0.5740740740740742,-0.5852941176470587,-1.7254901960784315,0.1206521739130435,0.005173688100517104,-0.44639065817409773,-0.4603409933283913,-0.02691605839416078,0.06896551724137945,0.09711846318036299,0.03219106957424711,-0.08725602755453499,-0.46244477172312226,0.005025125628140614,-0.06001452696567988
2018-05-05,0.0005049229992426518,-0.004312034496275929,-0.015256588072122046,0.060064935064935154,0.009527590313616496,-0.08371040723981904,-4.36734693877551,-4.36734693877551,-4.390243902439025,-4.365853658536585,0.3091482649842272,-0.2588235294117647,0.09219858156028371,0.6216216216216217,0.17458777885548016,0.0879901960784315,-0.0278044103547459,-0.05769230769230782,0.0196905766526021,0.11827956989247301,1.0087548638132295,0.035211267605633756,0.008962264150943478,-0.05479452054794509,-0.0050000000000000044,-0.06073118902733521
2018-08-04,-0.03305576583396419,-0.006299212598425252,-0.04929577464788737,0.10413476263399701,-0.023987416437278752,-0.12,-0.4666666666666667,-0.4666666666666667,-0.4532374100719424,-0.4565217391304347,-0.9710843373493976,-0.2063492063492064,-0.17532467532467533,-1.9555555555555557,-0.1420313790255987,0.11984681234512284,0.18343195266272172,0.14577259475218662,-0.006896551724137834,0.10096153846153855,0.10944309927360774,0.03304178814382919,0.00935016362786345,0.12463768115942031,0.02010050251256268,-0.1000077126770702
2018-11-03,-0.039665970772442605,-0.057844690966719514,-0.08962962962962961,-0.03606102635228847,-0.012489927477840501,0.04377104377104368,0.4772727272727273,0.4772727272727273,0.4999999999999998,0.5199999999999998,-1.4166666666666667,-0.12,0.15748031496062986,0.18023255813953498,-0.19538017324350332,-0.014685174009253732,0.11416666666666675,0.10178117048346036,0.0050925925925926485,-0.008733624454148492,-0.15495416848537757,0.03292568203198498,0.0282538212135246,0.09278350515463907,0.0049261083743843415,-0.022595480903819243
2019-02-02,0.03804347826086962,0.05887300252312877,0.06916192026037438,0.09928057553956826,0.022439820481436223,0.22150537634408596,0.21538461538461529,0.21538461538461529,0.20175438596491246,0.19298245614035103,-72.8,1.6590909090909092,-0.326530612244898,-1.7142857142857144,0.17344497607655507,0.0612494895875868,0.6215407629020193,0.6339491916859121,0.02763703362505754,0.052863436123347984,-0.06146694214876025,0.030965391621129212,-0.01501501501501501,0.6061320754716979,0.019607843137254832,-0.0367664250642975
2019-05-04,0.8136125654450261,0.029388403494837068,2.2922374429223744,0.6884816753926701,0.038308060654429266,-0.085387323943662,0.08860759493670889,0.08860759493670889,0.11678832116788307,0.11764705882352944,-0.11420612813370479,-0.23076923076923073,-0.5656565656565656,0.24137931034482762,0.1834862385321101,0.1800692574066951,0.006918819188191927,-0.15194346289752647,0.06320035858359474,0.15062761506276146,-0.270776004402862,0.03356890459363959,-0.42743902439024384,0.007342143906020615,-0.15865384615384615,-0.39034528794222945
