Quarter end,Assets,Current Assets,Liabilities,Current Liabilities,Shareholders equity,Revenue,Earnings,Earnings available for common stockholders,EPS basic,EPS diluted,Cash from operating activities,Cash from investing activities,Cash from financing activities,Cash change during period,Cash at end of period,Price,ROE,ROA,Book value of equity per share,P/B ratio,P/E ratio,Cumulative dividends per share,Equity to assets ratio,Net margin,Asset turnover,Current ratio
1996-03-31,0.12196194069488442,0.12424955981246955,0.49251538249609705,0.1387195121951219,0.029649965682910118,0.34647561409754357,18.75,18.75,19.0,8.000000000000002,-7.704941860465116,0.30743801652892566,28.26178010471204,0.8308157099697886,-0.7363304981773997,0.09868421052631571,0.02725563909774431,-5.282387190684134,0.029126213592232997,-0.01851851851851849,0.03538283062645031,inf,-0.0823132650512115,-0.0013774104683196287,-0.020408163265306145,-0.012691785826114077
1996-06-30,0.12196194069488442,0.12424955981246955,0.49251538249609705,0.1387195121951219,0.029649965682910118,0.34647561409754357,18.75,18.75,19.0,8.000000000000002,-7.704941860465116,0.30743801652892566,28.26178010471204,0.8308157099697886,-0.7363304981773997,0.09868421052631571,0.02725563909774431,-5.282387190684134,0.029126213592232997,-0.01851851851851849,0.03538283062645031,inf,-0.0823132650512115,-0.0013774104683196287,-0.020408163265306145,-0.012691785826114077
1996-09-30,0.18152731071859995,0.20161899011246143,0.5497784888013784,0.7575189647478804,0.04854908234457622,0.18566990547954254,0.9177215189873418,0.9177215189873418,0.8999999999999999,8.000000000000002,-0.09278127032300021,-0.3748419721871049,-0.08051529790660228,-0.9422442244224423,-0.16129032258064513,0.011976047904191711,0.02725563909774431,-5.282387190684134,0.037735849056603765,-0.01851851851851849,0.03538283062645031,inf,-0.11256295086429835,-0.0013774104683196287,-0.020408163265306145,-0.31629913102310936
1996-12-31,0.037663378374644285,0.00736483409494193,-0.0021439631555961736,0.013558117097445699,0.05890953783560415,0.21050284312632406,-0.14710042432814707,-0.14710042432814707,-0.1842105263157895,8.000000000000002,-1.7715651135005974,1.4014155712841254,-1.0171239540766686,-22.885714285714286,3.258241758241758,0.00591715976331364,0.02725563909774431,-5.282387190684134,0.04545454545454519,-0.02515723270440251,0.03538283062645031,inf,0.020552147239263796,-0.0013774104683196287,-0.020408163265306145,-0.006123016977455986
1997-03-31,0.07114135066041749,0.07017926734216684,0.19006883380416184,0.25586172344689384,0.011326569410258003,-0.27139172883853735,-0.9496959646213378,-0.9496959646213378,-0.935483870967742,8.000000000000002,-2.264787860018582,-0.3402105263157895,-59.48863636363637,-1.664490861618799,-0.6567741935483871,0.14117647058823524,0.02725563909774431,-5.282387190684134,0.008695652173912993,0.0903225806451613,0.03538283062645031,inf,-0.055906221821460766,-0.0013774104683196287,-0.020408163265306145,-0.14785774292915155
1997-06-30,0.05870946088729223,0.05227815649944656,0.09381477766633228,0.0856903498623689,0.037932603834814005,0.26028696036912957,14.934065934065934,14.934065934065934,11.5,8.000000000000002,-1.0384427032321253,0.22654754307594138,-0.4571595103944045,-3.282907662082515,4.368421052631579,0.04639175257731942,0.02725563909774431,-5.282387190684134,0.02586206896551735,0.035502958579881616,0.03538283062645031,inf,-0.019579751671442214,-0.0013774104683196287,-0.020408163265306145,-0.030744513820425756
1997-09-30,0.13124339556181752,0.1342450962749686,0.2592309573297469,0.3125114826382509,0.051416479200823595,0.19940819499473394,0.6806896551724138,0.6806896551724138,0.6399999999999999,8.000000000000002,-34.197452229299365,0.3080124869927159,2.1850393700787403,-0.047332185886402756,0.7752100840336134,0.16256157635467994,0.017383348581884617,-5.282387190684134,0.04201680672268915,0.13142857142857145,0.10196078431372557,inf,-0.07062834875791524,-0.0193103448275862,0.01041666666666674,-0.13584479186287446
1997-12-31,0.5968883630173953,0.21537973370434105,0.9095565211059058,1.044232922732363,0.363329767365959,0.34208655655446374,-15.183832581042266,-15.183832581042266,-15.536585365853659,8.000000000000002,-1.5800076745970837,0.8846459824980111,-0.4139790987751433,2.025293586269196,1.3211045364891518,0.04661016949152552,-5.715827338129497,-5.282387190684134,-0.2338709677419355,0.005050505050504972,0.014743263853584043,inf,-0.14622641509433965,0.0,-0.09278350515463918,-0.4054666724791839
1998-03-31,-0.018705681249471917,-0.03940273328848143,-0.0432831646921239,-0.04449465899753491,0.0070090039766455,-0.13699526420737784,-1.0083897471503789,-1.0083897471503789,-1.00503355704698,8.000000000000002,-1.9732054250744295,-0.38792739552553823,0.2640460210930009,-1.1370558375634519,-0.07800815771583958,-0.05668016194331993,-0.10335621662852779,-0.15057783820530257,0.010526315789473717,0.23115577889447247,0.0,inf,0.026191937794147524,0.0,-0.03409090909090917,0.005352691010412247
1998-06-30,0.05557726571245003,0.07466836708027147,0.0628064254680254,0.06988576915910616,0.04839135717681864,0.266182894689339,8.5,8.5,8.333333333333334,8.000000000000002,1.0033990482664854,0.17999999999999994,0.029884708737863974,3.984749455337691,-0.4217511520737327,0.0429184549356223,-0.13313483623989786,-0.16966786714685878,0.04166666666666674,0.03265306122448974,0.0,inf,-0.006779661016949046,0.0,0.0,0.004448982568740378
1998-09-30,0.11869235113258458,0.17253856778787235,-0.23437929741217656,-0.25078033946441247,0.4744771982867222,0.17646555656934315,0.8972776769509982,0.8972776769509982,0.5714285714285714,0.6296296296296295,2.9217848659653884,-0.12653419053185266,2.7353071144498453,-0.7548076923076923,-0.17883328020401656,-0.26337448559670784,-0.25711481844946027,-0.21108433734939747,0.22999999999999998,-0.2924901185770751,0.0,inf,0.31800843204175866,0.0,0.0,0.56505954109788
1998-12-31,0.13205187171174404,0.22317991770639756,0.2606381241631559,0.291594399842652,0.06477051365298525,0.20937446983834618,0.5270709776162235,0.5270709776162235,0.5454545454545456,0.4772727272727273,-1.2346960847934243,1.0157243225158914,-0.9361962222485114,-1.1497326203208555,0.032608695652173836,0.1955307262569832,-1.5412813738441216,-1.5754428833231522,0.04878048780487809,-0.027932960893854775,0.0,inf,-0.05940594059405924,0.4852320675105486,0.04705882352941182,-0.05298320497355491
1999-03-31,0.04431969637663569,-0.0150223470128249,0.5765892958914045,0.6183982833806327,-0.2854162487462387,-0.22202404809619236,-4.370333249812077,-4.370333249812077,-3.7941176470588234,-3.923076923076923,-1.904700460829493,-0.7530290456431535,4.416563658838072,24.523809523809526,1.607894736842105,0.1869158878504673,-1.651006711409396,-1.618895966029724,-0.3875968992248062,0.13218390804597702,-0.26753507014028066,inf,-0.3157894736842106,0.0,-0.011235955056179803,-0.3913874191651969
1999-06-30,0.03363318056306763,0.06458631706510953,0.04535857179240721,0.04879175398828117,0.017607096737970895,0.19306560881996848,-1.034569920452011,-1.034569920452011,-1.0368421052631578,-1.0315789473684212,-1.3926242868785657,1.053763440860215,-1.0979005020538566,-1.7000932835820897,-0.21637595502378548,-0.24803149606299213,0.13589503280224924,0.0823327615780447,0.0,0.2284263959390862,0.0,inf,-0.015384615384615219,0.0,-0.011363636363636354,0.015052724784673455
1999-09-30,0.011800994202778803,0.010917651928698868,-0.03705595724614896,-0.047247755058763996,0.08039901570241548,0.1473141031177132,5.644086021505377,5.644086021505377,5.142857142857142,6.166666666666667,-1.5246497145822522,0.006871727748691159,-3.656177156177156,-0.13657561625582948,-0.23841059602649006,0.005235602094240788,-0.030528052805280592,-0.12044374009508718,0.07594936708860756,0.004132231404958775,0.0,inf,0.06778846153846141,0.0,0.011494252873563315,0.0610626486915149
1999-12-31,-0.11510928441166068,-0.11332693538067817,0.0843338094266477,0.09130598548144087,-0.36469578894687926,-0.09347183800974801,-6.639100178022334,-6.639100178022334,-6.6976744186046515,-6.6976744186046515,10.488625123639961,-1.0490737731556712,4.607722685388328,-1.0887345679012346,0.02777777777777768,-0.08854166666666663,4.47404255319149,3.6648648648648647,-0.3647058823529411,-0.1522633744855968,0.0,inf,-0.28208014407924353,0.0,0.0,-0.18751868460388643
2000-03-31,0.017061416999897494,0.023126267254504285,0.09748754309111973,0.1034106775858552,-0.15472171312819527,-0.2386033380386947,-0.8879003558718861,-0.8879003558718861,-0.889795918367347,-0.889795918367347,-0.4063710718897977,-18.43708609271523,0.07010954616588427,35.30434782608695,0.9811985898942421,-0.017142857142857126,-0.3512126865671642,-0.4121282348397065,-0.16666666666666674,0.5485436893203883,0.0,inf,-0.1690185010975227,0.0,0.011363636363636465,-0.0727623953638119
2000-06-30,-0.07046797185313625,-0.07763484540735721,-0.05103216514642339,-0.051292076920342655,-0.12436760622313514,0.43301161459185344,0.6833077316948284,0.6833077316948284,0.6666666666666665,0.6666666666666665,-0.8037708484408992,-0.36726167869350546,-0.9075753144194209,-1.4318562874251497,-0.21387900355871892,-0.436046511627907,0.4502755811167025,0.288436268068331,-0.11111111111111105,-0.32288401253918486,0.0,inf,-0.05773584905660378,0.0,0.0674157303370786,-0.02777777777777779
2000-09-30,-0.10209969198733249,-0.12748501345730368,0.012228172495284406,0.012978643686774038,-0.4457090727426747,-0.2406392694063927,1.7603041825095058,1.7603041825095058,1.7777777777777777,1.7777777777777777,-1.3798965262379896,0.0006002400960383181,-0.629746835443038,-0.4570160843039379,-0.14772898747547913,-0.061855670103092675,0.0,0.7414584395716473,-0.45000000000000007,0.05092592592592582,0.0,inf,-0.38285943131758116,0.0,0.0,-0.13867346938775515
2000-12-31,0.008521560574948683,0.07209646747465182,-0.014957768400911009,-0.5822742672841059,0.13738782867667232,0.43332832230908,-1.141936194831671,-1.141936194831671,-1.1360000000000001,-1.1360000000000001,21.653696498054476,-0.21235752849430112,-9.826923076923077,-7.34320735444331,1.0995042492917846,-0.35164835164835173,0.12425644415069415,-0.5733528550512446,0.13636363636363646,0.1806167400881058,0.0,inf,0.1278390655418562,0.0,0.09473684210526323,1.5666390238123449
2001-03-31,-0.07235120455593413,-0.09488466380029104,-0.10904860617833378,-0.18525208521489667,0.10208440999138668,-0.1177303476847239,0.5038819875776397,0.5038819875776397,0.588235294117647,0.588235294117647,-0.23436963242871867,0.36176694592536185,1.3815056886952313,-1.4579710144927536,-0.23983808399392814,0.423728813559322,-0.18959435626102294,-0.2532601235415237,0.08000000000000007,0.25373134328358193,0.0,inf,0.18814729574223232,0.0,0.14423076923076916,0.11091622432494797
2001-06-30,-0.019998838027487142,-0.022721936241307694,-0.08716167294441146,-0.11211093722830812,0.23808928348130554,0.018287367253130515,0.45172947857511625,0.45172947857511625,0.40740740740740744,0.33333333333333326,0.21031968592260242,-0.08501118568232657,0.00924984752998581,-0.6789732770745429,-0.10128688706456623,1.464285714285714,-0.6507072905331883,-0.650735294117647,0.2222222222222221,1.2827380952380953,0.0,inf,0.26343825665859577,0.0,0.050420168067226934,0.10067309290344006
2001-09-30,0.0670900000658714,0.09129133014212587,0.004857094477171753,1.5411015911872705,0.24340975659024333,-0.07580503940071992,0.09761735419630146,0.09761735419630146,0.07894736842105265,0.05555555555555558,-0.18962001853568122,-0.4327628361858191,-0.6745895860610334,-6.456736035049288,0.6149858042217011,0.8888888888888891,-3.5285565939771546,-4.021052631578947,0.21212121212121215,0.5449804432855281,0.0,inf,0.16519739363740893,-0.16382575757575757,0.040000000000000036,-0.5705333886980484
2001-12-31,0.14223807995259152,0.18907132514204905,-0.2887931034482759,-0.31620168779623137,1.129152790187637,0.3685972336259711,0.6625627733678925,0.6625627733678925,0.6097560975609757,0.5789473684210527,-1.084629460201281,-1.386853448275862,-1.836892602909316,-0.5120433560818949,0.1858136513032178,0.3069053708439897,-0.05605749486652978,0.382404181184669,0.9750000000000001,0.07848101265822782,1.369357045143639,inf,0.8638157894736842,0.3703284258210644,0.007692307692307665,0.738859101696405
2002-03-31,-0.026670197472951518,-0.053047621082316754,-0.1934904601571268,-0.21508572716642482,0.10091751869372811,-0.10628086206100884,-0.15541264737406213,-0.15541264737406213,-0.21212121212121215,-0.18333333333333335,-19.5,-9.289693593314762,-7.651997041420119,-3.979432332373509,-0.46686863478148766,0.18199608610567508,-0.13508810093539259,0.14051669817265267,0.08860759493670889,-0.40140845070422526,-0.1336605080831409,inf,0.13113307447935063,0.14380165289256208,0.0,0.2064398726179042
2002-06-30,0.045518397805700106,0.052522335529284314,-0.07330611992454461,-0.06251570520874461,0.1120948808358384,0.09461599366587481,0.10256114443931708,0.10256114443931708,0.09615384615384603,0.10204081632653073,-0.8582907231555881,-0.42405913978494625,-1.1318174236948908,-1.3776059643794007,0.3306734373110869,-0.07284768211920534,-0.12374245472837031,0.07071823204419903,0.10465116279069764,-0.14901960784313728,-0.18427190936354554,inf,0.06366047745358072,0.06936416184971095,0.0,0.1227217496962334
2002-09-30,0.0694951168607707,0.09879533567692711,0.016701983882001503,0.0434799257146139,0.09414340022435508,0.013523075713499422,0.11436643298106097,0.11436643298106097,0.10526315789473695,0.11111111111111094,10.855670103092784,-0.5262543757292882,-3.3525938422606494,5.111151736745887,1.5186262038887879,-0.13035714285714284,-0.08122847301951774,0.07017543859649122,0.08421052631578951,-0.21198156682027647,-0.20833333333333337,inf,0.02303065864749887,0.05270270270270272,0.01526717557251911,0.05299298402746677
2002-12-31,0.16105806233768805,0.13214724644466558,0.009206682640233721,-0.034420755201644004,0.22693712487451312,0.16254751376929644,0.19098591549295785,0.19098591549295785,0.19047619047619047,0.16666666666666674,-0.2873913043478261,0.9901477832512315,-1.5675869487271423,0.12995093933229618,0.6813131313131313,-0.008213552361396315,-0.06685410809122139,-0.0024108003857280513,0.21359223300970864,-0.0857699805068225,-0.10577915376676994,inf,0.05678233438485791,0.021822849807445532,-0.022556390977443663,0.17249078537000284
2003-03-31,0.04295575266655827,0.05171017489446017,0.05624847548581191,0.05590392581613646,0.03821223603962243,-0.0768830406234986,-0.27861873226111633,-0.27861873226111633,-0.29333333333333333,-0.27142857142857135,-0.5887126296522269,0.4975247524752475,-1.961781427668983,-0.9215821243248967,0.03177702441745689,0.20496894409937894,-0.09206561767659871,-0.06283228612856462,0.03200000000000003,-0.006396588486140775,0.15291402192729375,inf,-0.00461329715061054,-0.029522613065326664,-0.03076923076923077,-0.003959737629598337
2003-06-30,0.6944592522122806,0.9263167092644777,3.1560335006312163,0.007990210192916791,-0.1992152566624933,0.08661144121091202,0.06174863387978147,0.06174863387978147,-0.4716981132075472,-0.47058823529411764,-0.47945408693072245,-0.7566115702479339,-51.23645320197044,104.41525995948683,3.2466155093892324,0.18213058419243988,-0.019911504424778848,-0.20319752449716344,-0.16279069767441856,0.14377682403433467,0.1721721721721723,inf,-0.5273991275899673,-0.037540453074433655,-0.17460317460317454,0.9110524399126001
2003-09-30,0.027317101502585706,0.030423220421632813,0.03918859348548431,0.17340926944226243,0.0049486982620228215,-0.06559165535776057,0.11837364899639735,0.11837364899639735,0.1785714285714286,0.18518518518518512,2.4217725847819893,2.500848896434635,-1.0835131071451918,-1.0082628747117601,-0.006317119393556503,0.04069767441860472,-0.0003762227238525151,-0.16504854368932032,0.0092592592592593,0.24390243902439024,0.04056362083689158,inf,-0.021632535333141023,-0.01479488903833226,-0.15384615384615385,-0.12186175027392698
2003-12-31,0.06104464216306371,0.05133510338281222,0.018005204434463407,0.07017116774438947,0.14490307614304854,0.38703155256862964,0.3771744132535666,0.3771744132535666,0.36363636363636354,0.34375,-0.5862413592071292,5.3913676042677015,-0.9760469667318983,2.8170542635658915,-0.024266079234366744,0.08798882681564235,0.06624012043658256,-0.09534883720930232,0.1376146788990824,0.07843137254901977,0.07016823963890007,inf,0.07900943396226423,-0.021843003412969186,-0.07954545454545447,-0.01759525488706848
2004-03-31,0.11815560040228856,-0.32069047637740666,0.035447036042313806,0.10465331191264915,0.2614442921100204,0.11750877697250917,-0.152375860455791,-0.152375860455791,-0.15555555555555556,-0.16279069767441867,2.920289855072464,11.297594658168299,-8.369281045751634,27.84017059301381,-0.7172425287762698,0.22079589216944795,0.031768443346276154,-0.07712082262210795,0.25,0.07272727272727275,0.14417177914110435,inf,0.12814207650273213,-0.043265875785066354,-0.024691358024691357,-0.38504583440709783
2004-06-30,0.03148857424802887,0.05081036933733474,-0.021169818467115742,-0.05837988107802006,0.10637254194739798,0.09584699754733106,0.41338799968461726,0.41338799968461726,0.3947368421052633,0.38888888888888884,0.001437666872047716,-0.9674646757573888,-2.3853658536585365,-1.077593673640403,0.19682409259788503,0.22607781282860162,0.034211426616489904,0.10399257195914569,0.09677419354838701,-0.019556714471968717,0.1327077747989276,inf,0.07241462823928324,0.040116703136396925,0.05063291139240489,0.11596024904214564
2004-09-30,0.08492748824836083,0.1628196009708096,0.03647337654261262,0.1358492113392198,0.1458892974815047,-0.07146988557776934,-0.061474952582840525,-0.061474952582840525,-0.05660377358490576,-0.12,0.10438884331419196,-0.289967760288261,-2.9497439180537772,1.5312641800526365,0.416279868065609,0.26500857632933106,-0.04697320542507444,0.030277544154751812,0.1352941176470588,0.1542553191489362,0.08431952662721898,inf,0.05623306233062331,0.0028050490883588797,0.03614457831325302,0.023737996888578916
2004-12-31,0.09904333045906655,0.15630271176928678,0.020903263655787763,0.0670629715647224,0.1879668159972081,0.2975290920744973,0.43021873514027575,0.43021873514027575,-0.30000000000000004,-0.4545454545454546,-0.3254410399257196,0.08600427350427342,0.007387949433590446,-0.07511114298006594,0.27184783181411043,-0.008135593220338966,-0.021867407150295115,0.05795918367346942,0.1658031088082903,-0.1267281105990783,-0.0769440654843111,inf,0.0810348514004704,0.0356643356643358,0.023255813953488413,0.08363245735845104
2005-03-31,0.040071354196094866,0.014238659788192498,0.0028830581966357016,-0.040034282878859684,0.07644017843172946,-0.24636461043930813,-0.3887872994763527,-0.3887872994763527,-0.4,-0.20833333333333326,-0.1692360633172746,2.3753074274471224,0.9379074315514992,-0.8092413846571307,0.0407732078348193,0.06356801093643205,-0.08765081618168913,-0.03317901234567899,0.08000000000000007,-0.0870712401055409,0.033697901271061204,inf,0.034810126582278444,0.029709655638082255,-0.06818181818181823,0.056529413186972466
2005-06-30,-0.028047377872838397,-0.06345673038148236,-0.028659797170809576,-0.10760772520088346,-0.02748938038396731,0.2090992180359501,0.6707690215543618,0.6707690215543618,0.6666666666666665,0.631578947368421,0.5837130312318781,-0.4115418245409501,-2.7822723067866453,-4.582808372282056,-0.14035967614816935,-0.11503856041131111,0.004278490859587647,0.0430965682362332,-0.02880658436214001,-0.18063583815028905,-0.12496425507577913,inf,0.0005733944954127157,0.06491803278688524,-0.012195121951219412,0.049477080806462626
2005-09-30,0.06699808526709639,0.09610007865291093,0.0344861103662788,0.1299431309567689,0.09658527657887106,-0.1369439396484584,-0.29415594986163107,-0.29415594986163107,-0.2857142857142857,-0.29032258064516125,0.36103991212010245,-0.15998018821198612,-1.4035766526683338,-2.469116896375702,0.23987331221870312,0.1771968046477852,-0.06545313710302092,-0.03442999234889066,0.09745762711864403,0.21164021164021163,0.10359477124183014,inf,0.027889207258834814,0.001847290640394128,-0.03703703703703709,-0.029939597461784984
2005-12-31,0.03925459963391509,0.06205151842113543,0.054289611555172534,0.04910584260499795,0.02634697226780891,0.3823375888030718,0.9685193726937269,0.9685193726937269,0.96,1.9545454545454546,-0.3876782351358623,2.5906544811320753,-3.398105927744651,-2.035711528067331,-0.20037495145050943,-0.2233189389265886,0.07956900124326571,0.09270998415213927,0.030888030888030826,-0.2925764192139738,-0.22327509623926567,inf,-0.012451217245865176,0.09711124769514434,-0.012820512820512886,0.012340961201276812
2006-03-31,0.020519053715622126,0.01701196928524573,0.0006791703672743843,-0.001954469739033904,0.03801540454547925,-0.2490159811068372,-0.6292250014644719,-0.6292250014644719,-0.6326530612244898,-0.7384615384615385,1.1404720060256088,-0.5546615214089248,-0.7499878114182634,-1.7546501658776605,0.18910486936865412,0.016679904686258906,-0.053742802303263004,-0.045685279187817285,0.03745318352059934,-0.01440329218107006,-0.28745711017918407,inf,0.01712457659013933,-0.03977591036414563,0.0,0.01900743865882104
2006-06-30,0.05789928975328351,0.08332181642287195,0.013135023248100453,0.03984467142888937,0.09595596970306186,0.18076683796521187,0.6913658266845721,0.6913658266845721,0.7222222222222223,0.6470588235294119,-0.42950560084452527,-0.23073377581120946,-0.9331123244929798,-0.20874289948135338,0.12583462946379464,0.007031250000000044,-0.09330628803245433,-0.07826747720364735,0.10469314079422376,-0.029227557411273475,0.02193686463349387,inf,0.03589269195189626,-0.049591598599766695,-0.038961038961038974,0.04179468741147496
2006-09-30,-0.01238434695380286,-0.024265782158540028,0.18504069476651663,0.7292279706810765,-0.16754295896950888,-0.038527607361963145,0.2643033954509364,0.2643033954509364,0.2903225806451615,0.2857142857142856,0.08835774865073254,-0.23714799281006593,134.8921282798834,-2.9321430800923904,-0.2159557915448539,-0.0426687354538402,0.12080536912751683,0.08573784006595231,-0.12745098039215685,-0.1333333333333333,-0.020942408376963484,inf,-0.1569923200571529,0.07243707796193988,0.013513513513513598,-0.43573385764186656
2006-12-31,0.07803644654308917,0.11585925314249024,0.021632530906356306,0.05425574703752978,0.14114007549372842,0.39551241629883194,0.4686368673808645,0.4686368673808645,0.5249999999999999,0.44444444444444464,0.9091338433928402,1.8071002199183162,-0.936130956212053,-1.848211689444606,0.23362997241256567,0.22366288492706654,0.038722554890219474,0.022779043280181988,0.12734082397003732,0.4044665012406947,0.10588235294117654,inf,0.05847457627118624,0.004579278763594763,0.026666666666666616,0.05842013567112714
2007-03-31,0.02065155835759791,0.03231442843340804,-0.040563751264409253,-0.1468894719233681,0.0819657330872321,-0.13198564812075375,-0.33937015796357783,-0.33937015796357783,-0.34426229508196715,-0.326923076923077,-0.15537799327132396,-0.5647453833240067,2.2038965401410815,-0.43473126880737445,0.10705294215245664,0.09205298013245033,0.10069177555726361,0.09576837416481077,0.07973421926910307,-0.03180212014134276,0.19922630560928445,inf,0.060048038430744466,0.054131054131054235,0.038961038961039085,0.21006549224249627
2007-06-30,0.06924484828100086,0.09206674764531342,-0.00973916674278108,-0.028944525858806802,0.1393972686563012,0.14212056047544985,0.10740938166311298,0.10740938166311298,0.09999999999999987,0.08571428571428585,-1.1196438508625488,0.7993057341218823,-2.4234640385825124,-1.123921832884097,-0.011983344519525874,0.23771983020012133,0.020949720670391025,0.027100271002709952,0.12307692307692308,0.14598540145985406,0.08991935483870961,inf,0.06570996978851973,-0.006486486486486531,0.02499999999999991,0.12462736244971206
2007-09-30,0.0702114713445996,0.09130874777772702,-0.009663656272153043,-0.043807566954796706,0.13186947314459374,0.03694057385944349,0.19528966821385585,0.19528966821385585,0.15909090909090917,0.18421052631578938,-8.59314565483476,-0.29446230796713113,-1.7961258009869634,-10.961392060902664,0.12081860391494748,0.22048015678588917,-0.054035567715458255,0.0032981530343008103,0.12328767123287654,0.08598726114649691,0.14465408805031443,inf,0.05758327427356469,-0.022306855277475446,0.03658536585365857,0.14131301953316
2007-12-31,0.09881924099734274,0.09524796115628886,0.06717740476215828,0.23107360122112963,0.12019029440996687,0.26964375418620223,0.3403422982885085,0.3403422982885085,-0.33333333333333326,-0.33333333333333337,0.7740344316203496,4.652217946121127,-4.137663058562309,0.8416944156340411,0.1985253879241864,0.295463669209153,-0.05965292841648595,-0.013149243918474718,0.1073170731707318,0.1539589442815248,0.2268907563025211,inf,0.019433740995141724,-0.023928770172509717,0.0117647058823529,-0.11033192026697936
2008-03-31,0.061625514001538484,-0.018213382923447097,0.017920860959353302,0.031298527765405426,0.08974690144799657,-0.023607573546988503,-0.19878962164946246,-0.19878962164946246,-0.20588235294117652,-0.19999999999999996,0.002507859777927113,0.44178462641103744,-1.8414270971546514,-2.3217736676744325,-0.2189404019029757,-0.11930585683297179,-0.03306420607458671,0.005996002664889977,0.09030837004405279,-0.204574332909784,-0.1588514225500527,inf,0.026458504519309756,-0.01425313568985176,0.011627906976744207,-0.04802940058294258
2008-06-30,0.08512837489884495,0.11621615742237035,0.016383001655937424,0.02845186819343759,0.12644652921326482,0.10160992123458246,0.21720147854502603,0.21720147854502603,0.2222222222222221,0.20833333333333326,-0.8505211637813831,-0.7244923321651381,-2.1391176367522866,-1.401735659505763,0.11261133845003046,0.2332864180154819,-0.005168986083499139,0.029139072847682135,0.11111111111111116,0.1309904153354633,0.14938928906984028,inf,0.03810438680755679,0.01908617698091386,0.011494252873563315,0.08535676251331203
2008-09-30,0.006663491557713064,0.04258165462768715,0.012443482536224293,0.029628242451068765,0.0035289689137050217,0.06039589543946233,0.22423695618687156,0.22423695618687156,0.21212121212121215,0.2068965517241379,7.0481445549357264,-0.7260138030583247,-1.5036453686898206,0.6243929667876083,0.16441057163195905,0.11840228245363793,0.043165467625899456,0.06306306306306309,0.005454545454545601,0.007062146892655274,0.01253405994550394,inf,-0.0030845157310301907,0.032349602724177196,0.03409090909090917,0.012584016091841344
2008-12-31,0.04716994633273708,0.08485479671540164,-0.038645111990839864,-0.05050209989087184,0.0941213551516289,0.09254173592541726,0.17417719698739953,0.17417719698739953,0.17499999999999982,0.14285714285714302,0.3341369697882921,-0.13648337174843594,-1.9171145858783287,1.8637847496649598,0.40435607438998944,-0.18571428571428572,0.02298850574712641,0.04963680387409197,0.07052441229656403,-0.19074333800841514,-0.27206673842841755,inf,0.044709158415841666,0.04013194062671799,0.01098901098901095,0.14254221274740186
2009-03-31,0.02001033839346511,0.03854759742129876,-0.24635441815548043,0.01383253519082861,0.1480605002964066,-0.10039358359517114,-0.169174716409228,-0.169174716409228,-0.1914893617021276,-0.1250000000000001,-0.16051502145922747,1.092278360343184,-2.0743922743922747,-0.54615486146942,0.1306755757630198,-0.20676691729323315,-0.009363295880149836,0.04325259515570945,0.08445945945945943,-0.25823223570190634,-0.26876155268022184,inf,0.12557381904338816,0.04862579281183921,-0.010869565217391353,0.024383520980429507
2009-06-30,0.041016773355569525,0.02345518367617805,-0.04151717068170169,-0.10221117841724969,0.06706261237067657,0.02199297048486004,0.025445902122641417,0.025445902122641417,-0.02631578947368418,0.0,-0.22326714024324612,1.7349188992163294,0.3365360773617654,-0.49403801919466994,0.05847554733931215,-0.06674565560821488,-0.030623818525519875,0.016583747927031434,0.05763239875389403,-0.14018691588785048,-0.14054600606673417,inf,0.02499671095908429,0.030745967741935498,-0.01098901098901095,0.13996232897977778
2009-09-30,0.05708942793979599,0.0745367722153647,-0.08371383518442344,0.01998010280218865,0.09700229322139298,0.027250357941995373,0.07873789373438989,0.07873789373438989,0.08108108108108114,0.08571428571428585,0.1665944953492804,-0.8936460866957652,-0.15625434812856542,1.9742383863719497,0.16431198434189187,0.044435040203131715,-0.07371294851794086,-0.021207177814029476,0.09572901325478655,-0.013586956521739246,0.0011764705882353343,inf,0.03786420228468734,0.011246943765281348,-0.033333333333333326,0.05349069450748978
2009-12-31,0.06374449774609925,0.04606539976400481,0.05312777077355313,0.11036707744827723,0.0662582034409056,0.0910759123525231,0.0036312151245108115,0.0036312151245108115,-0.025000000000000022,-0.26315789473684204,0.07419340470074687,18.899122807017545,-1.6784850483729112,-0.6709828173864155,0.04643211345829612,0.2139384116693679,-0.10357894736842099,-0.06499999999999995,0.05779569892473124,0.11019283746556474,0.18918918918918903,inf,0.002349740291862412,-0.02949709864603489,-0.034482758620689724,-0.057910067044690816
2010-03-31,0.03033700073186374,0.023573938456815657,-0.01692717584369452,-0.029365226841450265,0.041389857852426104,-0.07787264090383872,-0.07232834879591055,-0.07232834879591055,-0.05128205128205132,0.24999999999999978,0.13632719632885504,-0.40410592273056456,-0.8690755894029004,1.12383190046457,0.09423831942887873,-0.008344459279038707,-0.05636449037106628,-0.0386215092097445,0.039390088945362,-0.062034739454094434,0.07954545454545481,inf,0.010734114743985224,-0.006477329347284511,-0.03571428571428559,0.054536140941439104
2010-06-30,0.02685800953664863,-0.09521777505819651,-0.10095578802825811,0.1556539193391191,0.05507382104897052,0.1525767669806264,0.06367295822524377,0.06367295822524377,0.027027027027026973,0.05714285714285716,-0.480848061694907,3.8006340819022455,-16.814975247524753,-5.457772860986096,-0.3839136460092677,-0.021204981487714658,-0.04430064708810344,-0.026576019777503124,0.022004889975550057,-0.05820105820105814,-0.021510297482837615,inf,0.0274658203125,-0.02758274824473428,0.0,-0.2170812948891433
2010-09-30,0.10287080121776149,0.13313355735828525,0.17739763743131953,0.07202056152645242,0.08885152172483068,0.004119190778327786,0.058885861338177525,0.058885861338177525,0.05263157894736836,0.05405405405405417,0.992830365510778,-0.9831539206621759,-1.2272567202723323,-1.5379725773975037,0.33523711782258614,-0.05364511691884455,-0.04791666666666672,-0.041269841269841345,0.0861244019138756,-0.0758426966292135,-0.0673526660430308,inf,-0.01271236782701679,-0.025270758122743597,-0.012345679012345734,0.057014336679297006
2010-12-31,0.07171823249050813,-0.06271553310853595,0.14293712214055776,0.1704346441649418,0.057231758032451285,0.3063967494443558,0.10907791279485357,0.10907791279485357,0.09999999999999987,0.0,-0.467326639546641,78.31198954590003,1.0051652892561984,-2.958084334570464,-0.49161496487261225,-0.00835755813953487,-0.01969365426695835,-0.01788079470198678,0.05176211453744495,-0.08510638297872353,-0.015546639919759353,inf,-0.013598074608904942,-0.052380952380952306,0.03749999999999987,-0.19919500230598297
2011-03-31,0.04124527822405222,0.07083421047394922,-0.010636073643086719,-0.045828982480566216,0.052653840798450924,-0.14022050173468426,-0.2650597232963823,-0.2650597232963823,-0.2727272727272727,-0.17948717948717952,0.37699200988831505,-0.982423982798817,-1.6650352052206765,-1.3056873306704646,0.29560363886774677,0.16306339318431662,-0.0764508928571428,-0.07417397167902884,0.051308900523560075,0.10299003322259148,0.07794192562404478,inf,0.010979626692692479,-0.0759352317141262,0.0,0.12225130890052349
2011-06-30,-0.0017290956013028547,-0.00230429169437818,-0.05662912121916541,-0.05598416744934931,0.009617424422043497,0.04414336015423137,-0.4288414693559388,-0.4288414693559388,-0.40625,-0.4375,-0.6889526496329305,2.9404734005155846,1.4072304712717885,-1.2558502066839488,-0.05837452893149875,0.08790170132325148,-0.16616314199395765,-0.1660597232337946,0.008964143426295035,0.03614457831325302,0.11011342155009451,1.0,0.011343067455050093,-0.1570996978851963,-0.012048192771084376,0.056869605784931165
2011-09-30,0.08892658556988309,0.15765564404500032,0.7747123861945373,-0.030109618732899857,-0.04350886517152519,-0.04775984674997624,1.208161315636835,1.208161315636835,1.1578947368421053,1.2222222222222223,1.3655758825045092,1.212263589865588,-8.523224629907745,-10.50756486616006,0.589405912860429,-0.17723718505647268,-0.008695652173913104,-0.0393013100436681,-0.02073050345508398,-0.18604651162790697,-0.054916985951468655,0.5,-0.12158453645149747,-0.017204301075268935,-0.024390243902438935,0.19358612165621958
2011-12-31,0.021277192862286798,0.04495616077824982,0.024215114025075257,0.06028896572252873,0.020224496955858484,0.10231413282632285,0.17633152551800868,0.17633152551800868,0.1707317073170731,0.19999999999999996,1.531282676890903,-0.7618356319057988,-1.2739781695814292,-0.5222607055163921,0.17716202179445073,-0.0876451953537486,0.020467836257309857,-0.0072727272727272085,0.03326612903225801,-0.06785714285714284,-0.09504504504504507,0.33333333333333326,-0.0010866612333604309,0.045951859956236296,-0.050000000000000044,-0.014460326559292858
2012-03-31,0.008935137811366234,0.00755999821717257,-0.029390845070422555,-0.10324364013302811,0.022721558628752136,-0.14870308976617264,-0.3676820217782506,-0.3676820217782506,-0.35416666666666663,-0.35416666666666663,-0.578341767358601,0.4600970764194605,-0.08915142210309923,-0.8896709723122371,0.016604437830897822,-0.0092592592592593,-0.016475644699140424,-0.0421245421245422,0.02146341463414636,-0.03831417624521072,-0.07366849178695867,0.29166666666666674,0.013734022300788684,0.0020920502092049986,-0.03947368421052633,0.12357168320918621
2012-06-30,-0.023731276656542954,-0.03409811119225559,-0.002312690230108161,0.0038578983364319086,-0.031043273699352336,-0.0291604008586549,-0.146367809883878,-0.146367809883878,-0.12903225806451601,-0.12903225806451601,0.576405755689356,0.2751449555469656,1.0173985086992543,-3.512978142076503,-0.04104505919681545,-0.1409657320872274,0.06263656227239611,0.031548757170172026,-0.010506208213944768,-0.15936254980079678,-0.1348737238044061,0.22580645161290325,-0.007511737089201942,0.09116214335421025,-0.0547945205479452,-0.03780705709466792
2012-09-30,0.014756909144384878,0.02102788757703422,-0.01170843097934482,-0.03401670608894236,0.02405968909268097,-0.01791652748669048,0.3604506850315139,0.3604506850315139,0.37037037037037024,0.37037037037037024,-0.3987259827023668,-0.22644598035649321,-0.3315442894569143,-0.7128567545528677,-0.012290266211540612,-0.10471441523118763,-0.04660726525017134,-0.043558850787766445,0.030888030888030826,-0.09478672985781988,-0.15962732919254674,0.18421052631578938,0.009190431139343147,-0.01211734693877542,-0.02898550724637672,0.056977733039448974
2012-12-31,0.014674181995084856,-0.04969572216848728,0.06257094028414745,0.18950813809682265,-0.0015738665758042725,0.163004545044096,0.38200518737143363,0.38200518737143363,0.43243243243243246,0.3783783783783785,1.4305340223944873,8.782271337879145,0.9386055971018792,18.452858765619084,-0.2420557423160553,0.04506329113924057,0.0021567217828899476,0.0019379844961240345,0.033707865168539186,0.010471204188481575,0.066518847006652,0.15555555555555567,-0.01607071112896752,0.021949644932214296,-0.02985074626865669,-0.20109356014580804
2013-03-31,-0.04552457973690072,-0.07874560393256014,-0.04130857819544187,-0.10222888447213263,-0.04704666101215016,-0.09783506088486871,-0.3316679825526462,-0.3316679825526462,-0.3207547169811321,-0.31372549019607854,-0.4510781933837731,-0.8986635900394193,0.3121912838221794,-0.2629489051094891,-0.23538333866892103,0.21317829457364335,0.030129124820660103,0.026112185686653744,-0.026268115942028936,0.17616580310880825,0.18849618849618843,0.1730769230769229,-0.0014972097454742928,0.01516108654453574,0.01538461538461533,0.02616380639194338
2013-06-30,0.10014602754555835,0.18198992443324946,0.3172657401254009,0.231841457799441,0.021288429790552676,0.11689038191764944,-0.02862344101014791,-0.02862344101014791,-0.02777777777777779,0.0,1.1837666844203425,0.249841872232764,-2.0574552783237285,-4.253921723974013,1.001703203567378,0.008386581469648657,0.04178272980501396,0.019792648444863392,0.019534883720930374,0.03524229074889873,-0.01865889212827987,0.14754098360655732,-0.07170119956379506,0.0037336652146857663,0.015151515151515138,-0.04047828873577952
2013-09-30,0.017213962202757394,0.008394202003070506,-0.013795741320596466,-0.049249217502274845,0.031740659487453415,-0.08010705598606838,-0.07320866063240161,-0.07320866063240161,-0.05714285714285705,-0.08571428571428563,-0.6117779223082835,0.8100961538461537,-1.2404804095294348,-1.0009495751260014,-0.0004751915489010772,0.20792079207920788,-0.040775401069518824,-0.06007393715341969,0.034671532846715314,0.18297872340425525,0.14676173499702938,0.12857142857142878,0.014243759177679838,-0.057036577805331556,0.0,0.06063832007848524
2013-12-31,0.007516737779658111,0.023624798066124164,0.01475467947425857,0.09809660343191173,0.0042757254696668134,0.11776925847641007,-0.38185690315363763,-0.38185690315363763,-0.3939393939393939,-0.375,1.0022464209564421,-0.4735444188159642,0.39109218929097755,-215.85897435897436,0.10214770854877808,0.005573770491803298,-0.2167247386759581,-0.2291052114060964,0.00970017636684295,-0.028776978417266008,0.03886010362694292,0.11392405063291133,-0.0031851744606919974,-0.22222222222222232,-0.014925373134328401,-0.06781862552153028
2014-03-31,0.010894190774866308,0.015628400030235134,-0.007015270302296317,-0.01936242156845014,0.018997384373179216,-0.12184532835064033,0.04033408734992161,0.04033408734992161,0.04999999999999982,0.04999999999999982,-0.431180710061422,-0.36338289962825276,-0.81695976646185,-0.17220597887702127,0.07672044477543705,0.05966742745353759,-0.13967971530249113,-0.15051020408163251,0.013973799126637543,0.051851851851851816,0.3286783042394015,0.11363636363636354,0.007988380537400142,-0.12426035502958588,-0.030303030303030276,0.03567960140184945
2014-06-30,0.014047519342408776,0.024312133513757272,0.035270356400839864,0.10549083385885138,0.0046903037049201846,0.050742158831661666,0.4972235231150064,0.4972235231150064,0.523809523809524,0.4761904761904763,0.1799080651901379,0.6932221063607924,3.56064308681672,-0.5680338307023234,0.030779239678476955,0.08707692307692305,-0.04860392967942084,-0.04654654654654666,0.003445305770887197,0.07042253521126773,0.22785285285285295,0.10204081632653073,-0.009221902017291117,-0.022200772200772212,-0.015625,-0.07344667318982379
2014-09-30,-0.019929105619305942,-0.020083814053165394,-0.023807873948594405,-0.03983106823322191,-0.018166891782670502,0.01620553359683785,0.1809508914607445,0.1809508914607445,0.15625,0.19354838709677424,-0.5326826089420298,-0.809089789382929,0.2750782593981782,-3.041383913672266,-0.0609560634673868,-0.05915652420039619,0.04021739130434776,0.03937007874015741,-0.012017167381974336,-0.0625,-0.02292876796086829,0.09259259259259256,0.0017452006980802626,0.03060217176702862,0.0,0.020570699403779757
2014-12-31,-0.00011425940367637555,0.003015335068436764,0.015960510976605224,0.07550047598201681,-0.007375438882085472,0.15717992572582484,0.3763929091700249,0.3763929091700249,0.4054054054054055,0.3513513513513513,0.905114135871707,5.559354838709678,0.40623272067768124,-0.07359673024523161,-0.060135521151522986,-0.057160048134777486,0.2821316614420064,0.2803030303030303,0.0008688097306690512,-0.04561403508771922,-0.1004380475594493,0.0847457627118644,-0.007259001161440182,0.2528735632183907,0.031746031746031855,-0.06738811761662489
2015-03-31,-0.017699487218264198,-0.013272839551344395,-0.023795767551226032,-0.04850479879311398,-0.014880980113345155,-0.20685090453672705,-0.34146140312293816,-0.34146140312293816,-0.34615384615384615,-0.31999999999999995,0.19226974731080126,-0.3538408576767975,-0.780732934885184,-1.4825436042236535,0.030874675840368626,0.01723037651563497,0.10024449877750619,0.09704142011834316,-0.01736111111111105,0.018382352941176405,-0.20208695652173914,0.0859375,0.002924831822170182,0.095565749235474,0.0,0.03703018815588721
2015-06-30,0.029129572496992218,0.03897077853773112,0.02023426101797554,0.053523775896137105,0.03320494533420604,0.14065488785749314,0.054059695261949425,0.054059695261949425,0.0588235294117645,0.0588235294117645,-0.34693768601438735,0.3405890859273917,1.3018434832508428,-0.243569425819822,0.022655080506772896,-0.027289836888331198,0.028148148148148033,0.028047464940668787,0.03180212014134276,-0.010830324909747224,-0.11072362685265924,0.07913669064748219,0.003937007874015741,0.01046755059316129,0.01538461538461533,-0.01381954350927228
2015-09-30,-0.010468896288464702,-0.01946431081713973,-0.01523930813325225,0.011524071322915663,-0.008310776789392627,-0.028111203002735508,0.4469702970297029,0.4469702970297029,0.44444444444444464,0.44444444444444464,0.5045369083626257,0.09929601453389347,1.4742598940479898,-3.805318291700242,-0.062146771631053754,-0.04804901644630766,0.09005763688760804,0.09024134312696752,0.006849315068493178,-0.07664233576642354,-0.07843137254901955,0.07333333333333347,0.002178649237472685,0.08563535911602216,0.0,-0.03062562155320503
2015-12-31,0.021911387067198307,-0.04359381964046949,0.03690689024515548,0.8648509157870927,0.015174864511237285,0.14588875390125877,-0.03924895992993216,-0.03924895992993216,-0.019230769230769273,-0.03846153846153855,0.0640450964411845,3.375819862624593,-0.4822604818700488,0.5106279083127478,-0.10010164149104639,-0.04166666666666663,-0.016523463317911435,-0.015399422521655493,0.019557823129251695,-0.04743083003952553,-0.1250000000000001,0.06832298136645965,-0.006521739130434745,-0.012722646310432628,0.0,-0.48714122502273305
2016-03-31,0.002829537898936252,0.0021094916249453366,-0.015464700714111101,-0.08575455500602214,0.011223905208500584,-0.1329267651783287,-0.9839752720642698,-0.9839752720642698,-0.9803921568627451,-0.98,-0.42711431671666555,-0.9396074543544713,-0.6296584606402647,-1.719286569945428,0.08001099865689487,0.08483563096500535,-0.2036290322580645,-0.2023460410557184,0.010842368640533673,0.06224066390041494,0.0844984802431612,0.06976744186046524,0.008315098468271387,-0.21134020618556704,0.015151515151515138,0.09610838334242588
2016-06-30,0.158188536508856,0.2849042418793548,0.5397715988083416,-0.02390549174155232,-0.012280961542035507,0.061287789349411925,39.32711111111111,39.32711111111111,32.0,32.0,0.8215121331639816,9.421926910299003,-25.552220178665266,9.37765676218674,0.7688131716192106,0.02639296187683282,-0.02784810126582271,-0.06740196078431382,-0.009900990099009799,0.015625,0.27017937219730936,0.06521739130434767,-0.14713541666666663,-0.031862745098039214,-0.04477611940298509,0.31634176690170057
2016-09-30,-0.07408251522119713,-0.12165479768032994,-0.18556536608195695,-0.4052944735008308,0.0035580233365541947,0.006205165260013468,0.2923867042849586,0.2923867042849586,0.303030303030303,0.303030303030303,0.08394499902133501,-0.9119615968797465,-1.8235446769917305,-1.574402775584233,-0.24966368792897087,0.010158730158730256,-0.07986111111111116,-0.09724047306176087,0.012499999999999956,0.019230769230769162,0.032656663724624835,0.061224489795918435,0.08379983036471583,-0.08945147679324894,0.0,0.47695119261429886
2016-12-31,0.012292620949698962,-0.20017512052412545,0.007375161585809531,0.16437897556076342,0.015071918210046498,0.17153306286831116,0.048897378609315645,0.048897378609315645,0.04651162790697683,0.0,0.09533214455003036,80.93205537806176,-0.9606109925380165,0.40288969404543873,-0.4667915028744791,0.03299811439346323,-0.05377358490566031,-0.06841339155749626,0.013168724279835509,0.02264150943396226,0.10598290598290605,0.05769230769230771,0.002817342307090298,-0.0713623725671918,0.0,-0.3130946793531595
2017-03-31,0.0040802288501076145,0.00987672765457992,-0.03245660625889646,-0.05677721502189592,0.02457389088889772,-0.14307681289469143,-0.30778861788617884,-0.30778861788617884,-0.3111111111111111,-0.2790697674418604,-0.22591779749209195,-0.9646607100613251,1.3750927835051545,-1.1140769870297371,0.09986744117183122,0.08305445695162783,0.23828514456630123,0.22343749999999996,0.023558082859463703,0.06642066420664205,0.14644513137557968,0.06818181818181812,0.020290307476197755,0.22954091816367272,0.0,0.07068762034909004
2017-06-30,0.027793924486626542,0.04076231125017005,0.013226455986104835,0.024764417088004587,0.0355100609513197,0.06713141632293884,0.2077000775175588,0.2077000775175588,0.22580645161290325,0.19354838709677424,-0.5989857175183356,-0.47226717669560103,-0.11604972567539418,-0.8294399645301632,0.01548677019696254,0.033707865168539186,0.009661835748792313,0.03703703703703698,0.030158730158730274,0.01038062283737018,-0.1732389619143917,0.0,0.0074957931772985376,0.009740259740259605,0.015625,0.015605963914834264
2017-09-30,0.023218386212855657,0.04736121061708043,-0.0499700392144965,0.05238198750657852,0.061150794297077926,0.07045913149238459,0.23566024157314303,0.23566024157314303,0.21052631578947367,0.2432432432432432,2.4547747867361505,0.14399219403401164,1.7619814582023885,4.421608448415922,0.0826827159178476,0.015760869565217606,-0.011961722488038395,0.006157635467980205,0.05084745762711873,-0.013698630136986356,-0.010599266204647462,0.0,0.037200121469784575,-0.0112540192926045,0.01538461538461533,-0.004769793213755258
2017-12-31,0.015815853449132833,0.08200827094763352,0.1125864977411073,0.073368339231066,-0.02908678297851619,0.06471104684191498,-1.7916069826378505,-1.7916069826378505,-1.7826086956521738,-1.7826086956521738,-0.04963394246843833,0.1512123796758864,-0.8855196347551523,1.4611627210068923,0.1879549891180219,0.18806848582129465,-0.5205811138014528,-0.5189718482252141,-0.03152492668621698,0.13194444444444442,0.16563658838071693,0.0,-0.044210218123261646,-0.5154471544715447,0.0,0.00803558616731248
2018-03-31,-0.037731323482416146,-0.08507092247150594,-0.05913674256869528,-0.1778023107717005,-0.02634967114694653,-0.1114951170611822,-1.7793795983296878,-1.7793795983296878,-1.777777777777778,-1.777777777777778,-0.5635084313963363,-1.238251481795089,13.15915020499441,-1.8152053476847398,-0.12897956038451908,0.10448097275388424,-0.04040404040404044,-0.038167938931297773,-0.014383043149129526,0.138036809815951,1.2226935312831393,0.0680851063829786,0.011793536529330462,-0.05033557046979875,0.015151515151515138,0.112797153024911
2018-06-30,0.0003975591715976723,0.01310030593906264,-0.008578289833533481,-0.026555758469787194,0.005009466929568607,0.02977357615020315,0.8258196198494705,0.8258196198494705,0.857142857142857,0.8214285714285714,1.5516027422642207,-6.980008884940027,-0.7757771986627708,-1.8334926514517864,0.12342249490199886,0.0658511722731907,0.19122807017543852,0.19312169312169325,-0.0007680491551459445,0.08355795148247958,0.10861959287531797,0.0,0.004541326067211582,0.18374558303886945,0.0,0.040729654360784906
2018-09-30,0.05612044028354113,0.053581566516362145,0.006322610283006291,0.018516878104337442,0.08136127800994442,-0.03933891015601698,0.022190237972136373,0.022190237972136373,0.019230769230769162,0.019607843137254832,0.11192905380872853,0.5749944283485624,-0.31994990999452144,0.5302308078273958,0.16811565099952364,0.09984697781178276,0.06921944035346095,0.07095343680709543,0.07840122982321285,0.09950248756218905,-0.0731602352603643,0.0,0.02396021699819162,0.09402985074626868,-0.014925373134328401,0.034440374640478
2018-12-31,-0.026477439588922902,-0.045827548051974865,-0.012238140274468123,-0.018416303507142517,-0.033194022531156886,0.031191221849721007,0.3467485065139233,0.3467485065139233,0.35849056603773577,0.34615384615384603,-0.19743018310353555,-0.4486580821659356,8.324720911497295,-1.9507922195027696,-0.1368383796674728,-0.10330434782608688,1.103305785123967,1.1180124223602483,-0.01282965074839626,-0.169683257918552,-0.16003714595263885,0.0,-0.0069168506254599915,1.170532060027285,-0.030303030303030276,-0.02792300380228152
2019-03-31,0.1528335182627043,-0.12780055189081008,0.44132384549386594,0.4545178378173118,0.013804983626263256,-0.00831060756405766,-0.37321856348207394,-0.37321856348207394,-0.36111111111111105,-0.3571428571428571,-0.4353703439998372,49.5366583967833,-2.9026443271930638,1.8054956830190538,-0.4447596769658534,-0.07913110938712187,0.06286836935166984,0.032258064516129004,0.014440433212996373,-0.06539509536784738,-0.5647687488483508,0.06772908366533881,-0.12062833432128028,0.07668133249528619,-0.03125,-0.4003667033370003
2019-06-30,0.011969214445644472,0.0029056824007536175,0.022384693628635377,-0.00365279518240047,0.0048331445659972605,0.08378453734350266,-0.2531256073071193,-0.2531256073071193,-0.26086956521739124,-0.24444444444444446,0.22119940192034004,-0.9466061081081996,-1.1716853597306642,-0.9320487661394058,-0.05443042871259618,0.0846672283066554,-0.09735058533579799,-0.12405303030303028,0.003558718861209842,0.06997084548104948,0.0,0.0,-0.007077856420627082,-0.09865732632807933,-0.032258064516129115,0.006604696673189858
