Quarter end,Assets,Current Assets,Liabilities,Current Liabilities,Shareholders equity,Revenue,Earnings,Earnings available for common stockholders,EPS basic,EPS diluted,Cash from operating activities,Cash from investing activities,Cash from financing activities,Cash change during period,Cash at end of period,Price,ROE,ROA,Book value of equity per share,P/B ratio,P/E ratio,Cumulative dividends per share,Equity to assets ratio,Net margin,Asset turnover,Current ratio
1993-12-31,0.006818042719872741,0.01912619538721172,0.005411801699669816,0.05618013110808495,0.01081258961521292,0.00917431192660545,0.09852546916890081,0.09852546916890081,0.09459459459459474,0.05555555555555558,-0.3779919678714859,-0.24098360655737705,-0.5493317610062893,-11.703125,-0.04519774011299438,-0.029515938606847647,-0.0423728813559322,0.22315436241610742,0.010910815939279006,-0.03846153846153855,0.08120437956204363,inf,0.0038402457757296116,-0.008960573476702538,0.09999999999999987,-0.035104043309084676
1994-03-31,0.006818042719872741,0.01912619538721172,0.005411801699669816,0.05618013110808495,0.01081258961521292,0.00917431192660545,0.09852546916890081,0.09852546916890081,0.09459459459459474,0.05555555555555558,-0.3779919678714859,-0.24098360655737705,-0.5493317610062893,-11.703125,-0.04519774011299438,-0.029515938606847647,-0.0423728813559322,0.22315436241610742,0.010910815939279006,-0.03846153846153855,0.08120437956204363,inf,0.0038402457757296116,-0.008960573476702538,0.09999999999999987,-0.035104043309084676
1994-06-30,-0.014109079414482362,-0.08177158627940595,-0.026263158327915037,-0.10449461785253811,0.02023114666418624,0.00917431192660545,0.09852546916890081,0.09852546916890081,0.09459459459459474,0.05555555555555558,-0.3779919678714859,-0.24098360655737705,-0.5493317610062893,-11.703125,0.5066568047337279,-0.024939172749391725,-0.0423728813559322,0.22315436241610742,0.02252463632097612,-0.03846153846153855,0.08120437956204363,1.020408163265306,0.03481254781943388,-0.008960573476702538,0.09999999999999987,0.02542298588585945
1994-09-30,-0.0035392118779403736,-0.02413121886986891,-0.011841771616938557,-0.02862787115783838,0.018849862101976145,0.11516168395363025,-0.07321537522879806,-0.07321537522879806,-0.07407407407407418,-0.03947368421052633,0.08548553719008267,-0.5226781857451404,0.7583951155691233,-1.2686131386861315,-0.09032891507118312,0.0701809107922644,-0.0423728813559322,0.22315436241610742,0.01881597062872875,0.046666666666666634,0.08120437956204363,0.505050505050505,0.0225508317929759,-0.008960573476702538,0.09999999999999987,0.004616568350859218
1994-12-31,-0.3939446441720449,0.3701270129946319,-0.5588962355336202,0.07390300230946889,0.033959731543624194,-0.1889481603063876,0.771560236998025,0.771560236998025,0.7733333333333334,0.7534246575342467,0.0,-27.694570135746606,0.9047619047619047,-1.2119565217391304,-0.40582838640043173,0.03847274846983395,-0.0423728813559322,0.22315436241610742,0.09054054054054061,0.019108280254777066,0.08120437956204363,0.3355704697986577,0.7060737527114966,-0.008960573476702538,0.09999999999999987,0.27580631435622505
1995-03-31,-0.05242791799395574,-0.11927037615877023,-0.028602454963253088,-0.034569090033702454,-0.07910337963563985,-0.05811521856448998,-0.5667038275733928,-0.5667038275733928,-0.5488721804511278,-0.5390625,-0.3000237925291458,-0.04644461395033472,-0.17291666666666672,202.43589743589743,7.206176203451408,0.07381420151557672,-0.0423728813559322,0.22315436241610742,-0.06897976042957465,-0.012499999999999956,0.08120437956204363,0.2512562814070354,-0.02818393727484636,-0.008960573476702538,0.09999999999999987,-0.08771344717182505
1995-06-30,-0.0633666993502785,-0.12424036170936847,-0.09174751467241582,-0.1454883968348959,-0.030097269865137943,-0.07083258728737685,-0.0017152658662092923,-0.0017152658662092923,0.03333333333333344,0.033898305084745894,0.00917743031951046,-1.0417740645275975,-0.19222292191435764,-1.3385429795815478,-0.2972883231876038,0.04051228437009935,-0.05372945638432369,0.22315436241610742,-0.014196983141082531,0.120253164556962,0.08120437956204363,0.20080321285140568,0.03554295682511999,-0.01446654611211573,0.101010101010101,0.02485925276010814
1995-09-30,-0.05771443033314927,-0.07949593360535157,-0.061409292716163355,-0.08653023111041946,-0.05377776701145809,0.1158515435310441,0.3170103092783505,0.3170103092783505,0.2903225806451615,0.13114754098360648,-0.33243516335466483,-2.842553191489362,0.029623854999025534,-0.09828741623231574,-0.38147739801543545,0.031399145943230344,0.035404141616566465,0.22315436241610742,-0.03150315031503148,0.04519774011299438,0.07932489451476799,0.16722408026755842,0.0042114129290375946,0.06972477064220173,0.14678899082568808,0.00770492972818726
1995-12-31,-0.020742024880663124,-0.04592467508970843,-0.029599100786811494,0.02704659681403876,-0.01100842272343261,0.06538182571754225,0.005218525766470972,0.005218525766470972,0.0625,0.2028985507246377,-1.9974772956609486,-1.7979214780600463,-1.013439333711906,0.04376548307184147,-0.6437484084542908,0.06697515830491962,-0.13677419354838705,-0.1330589849108368,0.012081784386617223,0.10270270270270276,0.08053166536356549,0.14326647564469908,0.009855315579786028,-0.18524871355060035,0.06400000000000006,-0.07100884955752218
1996-03-31,0.11578068119483365,0.09753476611883682,0.24473938223938219,0.2928295939949406,-0.01848256581501906,-0.11239706931206639,-0.26151849448410125,-0.26151849448410125,-0.24705882352941178,-0.253012048192771,-2.804248861911988,9.48191027496382,52.7887323943662,-1.0549841772151898,0.09935668334524661,0.03013010728144261,0.024663677130044803,0.004746835443038,-0.009641873278236957,0.014705882352941124,0.20043415340086823,0.12531328320802015,-0.12022425249169422,0.0,0.007518796992481258,-0.15112025605852775
1996-06-30,-0.034391445714477276,-0.0903645683349652,-0.0301074018068318,-0.05122858792583562,-0.04021942664240319,-0.09200482121333864,0.07205623901581726,0.07205623901581726,0.078125,0.09677419354838723,-0.02747406784412676,-0.9309678310092503,-1.8957842367111808,-3.8345323741007196,-0.25617685305591675,-0.046975404387325614,0.04230488694383672,0.012598425196850283,-0.01066295781177562,-0.03864734299516903,-0.057263411693791344,0.11135857461024501,-0.006136417276374928,0.021052631578947434,-0.007462686567164201,-0.041206571505520984
1996-09-30,0.005311209081126034,0.01582879574521967,0.018009554458414012,-0.007472022179396132,-0.01214552648933831,0.17461786001609014,0.12049180327868858,0.12049180327868858,0.14492753623188426,0.07352941176470584,-0.272412799077544,0.08400000000000007,-0.5708857059339374,-2.1370558375634516,0.39160839160839167,0.009997674959311809,-0.009797060881735598,-0.04510108864696727,-0.010309278350515427,0.025125628140703515,-0.01534526854219953,0.1002004008016033,-0.01733554975065299,-0.03298969072164959,-0.015037593984962405,0.023501872659176026
1996-12-31,0.0939456721915286,0.2071179257043132,0.14274494404084037,0.25878866330562755,0.02481223922114051,0.17643231396185066,-0.1660570592538405,-0.1660570592538405,-0.1392405063291139,-0.0273972602739726,-2.908082408874802,0.6512915129151291,-4.618528610354224,-1.8816964285714286,-0.24811557788944727,0.057550644567219145,-0.06431095406360421,-0.1140065146579805,0.012784090909090828,0.06862745098039214,0.042857142857142705,0.09107468123861562,-0.0664572257129048,-0.10447761194029836,-0.01526717557251911,-0.04107583935596004
1997-03-31,-0.18592832642410728,-0.2501678112252801,-0.3150515463917526,-0.42727248125997885,0.01805005157157602,-0.6783104823450645,0.19824561403508767,0.19824561403508767,0.17647058823529416,0.09859154929577474,-0.925249169435216,-0.6100558659217877,-0.8482680722891567,-1.1189873417721519,-0.6691729323308271,0.11297344362211592,0.049848942598187396,0.08272058823529416,0.02010285179990645,0.09633027522935778,0.16189290161892922,0.08347245409015014,0.25498317369919765,0.21904761904761894,-0.10852713178294582,0.3091967181835529
1997-06-30,-0.09261868141810237,-0.236503236468806,-0.27036925546859325,-0.22798147798147794,0.09630202362225715,0.11799837118812784,-1.2357247437774523,-1.2357247437774523,-1.2375,-1.2435897435897436,0.0,0.1289398280802292,-19.941687344913152,24.085106382978722,2.977272727272727,0.0,-0.3244604316546763,-0.26825127334465193,0.09990834097158574,0.0,0.0,2.859784283513097,0.20812706270627057,-0.203125,-0.07826086956521727,-0.011003424907090387
1997-09-30,-0.030909479381810434,-0.08640360766629085,-0.05105549061404113,-0.08372605422608481,-0.016658965441766593,-0.04046944556859566,-1.8695652173913042,-1.8695652173913042,-1.8421052631578947,-1.736842105263158,-4.272222222222222,-0.24111675126903553,-0.9869653501015262,-1.7726887192536047,-0.5784126984126985,-0.316057109329161,-0.3258785942492013,-0.26450116009280744,-0.018333333333333424,-0.38912133891213396,-0.07663451232583063,0.007984031936127733,0.014683284958169729,-0.13235294117647067,-0.15094339622641506,-0.0029472443265546877
1997-12-31,0.020430660689351177,0.03440446221432447,0.05988913445165034,0.18128381537639426,-0.00650442696740372,0.11210459721636434,-2.2107142857142854,-2.2107142857142854,-2.25,-2.428571428571429,0.6833616298811545,3.127090301003345,0.4522613065326633,-0.8660812294182217,-0.1837349397590361,-0.027452101801544226,-0.608214849921011,-0.5646687697160884,-0.014006791171476962,-0.013698630136986356,0.37086477074869406,0.008316831683168324,-0.029109877166414222,-0.4265536723163842,-0.24444444444444446,-0.12429796039018615
1998-03-31,0.03799783939503065,0.10016224470318758,0.07260545566418264,0.06095561210065026,0.012795300092106165,-0.08715109223300976,-2.3156342182890857,-2.3156342182890857,-2.3,-2.25,-1.2082702975289965,-0.19124797406807126,-9.934256055363322,-10.80327868852459,2.206642066420664,0.11996471625992378,-0.9354838709677419,-0.9347826086956522,0.01248385708136035,0.13888888888888884,2.0427603725656223,0.00824823252160245,-0.02149046793760845,-0.9359605911330049,0.04411764705882337,0.0368776371308015
1998-06-30,0.010407560051621578,-0.00529169377575367,0.020874498055962754,0.06592762351436332,0.0023350129040187184,0.10195263813876188,0.4753363228699552,0.4753363228699552,0.4230769230769229,0.48,-2.74818401937046,0.6412825651302605,-0.9546862896979086,-1.6998327759197325,-0.4815880322209436,0.021527960094512855,15.125,15.444444444444446,0.003401360544217802,0.0060975609756097615,0.0,0.008180755746006962,-0.007970244420828831,15.0,0.0,-0.0668185887523397
1998-09-30,0.009778473624215467,-0.01927353595255743,0.03877251584303676,-0.03520000000000001,-0.012996566944580623,-0.019529482732619563,-0.13677811550151975,-0.13677811550151975,-0.108108108108108,-0.18918918918918926,2.011080332409972,-0.028693528693528703,-7.136752136752137,-0.8100358422939068,-0.17647058823529416,-0.1703932151117964,0.2790697674418605,0.24999999999999978,-0.0025423728813560587,-0.16969696969696957,-0.19799638235703354,0.008114374034003058,-0.022674522406713193,0.2451923076923077,0.014084507042253502,0.016570730856445115
1998-12-31,0.0009792587555252918,0.007202881152460927,-0.01962434259954926,-0.04405058043117749,0.01801242236024847,0.0850572944705068,0.6883802816901408,0.6883802816901408,0.696969696969697,0.9333333333333333,-0.28288868445262194,-0.4965430546825895,0.5027855153203342,1.1320754716981134,-0.4568733153638814,-0.029120198265179753,0.9606060606060602,0.9459459459459458,0.03398470688190325,-0.02919708029197088,-0.24479528105482307,0.008432349559218011,0.014431859700401839,0.9382239382239383,0.0,0.05362045298558682
1999-03-31,-0.004103428128863995,0.018319869332980243,0.024768561093740482,0.04748997072536043,-0.027089688834655234,-0.08405981997306688,-0.4150156412930136,-0.4150156412930136,-0.4107142857142857,-0.4482758620689654,-0.9852469531751122,-0.5268414481897628,-1.3373493975903614,-1.0973451327433628,0.08188585607940446,0.09093809827696231,0.04945904173106652,0.04166666666666674,-0.019720624486442073,0.05263157894736836,-0.476453020905123,0.00836183960471315,-0.02052944354403019,0.02589641434262946,0.01388888888888884,-0.02784789512254704
1999-06-30,-0.14965550173954567,0.02657360846193857,0.036673646425366524,0.0643825690922264,-0.3059074376019064,0.09935773427222783,-20.538324420677363,-20.538324420677363,-20.90909090909091,-21.53125,58.869565217391305,-0.03430079155672827,-3.0247252747252746,5.878787878787879,0.5206422018348624,0.22755191576484357,-4.516936671575847,-4.346666666666667,-0.3030176026823135,0.25714285714285734,0.1728828433523475,0.008292499057670488,-0.1836734693877552,0.0,0.0547945205479452,-0.03551386213250696
1999-09-30,-0.005695857266630244,-0.03893416663147675,0.013763850415512424,0.006953223767383054,-0.030068666425731805,-0.05729569930316036,-1.043974089955296,-1.043974089955296,-1.051750380517504,-1.051750380517504,0.5127087872185911,0.8770491803278688,0.8534599728629579,-0.8678414096916299,0.045248868778280604,-0.10340719561591605,0.10971524288107193,0.05258964143426281,-0.01623571858087791,0.28409090909090895,0.0,0.008224299065420437,-0.024549549549549576,0.0,0.051948051948051965,-0.045592705167173286
1999-12-31,0.03550047602911044,0.016213366140867436,0.04713517206045603,-0.03283596503935482,0.020269766748640006,0.09938027327708499,1.099585062240664,1.099585062240664,0.8235294117647058,0.7941176470588234,0.0,0.0,0.0,0.0,0.0,-0.10736114802019658,0.10415094339622644,0.0302800908402725,0.04706601466992666,-0.09292035398230092,0.0,0.008527994067482503,-0.014777187716462636,0.0,0.03703703703703698,0.05068243858052779
2000-03-31,0.0024933381122314024,0.017943618125216165,0.03139525401614618,0.0777372809426331,-0.036337740121247575,-0.07375713121434391,-0.36462450592885376,-0.36462450592885376,-0.35483870967741926,-0.360655737704918,-0.9625540086413826,-0.09898107714701598,-1.5688140556368961,6.733333333333333,0.37229437229437234,-0.18874665078892539,0.114149008885851,0.02571638501102136,-0.026853473438411934,-0.2243902439024389,0.0,0.008455882352941257,-0.03866885399578157,0.0,0.059523809523809534,-0.05542565168442026
2000-06-30,0.002316146181467804,0.0194537654504523,0.003505165507063035,0.011535254331511258,0.0006063591920264511,0.10030796304443457,0.5147744945567652,0.5147744945567652,0.5249999999999999,0.5641025641025641,13.08974358974359,-0.1324717285945073,-1.7927927927927927,-1.2413793103448276,-0.05888538380651942,-0.051743119266055015,-1.3567484662576688,-1.3495702005730659,0.009598080383923069,-0.02515723270440251,0.0,0.008384979948961035,-0.0017064846416383617,0.06407766990291264,0.0,0.007793160355734852
2000-09-30,-0.01563275434243172,-0.02833215282696555,-0.010242403550699941,-0.010121364781314424,-0.02340643108737639,-0.06484073037451688,-0.24743326488706363,-0.24743326488706363,-0.24590163934426224,-0.29508196721311475,0.4886260236578708,-0.23463687150837986,1.074675324675325,-0.1785714285714286,-0.05139664804469268,-0.11609907120743035,0.09114359415305251,0.07377049180327866,-0.009506833036244555,-0.1225806451612903,-0.5619154508043397,0.008315256688358641,-0.00805860805860803,0.06934306569343063,0.011235955056179803,-0.01837700145560406
2000-12-31,-0.09186728006049916,-0.028986750139359363,-0.03728075994374713,-0.0562135652817618,-0.17165018421562928,0.12363714102472745,-6.0845839017735335,-6.0845839017735335,-6.217391304347825,-6.5813953488372094,0.16809290953545242,0.9781021897810218,0.3482003129890454,12.91304347826087,-0.7538280329799765,0.2040280210157619,-1.4349881796690307,-1.4198473282442747,-0.17036592681463714,0.21323529411764697,0.1511528608027326,0.008605234851201127,-0.09158050221565739,0.0,0.04444444444444429,0.028822984244671
2001-03-31,-0.0054475113200672665,-0.009759328770147957,-0.007193649743674535,-0.013383008971027954,-0.002481389578163795,-0.17491121258244546,-1.1650120740541992,-1.1650120740541992,-1.1666666666666667,-1.1625,-0.8770277341705913,-0.4710947109471094,-1.2809053975623912,-1.4078125,1.2488038277511961,0.15563636363636357,0.07427536231884058,0.050000000000000044,0.00795372378886472,0.3939393939393938,0.0,0.008531816565943817,0.007317073170731714,0.0,0.010638297872340496,0.0036933609584721694
2001-06-30,0.014495787325344178,0.02278808419550482,-0.08980872268954221,-0.1517936996919408,0.008119778466159744,0.10176787086856254,0.673170731707317,0.673170731707317,0.675,0.6923076923076923,5.136170212765958,-6.225581395348837,-8.074380165289256,-0.08045977011494254,0.5106382978723405,0.08716173694147256,0.013490725126475533,-0.01298701298701288,0.013629842180774787,0.07826086956521738,0.0,0.008459640465280138,-0.006456820016141895,0.0,0.021052631578947434,0.20579788188835013
2001-09-30,-0.011073283125279443,-0.01813821669936777,-0.0010980296468005024,0.008435358209829547,-0.02877228921271935,0.027138272638481897,-0.09815354713313895,-0.09815354713313895,-0.10447761194029859,-0.16666666666666663,1.2323162274618586,-1.2331998219848688,-0.19334112149532712,-1.2625,-0.08873239436619718,0.002315484804631174,-0.09484193011647257,-0.1228070175438597,-0.006369426751592466,-0.012096774193548265,0.0,0.008388675288360847,-0.017871649065800188,0.0,0.030927835051546504,-0.026349088202456183
2001-12-31,-0.07832875473797685,-0.1253608064301257,-0.14277862595419843,-0.2690095846645367,0.007957432529600794,-0.0002037628200773911,0.3879310344827587,0.3879310344827587,0.4833333333333334,0.6181818181818182,-0.5231438334886611,-5.015267175572519,0.4011585807385951,1.5396825396825395,-0.24729520865533228,0.06179613052266819,-4.3547794117647065,-4.415,-0.002849002849002802,0.06938775510204076,0.0,0.008665511265164572,0.08905431486076654,0.16040955631399334,0.010000000000000009,0.19654460668144624
2002-03-31,-0.0037729442170197913,0.003198619008935921,-0.03490774381990458,-0.06349332485696124,0.033480762828743904,-0.13675271739130435,-0.34782608695652173,-0.34782608695652173,-0.3595505617977529,-0.3820224719101123,-0.5941368078175896,-1.1440114068441065,-1.0276485788113696,-3.69375,0.8850102669404518,0.18547729127005708,0.053150684931506875,0.08052708638360184,0.033571428571428585,0.1870229007633586,0.2989614243323442,0.00859106529209619,0.04177215189873418,0.06323529411764706,0.00990099009900991,0.07117301303347823
2002-06-30,0.13151167414645237,0.06022571992509751,0.17970768435816042,0.38515061518879934,0.09562376328746947,0.19076099787518697,1.3440476190476192,1.3440476190476192,1.2982456140350882,1.309090909090909,2.3402889245585876,14.6996699669967,20.72897196261682,-1.8375870069605569,-0.39324618736383443,0.21449873824271615,0.19719042663891773,0.22086720867208665,0.09606081548030398,0.17684887459807075,0.1410622501427754,0.008517887563884052,-0.03159173754556488,0.21300138312586436,0.009803921568627416,-0.23458189192413215
2002-09-30,-0.002744586136492977,-0.03288939806196001,0.0023777492725964855,-0.029098260230335682,-0.010626233777143113,-0.03284647412596653,-0.4250888776028441,-0.4250888776028441,-0.4274809160305344,-0.4881889763779528,0.36376741950985103,-0.9146520916544041,-1.9036559139784948,-1.92797783933518,0.6014362657091561,-0.04571212693615401,0.009561060408518118,0.031076581576026552,-0.0050441361916772065,-0.12841530054644812,-0.22422422422422428,0.008445945945946054,-0.008030112923463117,0.04218928164196112,-0.009708737864077666,-0.003896205096236338
2002-12-31,-0.022956871958382252,-0.06066140177690027,-0.029276818876993627,-0.04429301533219765,-0.017999660383766325,-0.02248189148558155,0.16166077738515905,0.16166077738515905,0.17333333333333334,0.4461538461538461,-0.17970401691331928,0.3349753694581281,0.2003807710613994,-3.2029850746268655,-0.8273542600896862,-0.03998416468725263,-0.01764959104606123,-0.017222820236813652,-0.0038022813688212143,-0.037617554858934255,-0.06903225806451618,0.009045226130653283,0.0015178345560333817,0.013129102844638973,-0.02941176470588236,-0.01713212860830793
2003-03-31,0.02942186802239699,0.0995218327991172,0.05507861483553578,0.1131577210008583,0.0,-0.02684376092275431,-0.2433460076045627,-0.2433460076045627,-0.22727272727272718,-0.2978723404255318,-0.7903780068728522,-0.47601476014760147,-1.2616970658207771,-2.196476964769648,5.733766233766234,-0.07938144329896912,0.014022787028922012,-0.0021905805038335835,0.012722646310432628,-0.07491856677524433,-0.0928620928620929,0.008964143426294813,-0.025006314725940837,0.0075593952483801186,-0.010101010101010055,-0.012257242916268729
2003-06-30,0.041778593476266,0.08387096774193559,0.04272566587432203,0.07561829073008708,0.06082483140238626,0.13648444795632497,0.7758793969849247,0.7758793969849247,0.7794117647058822,0.8030303030303028,3.135245901639344,3.056338028169014,-2.0166666666666666,-0.6761041902604756,0.2757955641272902,0.08577827547592376,-0.0449438202247191,-0.04829857299670692,0.061557788944723635,0.073943661971831,0.051948051948051965,0.008884501480750151,0.018134715025906578,-0.048231511254019144,0.0,0.007735697018533383
2003-09-30,8.007815628063852e-05,-0.006040564373897661,-0.017038812251578217,-0.02001543890604318,0.023961856636374845,0.0010745212059919407,-0.17317487266553477,-0.17317487266553477,-0.15702479338842967,-0.24369747899159655,0.42913776015857286,-0.296875,1.593144560357675,0.027972027972027913,0.22222222222222232,0.13428217821782185,0.04570135746606341,0.05074971164936559,0.019526627218934944,0.06557377049180335,0.1612200435729847,0.009784735812133016,0.02391857506361328,0.04166666666666652,0.010204081632652962,0.014233168079321956
2003-12-31,0.19225225802318868,0.012110189415783124,0.2951268099782951,0.20041636189725986,0.08230190631591516,0.04590226038641232,0.07392197125256672,0.07392197125256672,0.03921568627450989,0.2333333333333334,-0.12725381414701809,11.407407407407407,-4.968390804597702,-2.942176870748299,-0.35312306740878174,0.17130387343153286,0.003461704889658135,-0.01866081229418226,0.07603017991874639,0.15076923076923077,0.09193245778611625,0.009689922480620172,-0.09468190854870773,0.007567567567567712,-0.030303030303030276,-0.15689057079785562
2004-03-31,0.0207927574581257,0.07179172510518939,0.018595468215523825,0.0375908132177174,0.02706379849236984,0.0309689103531543,-0.10962396430847676,-0.10962396430847676,-0.10377358490566047,-0.1711711711711712,-0.6666666666666667,-0.9504477611940298,-0.9827661115133961,-1.8318739054290718,0.45411089866156784,0.11162862909486093,0.0202673566192324,0.006711409395973256,0.03020496224379743,0.03208556149732611,0.06242840778923253,0.00959692898272535,0.008783969256107582,0.018240343347639465,-0.01041666666666663,0.033009164017206105
2004-06-30,0.01623748305854189,0.05275210599492919,0.028803894611102443,0.03153092108235089,-0.0013962980201209785,0.10639419135730188,0.2011453113815318,0.2011453113815318,0.21052631578947367,0.21739130434782616,2.256257449344458,0.11044176706827313,-16.134453781512605,-0.3410526315789474,0.20578566732412895,0.056564245810055924,-0.04480135249366013,-0.06444444444444442,0.013612565445026092,0.02590673575129543,-0.010242587601078212,0.009505703422053147,-0.017142857142857015,-0.05900948366701786,-0.010526315789473717,0.020548565221327086
2004-09-30,-0.00037549688596549835,-0.00621504039776255,-0.021315749118233418,-0.03424567549813884,0.033127778574501665,-0.04096321778248213,0.3516090584028606,0.3516090584028606,0.36521739130434794,0.24999999999999978,-0.11163982430453878,-0.04159132007233268,0.06774014436424203,-0.6261980830670926,0.06379498364231195,-0.05036351619299406,0.09469026548672566,0.07719714964370561,0.0325413223140496,-0.06313131313131315,-0.03376906318082795,0.010357815442561202,0.0334994462901439,0.09518477043673013,-0.010638297872340274,0.02900478978179888
2004-12-31,0.021165254786145393,0.032637585991244444,-0.016228678873617786,-0.07676960050786741,0.08644503053858976,-0.5939517686661884,0.10008818342151682,0.10008818342151682,0.10828025477707004,0.2857142857142858,-0.20848784507622575,0.6452830188679246,-0.19344773790951642,-3.5811965811965814,-0.1547924141465915,0.04050668151447656,0.0937752627324171,0.11797133406835725,0.0785392696348175,0.008086253369272267,-0.07384441939120623,0.010251630941286338,0.06134476292526103,0.30368098159509205,-0.15053763440860213,0.11852426514955616
2005-03-31,0.011783956568065301,0.03959271736250436,-0.011809142415072027,-0.02519646365422401,0.04609192832273923,1.0627888013047024,-0.3879759519038076,-0.3879759519038076,-0.39655172413793105,-0.43333333333333335,-1.1931285788651744,-0.45642201834862384,-1.6640876853642812,-1.7450331125827816,0.13644633110976345,0.07237458193979918,-0.024020694752402094,0.0039447731755424265,0.04452690166975892,-0.005347593582887722,-0.06877662811929397,0.010147601476014678,0.03634528016153471,0.049411764705882266,-0.03797468354430378,0.06643033292231793
2005-06-30,-0.0025199022127500026,0.011724012379392024,-0.039742113746258356,-0.07532624578021863,0.04726717557251914,0.17459480827513496,0.31172233136869676,0.31172233136869676,0.31428571428571406,0.303921568627451,-10.970350404312669,1.1054852320675104,-3.899029126213592,-2.568888888888889,-0.188367129135539,0.07921656686626766,-0.011737978038621755,0.03339882121807469,0.043516873889875685,0.032258064516129004,0.05882352941176472,0.010045662100456543,0.04992693619094002,0.05979073243647237,-0.02631578947368418,0.09416100592571186
2005-09-30,0.6525815695540698,0.19034080685212507,1.2137684634567427,0.2262968613775065,0.012595486617295482,0.01054520978236484,-0.5396904643035447,-0.5396904643035447,-0.536231884057971,-0.6090225563909775,-0.266558529332252,43.366733466933866,-15.055927662424649,-2.5637393767705383,0.36291913214990146,0.016529880938619623,-0.19961685823754793,-0.28517110266159695,0.011489361702127665,-0.02604166666666663,-0.021604938271604923,0.010849909584086825,-0.3873811180700534,-0.16078984485190417,-0.14864864864864868,-0.029324351099663137
2005-12-31,0.004023242018161621,-0.03473817873987184,-0.005545746996956313,0.25212175072206167,0.04969766772243012,0.0873667850799289,0.9078091106290673,0.9078091106290673,0.8593749999999998,1.423076923076923,-0.267969037965352,-0.9798545553096346,-1.0518929737199494,-3.0597826086956523,-0.5484804630969609,-0.11848987946327039,-0.13930110100526572,-0.21808510638297873,0.04627681952040397,-0.12834224598930488,0.04731861198738185,0.17799642218246858,0.0439227565316167,-0.26050420168067223,0.06349206349206349,-0.22909437300129276
2006-03-31,0.031935764875203665,0.1845146741002912,0.032218361634226866,-0.028851272223996638,0.03829273644941855,0.029504849412965717,-0.01421262080727681,-0.01421262080727681,-0.008403361344537785,-0.08730158730158732,-1.311681772406848,-0.25,-1.95821854912764,-1.7159190853122253,0.8696581196581197,0.017930856553147523,-0.0033370411568408587,-0.08843537414965985,0.03779654201849603,-0.027607361963190136,0.15120481927710827,0.009111617312072884,0.007979688066739099,-0.03522727272727266,-0.059701492537313494,0.21968225948808473
2006-06-30,0.06351711431318874,0.08318789994182674,0.03284829427344382,0.02565226923920183,0.14678220437493406,0.11914914716382397,0.4290657439446366,0.4290657439446366,0.423728813559322,0.4260869565217391,-5.420032310177706,8.158445440956651,0.759463344513656,-0.5098280098280099,0.22799999999999998,-0.044987960968191576,0.009486607142857206,-0.05597014925373134,0.11507167764432391,-0.07886435331230279,-0.07430664573521706,0.009029345372460584,0.07808564231738035,0.010600706713780994,-0.0634920634920636,0.0561545697952095
2006-09-30,0.00463129123988848,-0.0286104872571038,-0.02240452790094194,0.038121704432093395,0.01944342056763726,-0.017101590536529154,-0.38942695722356735,-0.38942695722356735,-0.3928571428571428,-0.4512195121951219,0.4320175438596492,-0.9955932756650889,-2.0362200435729845,-0.9097744360902256,0.016751977664029694,-0.0366242038216561,0.0221116639027088,0.059288537549407216,0.015635858234885225,-0.136986301369863,-0.10175240248728101,0.009694258016405666,0.014686248331108098,0.03263403263403264,0.033898305084745894,-0.06433710174717377
2006-12-31,0.007749647899419454,-0.012339163650985085,-0.019678332932730025,-0.1367286704646853,0.06842628581759014,0.026188866351138262,0.7025776602775942,0.7025776602775942,0.6470588235294117,0.922222222222222,-0.03215926493108734,28.62962962962963,-0.1040735873850197,-10.944444444444445,-0.16384439359267733,0.09641873278236912,0.03948080043266633,0.0802238805970148,0.05952788231269235,0.07936507936507953,0.011957205789804748,0.009601181683899673,0.05888157894736845,0.06884875846501148,0.0,0.14411247803163452
2007-03-31,0.0032928151183164722,0.023154627108725068,-0.004999680191032585,-0.1064244255386817,0.019775803722504204,-0.14398664675393125,-0.5333850931677019,-0.5333850931677019,-0.5297619047619047,-0.5549132947976878,-1.4604430379746836,-0.45375,-1.6456438838369023,-1.1284916201117319,0.02517788724685266,0.026884422110552864,-0.11706555671175867,-0.08117443868739216,0.019050694220213105,-0.02941176470588236,-0.06218905472636804,0.009509875640087762,0.017707362534948645,-0.057022175290390775,-0.016393442622950838,0.1450332821300564
2007-06-30,0.019814359294945794,0.03011613737534513,-0.000492837781372879,0.11060194865862871,0.06226278129212903,0.20833333333333326,0.9301164725457571,0.9301164725457571,0.9240506329113924,0.922077922077922,-2.7560137457044673,0.29977116704805495,-2.312585188550659,-8.934782608695652,-0.19487453283502398,-0.009664790800097744,-0.060106069534472506,-0.03007518796992481,0.05956907477820028,-0.030303030303030276,0.0649867374005304,0.009420289855072372,0.04181929181929189,-0.0313549832026877,0.0,-0.07249860257126894
2007-09-30,0.003091643235031416,0.01875814784414076,-0.015746427844057886,0.07911709329808114,0.03737040435792793,-0.06650246305418717,-0.09956896551724137,-0.09956896551724137,-0.09868421052631571,-0.14864864864864868,0.21004566210045672,-2.77112676056338,0.25233644859813076,-4.684931506849315,0.8919098143236075,0.04237183446571957,0.027586206896551557,0.0678294573643412,0.03289473684210531,-0.015625,0.07658779576587804,0.01005025125628145,0.033987694110753086,0.07861271676300574,-0.01666666666666672,-0.05592719821611525
2007-12-31,-0.07291459088916341,-0.10403090120618974,-0.16001611814162187,-0.2226965624767986,0.07009090737987234,-0.062278227640797046,-0.03542364767831496,-0.03542364767831496,-0.051094890510948954,0.07936507936507953,0.24609164420485174,6.39662027833002,2.544499723604201,-1.6066914498141265,-0.28601472134595163,-0.07051433989096934,-0.11104331909701037,-0.05807622504537202,0.0674580196873189,-0.09920634920634919,-0.13418160786581834,0.00995024875621886,0.15330121847548894,-0.045016077170418,-0.016949152542372947,0.15269709543568477
2008-03-31,0.014874363218193132,0.029358089343807015,0.0011798415641328663,0.19241606571469516,0.03482543311933872,-0.12380536554601462,-0.40198511166253104,-0.40198511166253104,-0.4,-0.4338235294117647,-1.3125675967986157,-1.0428705819110335,-1.1136150966936993,-0.7022058823529411,-0.11929307805596467,-0.14114497003697568,-0.04804392587508588,0.009633911368015502,0.03824247355573651,-0.19383259911894268,-0.07615230460921851,0.009852216748768239,0.02063882063882061,0.01683501683501687,0.0,-0.1367336766904802
2008-06-30,-0.02163860355113134,0.01957912587682098,-0.026443926443926458,-0.06648510092918936,-0.002039602277555841,0.16017939206024034,0.12863070539419086,0.12863070539419086,0.14102564102564097,0.1428571428571428,-2.2346020761245677,0.10031347962382453,-2.1475634866163347,-0.2304526748971193,-0.10423634336677812,0.012024940617577196,-0.15428983417447717,-0.10687022900763354,0.02298850574712641,-0.02732240437158473,0.012292118582791112,0.009756097560975618,0.01998074145402029,-0.09823399558498902,-0.017241379310344862,0.09218629715165516
2008-09-30,-0.03738634723625345,-0.05410649933217404,0.02036500039905298,0.10434185687317665,-0.03702631354849695,-0.08284814355254366,1.4698529411764705,1.4698529411764705,1.50561797752809,1.431818181818182,2.337443946188341,2.7606837606837606,1.6016746411483251,-1.7914438502673797,0.09209707529558187,-0.15461346633416462,0.17220801364023886,0.22649572649572636,-0.036772216547497405,-0.1741573033707865,-0.0357142857142857,0.010121923165401281,0.00023601604909129215,0.2325581395348837,0.0,-0.14349486049926574
2008-12-31,-0.09355392469208912,-0.07601108328448869,-0.036319075988475946,-0.5376456876456877,-0.171220883960312,-0.0708710583827662,-1.8374516225066984,-1.8374516225066984,-1.8385650224215246,-1.8738317757009346,-0.6837420221699697,-0.4303030303030303,-0.7717241379310344,-1.8243243243243243,-0.06951566951566956,-0.23494707617560295,-0.5905454545454545,-0.5940766550522647,-0.1736479321314952,-0.20408163265306123,-0.3659259259259259,0.010020496470052542,-0.08659745162812649,-0.5938430983118173,0.0,0.998422712933754
2009-03-31,-0.011627618488409541,0.007410397624059373,0.0031789835369235853,-0.09108478279136212,-0.03512590695689288,-0.19416442652329746,-1.0263064344116601,-1.0263064344116601,-1.0267379679144386,-1.0267379679144386,-1.5443441317047264,-0.2646276595744681,-3.2920443101711983,-7.295081967213115,0.4703000612369872,-0.31231571784985257,-0.32149200710479586,-0.33476394849785407,-0.034327879371190306,-0.1709401709401709,0.8446261682242988,0.009921082299887196,-0.022733143890467544,-0.33251833740831294,0.0,0.10836965100717211
2009-06-30,0.03720097395262445,0.07516171503806746,0.01030232746298454,0.25404455948969207,0.08165612420931567,0.20981305163666697,12.486486486486486,12.486486486486486,12.2,12.2,-4.263414634146342,0.014466546112115841,-2.176186291739895,-0.6809895833333333,0.1020408163265305,0.11675461741424797,-0.1413612565445025,-0.16129032258064524,0.08006644518272421,0.15463917525773208,0.7872070930968968,0.004242018307657913,0.04176579434311378,-0.13919413919413925,-0.0350877192982455,-0.1426359949224435
2009-09-30,-0.0051791318097113015,-0.01530720902992222,-0.03278075865566854,0.023368964246221813,0.03688708951866837,-0.013154871323529438,0.24348697394789576,0.24348697394789576,0.2424242424242422,0.2424242424242422,0.1428998505231689,-0.5311942959001783,0.4202465446395218,-1.183673469387755,-0.017006802721088454,0.15445953927938572,-1.3170731707317072,-1.3153846153846154,0.036296524146416376,0.0714285714285714,0.41353649893692435,0.004224099599822173,0.042375031717838185,0.0,0.0,-0.037808753430593756
2009-12-31,0.0031544718084286494,0.046716591419070586,0.002525322220075621,0.05431494021034422,0.004220074935910034,0.04610279993014732,-0.9073327961321515,-0.9073327961321515,-0.9024390243902439,-0.9146341463414634,-0.3408318074810358,1.870722433460076,-0.9684376643871646,-35.91111111111111,0.6039984621299501,0.08109490918393436,-5.778846153846154,-5.829268292682927,-0.006530127634312821,0.04166666666666674,0.0,0.004206331636041671,0.0009737098344693162,0.5446808510638297,0.0,-0.007205854756989982
2010-03-31,-0.011292904143695548,-0.022754862205232818,-0.03761923770457953,0.40352555342989893,0.025940617390621368,-0.09570975460464082,5.278260869565218,5.278260869565218,5.0,5.7142857142857135,-1.2857142857142856,-0.6847682119205298,1.0666666666666669,-1.8115849777211968,-0.3056088207094918,0.06389020350212982,0.22132796780684094,0.25757575757575735,0.02360322677024196,0.07200000000000006,-0.29556279769365756,0.00418871252204589,0.03769455252918297,0.23140495867768585,0.0181818181818183,-0.3037084640683476
2010-06-30,-0.013645766051557984,0.021170313986679457,-0.03126609073745634,-0.05685911790478049,0.009723418508948312,0.16848193957294932,2.149584487534626,2.1481994459833795,2.104166666666667,2.148936170212766,-4.794444444444444,-3.2521008403361344,6.67741935483871,-1.9929411764705882,0.4370037970314118,0.054048042704626376,0.38879736408566723,0.4257028112449799,0.009632224168126147,0.02985074626865658,-0.16512455516014235,0.004171240395170139,0.0239043824701195,0.38255033557047,0.01785714285714257,0.08274064824366145
2010-09-30,0.03505470822281165,0.0793798690374512,0.022501107337959514,0.04299576752348511,0.05089757928459049,-0.09315919743009116,-0.5488126649076517,-0.5494940607127144,-0.5503355704697986,-0.554054054054054,0.053806734992679406,-0.9701492537313433,-0.6843487394957983,1.0134281200631912,0.6122988229642086,-0.0774424984173877,-0.07117437722419939,-0.05070422535211261,0.049436253252384876,-0.08695652173913038,-0.34398976982097185,0.004153913423699196,0.01533531700617985,-0.05016181229773464,0.0,0.034849320563606234
2010-12-31,0.015087812027004377,0.04138691732207933,0.008938111878014299,0.04265848468352562,0.02296258883798119,0.10075493612078978,-0.16764132553606237,-0.166015625,-0.16417910447761186,-0.16666666666666663,-0.022229940951719374,-66.25,-1.4459234608985025,-0.2408787759905845,0.2882896305125149,0.2870539798719123,0.1468710089399745,0.16913946587537088,0.01735537190082659,0.23015873015873023,0.364522417153996,0.004136729806226924,0.007664562669071229,0.16183986371379877,0.01754385964912286,-0.0012113576896986
2011-03-31,-0.012015494702295015,-0.0843195947501727,-0.05250955304624105,-0.20456594997389532,0.037647017333497956,-0.07285676602479552,-0.049180327868852514,-0.050351288056206034,-0.0535714285714286,-0.054545454545454564,-1.7328596802841918,-0.303639846743295,-12.869402985074627,-4.077519379844961,-0.6886781542731584,0.08761329305135956,-0.011135857461024523,0.012690355329949332,0.032764689953967086,0.07096774193548372,-0.07761904761904759,0.00411968777103211,0.05033557046979853,0.0,0.0,0.1511667394362779
2011-06-30,0.029992813223668424,0.09283846308589827,0.0,0.19625275971120004,0.06355572171430524,-0.09388869921474907,3.0467980295566504,3.0505548705302097,3.018867924528301,3.019230769230769,-2.0315075133301015,-0.34662998624484187,-0.5400817353033638,-1.0305625524769102,0.06760772659732539,0.03839869281045738,0.15315315315315314,0.18546365914786977,0.06161510225485056,0.006024096385542244,0.022199277232834325,0.004102785575469614,0.03258785942492026,0.2565982404692082,-0.051724137931034364,-0.08643432087319303
2011-09-30,-0.10260028220116912,-0.16665899677864704,-0.20598453265663708,-0.17897047086991225,0.008995622024094763,-0.02323536799799042,0.2571515520389531,0.2569254185692542,0.2535211267605635,0.27751196172248815,0.4609962406015038,-25.056842105263158,7.511961722488039,9.357142857142858,0.6558803061934586,-0.08497246262785207,0.470703125,0.5454545454545454,0.002469745616201502,-0.13772455089820357,-0.23131313131313136,0.27311827956989254,0.12438118811881194,0.5577596266044342,0.0,0.014992157948150009
2011-12-31,-0.35277144239408387,-0.32782947234724025,-0.35470922822302964,-0.5390643985419198,-0.3507894028409001,-0.5901375851870901,-0.7857661583151779,-0.7846936304189877,-0.7902621722846441,-0.7940074906367041,0.0,0.0,0.0,-2.084350132625995,-0.5412901870140786,-0.16784178847807396,0.07370517928286846,0.12038303693570462,-0.3562453806356246,-0.17361111111111116,-0.45466491458607095,0.003209459459459385,0.0027517886626307053,0.23146067415730331,-0.09090909090909094,0.45825569240558117
2012-03-31,0.019688192423716666,-0.01306276700624387,-0.01986969723769938,0.2741531567154343,0.052418469644120336,0.03984313725490196,-0.10621468926553668,-0.11136107986501687,-0.1071428571428572,-0.10909090909090913,-1.1659697651978127,-1.0759604445611273,-1.006022645145748,-0.36497064579256355,-0.5945945945945945,0.127918991527175,0.07297464440321577,0.1208791208791209,0.04668962877918115,0.7563025210084033,0.12771084337349392,0.0035359488129314,0.03219904866447143,0.24330900243309017,-0.09999999999999998,-0.22539425294520987
2012-06-30,0.07344913801002706,0.03417131440938981,0.1646464342647458,-0.049343126099100076,0.003175265378018821,0.13501282244682455,0.270543615676359,0.270886075949367,0.26,0.26530612244897966,-2.488372093023256,6.345622119815668,76.46666666666667,-1.160246533127889,0.23502824858757054,0.08867717112495432,-0.17521613832853022,-0.1492374727668846,-0.001828153564899515,0.038277511961722466,0.09401709401709413,0.003355704697986406,-0.06540233959588804,-0.07632093933463802,-0.08888888888888902,0.08783294439526834
2012-09-30,0.024913418857616776,0.05763271219865573,0.0147723457555331,-0.011425462459194735,0.033985629461913414,0.034423179160021355,-0.23880597014925375,-0.23904382470119523,-0.23809523809523814,-0.24193548387096775,0.13802083333333326,-0.9411856963613551,-1.0289156626506024,0.8365384615384615,0.3494967978042085,0.009424436216761922,-0.43955276030747736,-0.4443021766965429,0.029304029304029422,0.01382488479262678,0.3525390625,0.003511705685618649,0.009102977432201786,-0.3548728813559322,-0.12195121951219512,0.06986721899619042
2012-12-31,0.027627398955346383,0.08961528216446601,0.024304583513602873,0.3303247110621905,0.030544755776020116,0.1261724270846718,0.6509803921568627,0.6531413612565444,0.6666666666666667,0.7021276595744683,2.0389016018306636,0.07200000000000006,-0.5535714285714286,4.712041884816754,1.4793220338983053,-0.041180393464488096,0.07605985037406504,0.0714285714285714,0.023843416370106674,-0.06818181818181834,0.9494584837545126,0.0033327778703549082,0.003570757376432976,0.022167487684729092,0.0277777777777779,-0.18094447901541855
2013-03-31,-0.04349940372124261,-0.10648180484738423,-0.10976942953687141,-0.3561145126592752,0.014331866178096675,-0.1840273816314889,-0.09342834520981791,-0.09342834520981791,-0.11250000000000004,-0.11250000000000004,-1.2240210843373494,-1.9850746268656716,38.28,-2.377635197066911,-0.8219852337981952,0.07094418362024002,0.07068366164542295,0.07311827956989259,0.010775112964893863,0.043902439024390505,-0.041481481481481564,0.003653878093339946,0.06048689138576768,0.07389558232931748,0.0,0.38768360628060106
2013-06-30,0.036616956374376564,0.1396130545241352,0.07415573541724818,0.3437419686455925,0.007866273352999054,0.11115771812080544,-0.3510917030567685,-0.3510917030567685,-0.352112676056338,-0.352112676056338,-1.522689075630252,-1.7449494949494948,-1.8445349626612355,-1.825016633399867,3.8095238095238093,0.054554310764734604,-0.08225108225108224,-0.07214428857715427,0.0013755158184320937,0.04205607476635498,-0.03477588871715609,0.0038060565944066926,-0.027723821296132822,-0.074794315632012,0.0,-0.1518995042126715
2013-09-30,-0.00627065403972582,-0.044208937819391614,-0.05562917348715146,-0.21201109304771926,0.03401908801696707,-0.07122184472127846,0.1413189771197847,0.1413189771197847,0.13043478260869557,0.13043478260869557,3.581993569131833,-0.1559322033898305,-1.9718649517684887,-1.5721774193548388,-0.45320983711274354,-0.014318706697459715,-0.001179245283018937,0.017278617710583255,0.02678571428571419,-0.013452914798206206,0.05044035228182531,0.0036267721727663016,0.04050127134035586,0.0347615198059823,0.0,0.21292543843919232
2013-12-31,0.00877790834312564,0.037067604420841116,-0.034116546525064684,-0.14247572815533982,0.04075563030725693,0.21988890394255511,0.048349056603773644,0.048349056603773644,0.05769230769230771,0.019230769230769162,1.1733333333333333,0.10441767068273089,-0.250620347394541,-1.7470049330514446,0.6191588785046729,0.05482661668228683,-0.11452184179456903,-0.09341825902335454,0.026421404682274385,0.027272727272727115,0.0335365853658538,0.0036136662286465615,0.03176819689300059,-0.10078125000000004,0.0,0.20940272028385598
