Quarter end,Assets,Current Assets,Liabilities,Current Liabilities,Shareholders equity,Revenue,Earnings,Earnings available for common stockholders,EPS basic,EPS diluted,Cash from operating activities,Cash from investing activities,Cash from financing activities,Cash change during period,Cash at end of period,Price,ROE,ROA,Book value of equity per share,P/B ratio,P/E ratio,Cumulative dividends per share,Equity to assets ratio,Net margin,Asset turnover,Current ratio
1993-12-31,0.010956041236397152,,0.03144238144877365,,-0.018363892906027135,-0.02665321144485333,0.27504286064168504,0.27504286064168504,0.06666666666666665,0.0,0.164885337760714,1.6219244454538573,8.324211984759266,-6.127007299270073,-0.07109496626881162,-0.02777777777777779,0.07305194805194803,0.006688963210702337,-0.12450592885375489,0.07722007722007729,-0.07958148383005703,inf,-0.028932652565037742,0.09825033647375503,0.0,
1994-03-31,0.010956041236397152,,0.03144238144877365,,-0.018363892906027135,-0.02665321144485333,0.27504286064168504,0.27504286064168504,0.06666666666666665,0.0,0.164885337760714,1.6219244454538573,8.324211984759266,-6.127007299270073,-0.07109496626881162,-0.02777777777777779,0.07305194805194803,0.006688963210702337,-0.12450592885375489,0.07722007722007729,-0.07958148383005703,inf,-0.028932652565037742,0.09825033647375503,0.0,
1994-06-30,0.03965566854160185,,-0.11718029332615076,,0.27550720481754976,-0.02665321144485333,0.27504286064168504,0.27504286064168504,0.06666666666666665,0.0,0.164885337760714,1.6219244454538573,8.324211984759266,-6.127007299270073,0.3924022346368714,-0.059428571428571386,0.07305194805194803,0.006688963210702337,0.2742663656884876,0.07722007722007729,-0.07958148383005703,1.0,0.2268402603905859,0.09825033647375503,0.0,
1994-09-30,0.01127492898089133,,0.03794023306297456,,-0.01647927023586382,0.06104775263767759,-0.046100653092585486,-0.046100653092585486,0.0,0.0,-0.13593443791199,-0.6134611497704501,-1.0542739329098407,-2.4658314350797266,-0.4130958112662494,-0.04576751721344685,0.07305194805194803,0.006688963210702337,-0.018600531443755508,-0.2508960573476703,-0.07958148383005703,0.5128205128205128,-0.027551020408163263,0.09825033647375503,0.0,
1994-12-31,0.02632894018390508,,0.06284207021413857,,-0.01377804827174356,0.048453845269571305,0.2507047925896093,0.2507047925896093,0.25,0.0,0.5088659793814434,1.1839097632031077,-8.72142368240931,-0.35528360528360525,-0.4537872573147389,-0.07937181663837001,0.07305194805194803,0.006688963210702337,-0.016245487364620947,-0.062200956937799035,-0.07958148383005703,0.33898305084745783,-0.03903462749213016,0.09825033647375503,0.0,
1995-03-31,0.02410389830935733,,0.054583902374554016,,-0.011977227622372522,0.0121977961734554,0.06633392368378677,0.06633392368378677,0.04999999999999982,0.0,0.1005056026236677,-0.6305582158982077,-0.2325148479744703,-5.207291352817114,3.495369211514393,-0.025818349469801882,0.07305194805194803,0.006688963210702337,-0.012844036697247763,-0.010204081632653073,-0.07958148383005703,0.25316455696202533,-0.03516051539637466,0.09825033647375503,0.0,
1995-06-30,0.05600041455878646,,0.11503792203934227,,-0.01859416282281734,0.001678988274162574,-0.21440434848256074,-0.21440434848256074,-0.23809523809523803,0.0,0.3895200844353386,4.907230811961855,2.6985446985446986,-1.6732311658550558,-0.52347012639902,0.002839564600094713,0.015128593040847127,0.006688963210702337,-0.020446096654275103,0.015463917525773141,-0.07958148383005703,0.202020202020202,-0.07062019013128118,-0.02941176470588236,0.0,
1995-09-30,0.033828876795414686,,0.05832008192285598,,-0.0013296283016612787,0.053637567925599594,0.13742071881606766,0.13742071881606766,0.1875,0.0,-0.604083821098253,-0.7215848536141934,-0.8820810692648804,-0.45463248590575467,-0.5990885720962842,0.056158565361019264,0.05365126676602072,0.006688963210702337,-0.013282732447817747,0.07614213197969555,0.05614881157423346,0.17226890756302526,-0.0340964442279591,0.012626262626262541,0.0,
1995-12-31,0.05155647217834902,,0.0987547003571485,,-0.02024623393719982,0.06483976086008258,-0.09327475498479221,-0.09327475498479221,-0.1578947368421053,0.0,1.005191287665049,1.36382571492907,7.292637711864407,-2.3828749756192704,2.0664529291751674,-0.02815013404825728,-0.022630834512022635,-0.07308970099667766,-0.023076923076923106,-0.014150943396226578,-0.06653620352250489,0.1469534050179211,-0.06833081190115986,-0.06670822942643384,0.0,
1996-03-31,0.007080033493049642,,0.02132861750607673,,-0.017229164376366568,0.05474698795180721,0.12299664554603051,0.12299664554603051,0.1875,-0.09523809523809523,-0.305267897343539,-0.5698125788859518,-0.8897901829910899,-1.3200282087447108,-0.21566391027468867,-0.0027586206896551557,-0.011577424023154759,-0.06093189964157708,-0.017716535433070835,0.019138755980861344,0.05276030747728844,0.12812499999999982,-0.02408660351826797,-0.06746826987307952,0.0,
1996-06-30,0.023964958517662005,,-0.02094629882124488,,0.10359324603978548,-0.004614822260806006,0.14454032525721883,0.14454032525721883,0.10526315789473673,0.0,0.3575826312378483,0.7073737821080601,2.6792234135033324,-0.3887174966945791,-0.16808046534173537,0.0055325034578146415,0.05856515373352855,0.04580152671755733,0.04208416833667328,0.028169014084507005,0.034185197477597074,0.11357340720221609,0.07792567942318374,0.03295128939828085,0.0,
1996-09-30,0.016176140684930784,,0.035548196545243105,,-0.014294764405276439,0.017603855864126716,0.1777584457010295,0.1777584457010295,0.09523809523809534,0.0,-0.18367346938775508,-0.5408209584333052,-0.7882964479798378,-2.590483056957462,0.32134013109978143,0.0719853278312701,0.07883817427385886,0.06569343065693434,-0.015384615384615441,0.027397260273972712,0.0003209242618742447,0.10447761194029881,-0.030100334448160515,0.057558945908460446,0.0,
1996-12-31,0.11491422005455543,,0.11739143211255132,,0.1108207079362904,0.06854320319372076,-0.052566785670318805,-0.052566785670318805,0.0,0.0,0.6714912280701755,5.9729557972037846,27.96391369047619,-0.10698096101541255,0.21717561459596513,0.0988023952095809,0.04102564102564088,0.044520547945205546,-0.0244140625,0.11555555555555541,0.04331087584215587,0.09459459459459452,-0.003713527851458953,0.05245901639344264,0.0,
1997-03-31,0.07706224053564847,,0.00020110732788691799,,0.2048240482404824,0.02682792975346171,0.20984927234927242,0.20984927234927242,0.04347826086956519,0.26315789473684204,-0.24744161637365525,-0.06819171451428341,-0.02986320724423608,-0.6340101522842639,0.06530205597319094,0.06072401712728692,0.009852216748768683,0.05245901639344264,0.20120120120120122,0.08764940239043839,-0.02552275522755232,0.17283950617283939,0.1187433439829606,0.08473520249221189,-0.052631578947368474,
1997-06-30,0.026507301210934697,,0.043065434899953736,,0.0036581878097401432,0.04429872345673935,0.8268714423799806,0.8268714423799806,0.8333333333333335,0.0,-0.06775918177591822,-0.7649782105480509,-0.8236727128293393,9.726768377253814,0.6575412344839313,-0.025321100917431227,0.22560975609756095,0.2429906542056075,0.0024999999999999467,-0.19047619047619047,-0.07888923950773119,0.0736842105263158,-0.02237029985721095,0.26593911545089033,0.0,
1997-09-30,0.010183925699364105,,0.026103396377493926,,-0.012646410860559842,-0.019467737490650006,-0.4421516754850088,-0.4421516754850088,-0.4545454545454546,0.0,-0.07093878568757017,0.08438916119485795,-1.4701907193272263,-2.9147918282906646,-0.7595917111202298,-0.024472891566264976,-0.03383084577114426,-0.020050125313283096,-0.01413133832086455,-0.02714932126696834,-0.22130866735183286,0.06862745098039214,-0.02263875365141177,0.003629764065335772,0.0,
1997-12-31,0.13860455381975667,,0.10226026338188343,,0.1927719925480018,0.10431011984823235,0.12698914532616712,0.12698914532616712,0.0,0.0,0.6113794954374665,5.065796767728455,-21.854199936122644,-1.8343574853129854,2.636227864305526,0.016595908915476576,0.0319258496395467,0.005115089514066362,-0.03794266441821237,0.032558139534883956,0.007479102507699009,0.001529051987767538,-0.14146948941469495,0.029385171790235143,-0.05555555555555547,
1998-03-31,0.017146789429830278,,0.034836508850062176,,-0.007217276683339047,0.02123288916359134,0.18702075930428275,0.001122124555825721,0.12500000000000022,0.12500000000000022,-0.11259160559626913,-0.7793587301140957,-0.9316864360704195,-1.0933149886694724,-0.06765240861350696,-0.05884586180713747,0.03992015968063867,0.025445292620865256,-0.010517090271691565,-0.022522522522522626,-0.06681222707423573,0.13282442748091605,-0.025529445894981184,-0.006587615283267456,0.0,
1998-06-30,0.009356695451137487,,0.022213635528641307,,-0.009101276252107549,0.039606956583655206,-0.057586261225775925,-0.06818606388940784,-0.03703703703703709,-0.03703703703703709,0.10088213213213204,-0.049098324093544865,-0.5463513059074094,1.0260190806591503,-0.14701069855254878,-0.004033884630899487,-0.13435700575815734,-0.1389578163771712,-0.013286093888396633,0.009216589861751112,-0.029012634534394066,0.05660377358490565,-0.020244120273890998,-0.1763925729442971,0.0,
1998-09-30,0.07814657041100026,,0.14303437113087747,,-0.01795308080446545,0.010290743467689545,-0.3713951349995821,-0.44546912590216514,-0.46153846153846145,-0.46153846153846145,-0.28109283096070237,2.2016418160495896,17.553002223869534,0.5419520547945205,-0.2657518075844769,-0.09882543539894695,-0.08203991130820398,-0.09510086455331423,-0.024236983842010895,-0.08675799086757985,0.061686746987951846,0.0573979591836733,-0.09298085688240665,-0.13311862587224899,0.0,
1998-12-31,0.01853418668818585,,0.03479532766115234,,-0.009496699238170758,0.09987627747741645,0.6998670212765958,0.9515545914678236,0.9285714285714286,0.9285714285714286,0.7066461137131677,-0.6770169434763953,-0.8754195301262586,-3.0205441421432537,0.7313102893890675,0.0,0.015700483091787287,0.015923566878981,-0.015639374425022945,0.02499999999999991,0.10985020426690872,0.0,-0.02948073701842535,-0.03900928792569658,0.0,
1999-03-31,0.012651610134492897,,0.024554418097802788,,-0.008783897257650275,-0.020232371794871806,0.06031448016897434,0.07132271211559837,0.07407407407407396,0.07407407407407396,-0.22521364552212886,0.16722830665543387,-0.03388924524267689,-1.6434460016488046,-0.27179338363319794,0.013932584269662929,0.038049940546968086,-0.00940438871473337,-0.013084112149532645,0.029268292682926855,-0.018404907975460127,0.10735826296743078,-0.023472557818432938,-0.0077319587628866815,0.0,
1999-06-30,0.007851128603894919,,0.023013814629516682,,-0.020373430396807835,0.009625214286837602,-0.4971963995868378,-0.5825696005533461,-0.5862068965517242,-0.5862068965517242,0.48962023046226966,-0.10476639924492681,-1.1845745269447825,-0.8518043988896007,-0.0553120267793098,-0.011081560283687897,-0.1202749140893472,-0.13607594936708867,-0.02556818181818199,0.0,-0.03166666666666673,0.04793028322440085,-0.03252032520325199,-0.15584415584415579,0.0,
1999-09-30,0.01781309224323513,,0.03185622014041689,,-0.00948522124409723,0.047667263805592386,1.081584739545121,1.5265120132560068,1.5833333333333335,1.5833333333333335,-0.42344159166842243,-0.09408043660268539,-8.971822541966427,-5.664265129682997,0.27309541888129596,-0.01389511429852075,0.22135416666666674,0.14652014652014644,-0.013605442176870652,0.014218009478673022,0.15447504302925985,0.0,-0.02922908293752291,0.16538461538461524,0.0,
1999-12-31,-0.0050808038488029394,,4.650383220639043e-05,,-0.01546372538056029,0.0360567987510223,-0.021006626251233618,-0.024348253812100373,-0.032258064516129115,-0.032258064516129115,0.4357608979378753,-0.9374978606880028,-3.183048808001805,-2.03552672227371,-0.22213386348575215,-0.1377272727272728,0.04584221748400874,0.015974440894568787,0.0009852216748769127,-0.12616822429906538,-0.28587402161759223,0.047817047817047875,-0.014301844185171109,0.00990099009900991,0.0,
2000-03-31,0.018287563361772285,,0.05026442980718282,,-0.04748648438605341,-0.008266360505166492,0.01807315668202758,0.021006638097638808,0.03333333333333344,0.03333333333333344,0.17962330012362737,22.695509309967143,-1.4409191125809564,-1.5886038186157518,0.1680865564832168,0.008434370057986307,0.04383282364933749,0.0031446540880502027,-0.05413385826771655,0.0053475935828875,-0.02139874739039671,0.044642857142856984,-0.07598319969454004,-0.006535947712418277,0.0588235294117645,
2000-06-30,-0.011279032995284544,,-0.016602635353586637,,0.000794984068937632,-0.004312340819634164,0.27830822547563483,0.3239239568759773,0.35483870967741926,0.32258064516129026,-0.18257197460082608,-1.3125404455948968,-3.739823423704977,1.5215408008109477,0.36284734884399383,0.07841087297438576,0.3037109375,0.22257053291536066,-0.002081165452653466,0.1436170212765957,0.05813333333333337,0.0417853751187085,0.012396694214876103,0.25263157894736854,0.0,
2000-09-30,0.02237382994827386,,0.03697380935854411,,-0.010163532109612294,-0.0032700636572391417,-0.2021135332521855,-0.22713992664884686,-0.23809523809523803,-0.2195121951219512,-0.027489724348580213,-4.140353471862753,-1.3341318048307524,-1.9969849246231157,-0.26543936637054477,-0.004362578768783321,0.028464419475655367,-0.002564102564102666,-0.013555787278414888,-0.0046511627906975495,-0.22177419354838712,0.04375569735642659,-0.03469387755102049,0.0,0.0,
2000-12-31,0.02662378826615419,,0.043328774409239434,,-0.0123776437916433,0.061372683396275995,-0.03689064558629773,-0.042708919810182544,-0.03125,-0.03125,-0.1704148894920512,0.1662938281489157,1.1989417086284884,-0.5223790322580646,-0.17259216086259654,-0.05647517039922101,0.022578295702840423,-0.01285347043701801,-0.017970401691332127,-0.04205607476635531,-0.06347150259067347,0.041048034934497935,-0.041014799154334036,-0.011554621848739566,0.0,
2001-03-31,0.033689289664476485,,0.0502711489693739,,-0.007208320681529545,-0.014933369968402221,0.024767801857585203,0.028818685935136923,0.032258064516129004,0.032258064516129004,0.3973358261275999,0.7623816350017161,1.21925092179313,-0.9096665259603208,-0.018843004314519685,0.012899896800825594,0.01139601139601143,-0.015624999999999889,-0.01076426264800856,0.029268292682926855,0.0055325034578146415,0.03942953020134232,-0.041446208112874694,-0.007438894792773709,0.0,
2001-06-30,0.03544863853261826,,0.04135597473685593,,0.020035194051903682,0.023639178277059525,0.5574369423171504,0.648019599836668,0.59375,0.59375,-0.08723575060208721,-0.5716298731798967,-0.4677066755277287,-96.00934579439253,1.824643273804182,0.032603158430972945,0.08098591549295775,0.03703703703703698,0.016322089227421177,0.04739336492891,0.024759284731774578,0.037933817594834496,-0.00965961361545542,0.06049250535331918,-0.05555555555555547,
2001-09-30,0.03449786265058985,,0.05440789911756405,,-0.018537326984596203,0.028965366903730416,-0.31510804348806787,-0.34618434093161543,-0.33333333333333326,-0.3529411764705882,0.10708003518029896,0.6176187419768935,-0.5585162307793403,-1.8282018493015935,-0.5349960285941223,0.08633448445979286,0.019543973941368087,-0.020408163265306145,-0.024625267665952966,0.0678733031674208,0.012080536912751683,0.0,-0.05620065025545751,-0.010600706713780883,0.0,
2001-12-31,0.02397169837599944,,-0.06356755358818289,,0.27448440854894307,0.05763730734600925,0.1312080094849164,0.06889495225102316,0.02941176470588225,0.09090909090909083,-0.29986759351208214,-0.22344013490725123,1.139391233162164,-1.1738226735554367,0.19998633506422525,0.015440508628519423,0.04536741214057516,0.015625,-0.02524698133918757,0.038135593220339103,0.008620689655172376,0.03732503888024885,-0.04330708661417326,0.01377551020408152,0.0,
2002-03-31,0.02025105850015607,,0.037147857641760096,,-0.015277149435842685,-0.044556004857468356,-1.0775008734132991,-1.4387009856058994,-1.4285714285714286,-1.4166666666666667,0.5051770601862795,0.2549871197121629,-0.06515462483041712,-1.0813119234711308,-0.013551215623754498,0.10152057245080504,-0.30073349633251834,-0.24615384615384617,-0.03828828828828845,0.1306122448979592,0.06508875739644959,0.0359820089955023,-0.044238683127571954,-0.31907398087569194,0.0,
2002-06-30,0.038239141552443234,,0.0015365430181730755,,0.11952075811964935,-0.02059802405723421,-27.54770848985725,-5.926297074511072,-5.933333333333334,-5.933333333333334,0.018344013066968312,0.09700074642057399,0.25191635037582794,-6.873949579831932,0.0806926406926407,0.09744214372716198,0.21153846153846145,0.2108843537414966,0.13231850117096022,0.14440433212996395,0.5888888888888888,0.0347322720694645,0.15554359526372452,0.24390243902439024,-0.05882352941176472,
2002-09-30,0.02908667860013714,,0.04892313304674589,,-0.01021347228963998,0.04798919005699309,-0.4763265883684732,-0.5522162800616819,-0.5675675675675675,-0.5810810810810811,0.00579888957433683,-0.311786719450716,-0.4701878492450363,3.241058655221745,0.3166693371788709,-0.04661487236404005,-0.02164502164502169,0.022471910112359605,-0.018614270941054833,-0.16088328075709768,-0.21794871794871795,0.034265734265734205,-0.043782021425244455,0.0,0.0,
2002-12-31,-0.002074334650672305,,-0.0015134712945189532,,-0.0032519117744886916,0.14175379469699867,-0.8498162559446606,-1.1522567409144198,-1.15625,-1.1612903225806452,-0.31903213935230623,-0.8286446162142729,-1.9036746143057504,-1.2578849721706864,-0.06202336524419927,0.03414823438106329,-0.33333333333333337,-0.22252747252747263,-0.04425711275026345,0.05639097744360888,0.050670640834575176,0.032454361054766734,-0.00292255236239658,-0.3315508021390374,0.0,
2003-03-31,0.03602270306065192,,0.03262290134020529,,0.04317330630604066,-0.04618893746436037,4.8927671824397265,-6.543792107795958,-6.2,-6.2,0.11132627786534566,8.859952793076317,-3.8249937919046437,2.276651406147809,-0.21666738744972536,0.08555347091932464,0.4148230088495577,0.28621908127208484,0.058434399117971214,0.13523131672597866,0.6094562647754138,0.06352324819908306,0.030776746458231585,0.4524444444444444,0.0,
2003-06-30,-0.010105720717524025,,-0.019464760186893693,,0.00937951474699572,0.012871310341593833,0.10686370297997061,0.18368055555555562,0.1153846153846152,0.1153846153846152,0.3699396198889655,-0.9830567081604425,-1.7040105482913965,-1.099001996007984,0.027383647104289643,0.11683373660559981,-0.3620015637216576,-0.24450549450549453,0.15416666666666679,0.056426332288401326,-0.2467685076380728,0.030172413793103647,0.2559241706161137,-0.3378212974296205,0.0625,
2003-09-30,-0.003132943308551961,,-0.02732312921947344,,0.002187477428741147,0.0042127679274108765,0.3568906543087278,0.3422557934878263,0.3103448275862071,0.27586206896551735,-0.06744364905638056,-14.82967032967033,0.06436508927456619,29.336693548387096,0.8085872427320113,0.07830393067161867,0.04901960784313708,0.10181818181818181,0.0,-0.06824925816023741,0.6774570982839312,0.02869097429766887,0.006037735849056647,0.09889094269870613,0.0,
2003-12-31,0.04862468713980728,,0.06586905764544748,,0.016889471988892346,0.1455605753273097,0.4393169343362473,0.7773589029120909,0.736842105263158,0.783783783783784,0.027152191841654405,-2.840342811737329,-1.039738401079242,-0.9128065395095368,0.03898264796767292,0.09931113662456936,0.705607476635514,0.5016501650165015,0.019855595667870096,0.10191082802547768,0.023482910950941793,0.0,-0.026256564141035277,0.7855340622371738,0.0,
2004-03-31,0.049276045226470666,,0.08013123568080793,,-0.011187866480370956,-0.032445320831405056,-0.5128248587570621,-0.5580523193261812,-0.5606060606060607,-0.5757575757575757,0.2036316472114137,2.728234387047032,54.26494464944649,-6.3567073170731705,-0.20098375657744227,0.10443864229765021,-0.015068493150684814,-0.01318681318681314,-0.05840707964601766,0.08092485549132955,-0.39186733303044075,0.02847181871005211,-0.060477657935285034,0.007065473386716814,0.0,
2004-06-30,0.01163066265609336,,-0.052779629070385026,,0.1555499320547833,0.03055951254510103,0.5268468050562449,0.6319816373374139,0.5862068965517244,0.6785714285714284,0.016446018062397316,-0.9024882535901,-1.1424336306821217,-3.4420887877063175,0.6142806012884754,-0.037115839243498816,0.07023643949930447,0.060133630289532336,0.18890977443609014,0.024064171122994527,-0.04893537542024651,0.027683615819209084,0.18040180401804018,0.08746492048643595,0.0588235294117645,
2004-09-30,0.002552288511009637,,0.00043768938482990905,,-0.00027342498977822594,-7.062716926309331e-05,-0.29135652438098136,-0.3269829092613903,-0.36956521739130443,-0.34042553191489355,0.37915541308024325,1.9272989480827962,2.91871366960435,-2.2623667191050516,-0.4803671596124426,0.0670267616007858,-0.0727745289148799,-0.08403361344537819,-0.007114624505928813,-0.10182767624020894,-0.0408483896307934,0.028037383177569986,-0.0031260854463355248,-0.05892473118279573,0.0,
2004-12-31,-0.0061919667517162935,,0.0009622206486643581,,0.0009762422397605608,0.00786035013369668,0.1745980707395498,0.20638338293964908,0.3103448275862071,0.12903225806451601,-0.48969581609868584,-1.374126988726925,-0.19243007871378326,-1.3248407643312101,0.3002944062806674,0.11412793373216745,-0.18990889978976877,-0.1490825688073394,-0.004777070063694322,0.12209302325581395,0.15274365274365254,0.02673796791443861,0.0076655052264809065,-0.15767824497257776,-0.05555555555555547,
2005-03-31,0.02665715586423012,,0.03401586926927802,,0.013025372722741846,0.036272075607704846,0.09485354503148091,0.10908136482939623,0.05263157894736836,0.14285714285714302,0.24657485115845357,-7.0723470178156465,-2.20895301297624,-1.4021028701335607,-0.09286300246103363,0.01693515076414709,0.04498269896193774,0.07008086253369261,0.014399999999999968,0.020725388601036343,0.2404973357015987,0.052604166666666785,-0.010719225449515868,0.07325013564839944,0.0588235294117645,
2005-06-30,-0.013020527859237574,,-0.00443203407072279,,-0.029028596545338514,-0.022916324499792307,0.033754219277409625,0.038337750851950014,0.04999999999999982,0.02499999999999991,0.5498460741721092,-0.738181493481644,-2.160658710515353,3.9540636042402824,-0.5071441490323747,0.10398050365556455,-0.01490066225165576,-0.017632241813602012,-0.03785488958990535,0.08883248730964466,0.017468499427262252,0.02770905492330522,-0.022369800768962,-0.02426693629929222,0.0,
2005-09-30,0.0026338450393597057,,0.003714580511682941,,0.0004231054136916157,-0.007405942552034417,0.23674769218365777,0.2677089980855136,0.2619047619047621,0.29268292682926833,-0.15125863221207392,-0.8892082825822168,-0.14494436585520343,-1.2102710413694722,0.21636697247706427,0.13980868285504044,0.1596638655462186,0.13076923076923075,-0.0008196721311475308,0.18414918414918424,0.18632141851956097,0.026480500722195544,-0.001787629603146268,0.15077720207253886,0.0,
2005-12-31,0.020746203331897473,,0.03382414367176079,,-0.003941314774274285,0.04897097204789502,0.14498044328552795,0.15997267268347048,0.15094339622641506,0.13207547169811318,-0.12259405074365703,21.45206684256816,-1.074250580275569,-3.6913161465400273,-0.4787304652145056,-0.01420271142672691,0.15362318840579703,0.1201814058956916,-0.009844134536505234,-0.013779527559055205,-0.1425860023724792,0.0028142589118198558,-0.025071633237822355,0.13192255740657366,0.0,
2006-03-31,-0.001268901657781929,,0.0011973186229294885,,-0.0066258241949701535,0.034215874342367725,-0.11663060806194492,-0.12703037817730933,-0.13114754098360648,-0.11666666666666659,0.18162782001744993,-0.7669421811344406,-14.08579980046558,-0.5151247794303,-0.4453061696955666,0.12148002619515386,0.08103015075376874,0.05870445344129549,-0.008285004142501995,0.1337325349301397,-0.022966242390702774,0.02572497661365758,-0.006980161645848693,0.05409705648369134,0.0,
2006-06-30,0.00025555088465334386,,-0.004331240103780387,,0.009894597077092282,-0.006289885680179963,0.23283168444458768,0.25655138129394217,0.26415094339622636,0.24528301886792447,-0.02118098774287458,-0.4977729220942937,-0.20783247350631529,-3.404471016376397,1.9303005008347247,0.0011678832116788218,0.12260313771063336,0.10516252390057357,0.010860484544694904,0.008802816901408494,-0.0617388841687907,0.02553579571363418,0.011838697743248305,0.10339622641509427,0.0,
2006-09-30,0.12418856710478199,,0.09340399826022527,,0.1894538863209787,0.04791166143041958,-0.3469259723964868,-0.3750529855596688,-0.35820895522388063,-0.36363636363636365,0.005603810591201963,35.04534805890228,-8.09415803150364,4.662918918918919,3.7303802877083037,0.06299212598425208,-0.09782608695652173,-0.07612456747404839,0.18016528925619824,0.05061082024432784,-0.05161485058859039,0.025344597598932816,0.09360146252285184,-0.07455540355677148,0.0,
2006-12-31,0.018364302861761717,,0.10929228390205314,,-0.15197864583164344,0.06249283541290063,-0.021733909702209453,-0.1928555279222247,-0.2790697674418604,-0.23809523809523803,-0.05810489315643952,-0.6093580988547262,-1.0666027531067417,-2.048623572983086,-0.8269450800915332,0.10164609053497942,-0.16695352839931166,-0.1123595505617978,-0.0091036414565826,-0.06644518272425237,0.15658816040738377,0.02471812662619266,-0.02507522567703091,-0.15188470066518844,0.0,
2007-03-31,0.08954714822476784,,0.07513213627527904,,0.10573055231749895,0.01667330611160911,-0.05339388732048611,0.2941176470588236,0.35483870967741926,0.28125,0.26712328767123283,-0.06599165745659386,-2.8604698533405757,-1.0817782956179796,0.39077859939103954,0.11480513012078197,-0.11707988980716244,-0.11814345991561181,0.0749116607773852,0.12633451957295372,0.27655476059438633,0.024121878967414245,0.0030864197530862114,-0.07668845315904138,0.0,
2007-06-30,-0.00962939724438383,,-0.012646256153765245,,-0.0023356967123771,-0.0053387319287189205,0.15482365145228205,0.15077922077922068,0.11904761904761907,0.14634146341463405,-0.020454341384573915,-0.81992264040512,-2.6299405131199594,-1.9503561887800536,-0.2670294614374179,-0.06254886630179823,-0.14898595943837756,-0.14832535885167464,-0.0032873109796187627,-0.12796208530805697,-0.0004311273981462138,0.023553719008264418,0.007521367521367672,-0.11514865502595562,-0.05555555555555547,
2007-09-30,0.009893990496888216,,0.017723234482786232,,-0.0035042325950281894,0.061478739730974175,-0.11988172767422711,-0.1205281570928789,-0.10638297872340419,-0.10638297872340419,-0.11078722546107878,1.6366141454108671,-0.7173436030630066,-0.663387210119466,-0.1226318484383001,-0.03050160848325989,-0.004582951420714965,-0.0393258426966292,-0.007915567282322011,-0.02717391304347816,0.08324347638559404,0.024626564392410177,-0.013233797081778076,-0.01866666666666672,0.0,
2007-12-31,0.020286983093725564,,-0.09379262798352861,,0.2931920832835415,-0.13245913807233756,4.1953221348075695,4.219769878951196,4.023809523809524,4.023809523809524,0.1437436859575696,-0.42716261121234855,-1.4999207858048162,-29.121085594989562,3.9305515027721043,0.0677153742165415,0.9585635359116023,0.9473684210526316,0.2500000000000002,0.07635009310986973,0.06768863229145938,0.024034672970843163,0.27063273727647874,1.1820652173913047,0.0,
2008-03-31,-0.0034011341128030725,,-0.004604831545972021,,-0.0019226076409074588,0.1338341978147337,-0.7545511099469583,-0.755385838256865,-0.7582938388625592,-0.7582938388625592,-0.05506985128436237,0.8158214820359282,-6.806052923466963,-1.5700816629547143,-0.45445937148606264,-0.1655156537753223,-0.030089327691584344,0.030030030030029797,-0.0026595744680851796,-0.33217993079584784,-0.6035800857728884,0.02347056560215477,0.0016238159675237007,0.024657534246575352,0.0,
2008-06-30,0.015916391698247434,,0.026660510117692215,,-0.0011191121889744249,0.01942258868286384,-0.03374908290535583,-0.03390171183544943,-0.03921568627450989,-0.03921568627450989,0.34610835558946973,0.8251191549658636,-0.8063970307297637,-0.6799496462212962,-0.26661604107904824,0.056965517241379215,-0.048957828405235104,0.0,-0.0031999999999999806,0.059585492227979264,0.026810912511759044,0.022932330827067693,-0.01675222912726282,-0.004618376276130265,0.0,
2008-09-30,0.02808315879449408,,0.042227704424122825,,0.004878316553340145,0.01598377719863686,0.28052736936563827,0.28180588786018923,0.2857142857142858,0.2857142857142858,-0.26985814095205707,-0.18762880776940238,-5.89695517338596,-4.893937338939374,1.4156106700853015,0.023619992170168302,0.005096839959225052,0.05102040816326525,0.004280363830925449,0.02689486552567244,0.017865322950068707,0.02388827636898183,-0.02253366309425664,0.0612942612942613,0.0,
2008-12-31,-0.006031093265011389,,-0.008645847343987545,,-0.0018474654439782912,0.0005615973650459072,-0.09101935205649292,-0.09132716550343556,-0.11111111111111105,-0.11111111111111105,0.04386560819859864,-0.2986967854039966,-2.358386827484959,-2.1761755485893417,-0.6892694576554877,-0.18141254462009182,-0.4061866125760649,-0.41054091539528426,-0.0037293553542887548,-0.18571428571428572,-0.22727272727272718,0.023330940416367518,0.004217036828788379,-0.4286700414173953,0.0,
2009-03-31,-0.000586528089974836,,0.012083839117863704,,0.00630269818284912,-0.00485433211216546,-0.6891326908821349,-0.6919023518904436,-0.6964285714285714,-0.6964285714285714,0.34965880143545114,-0.2342666005946482,-0.27008412977600715,-1.2143153281212982,0.47539906720094605,-0.22815760784924455,-0.15286080273270708,-0.15764705882352947,0.00588235294117645,-0.22514619883040932,0.31799650553290615,0.04559803577692034,0.006718924972004325,-0.15747080144985903,0.0,
2009-06-30,0.046585496683556826,,0.07662078823562268,,-0.006149994606049924,-0.006577693767577997,1.7105112552460895,1.732824427480916,1.8235294117647056,1.8235294117647056,0.014286501529220619,-0.22074098042387968,-3.8469109278829405,19.3950531988393,6.571638468388246,0.05710250201775624,-0.006048387096774244,-0.022346368715083664,-0.0074428495481125845,0.05283018867924527,0.2514361467079098,0.021804763502180524,-0.05033370411568394,-0.006214149139579295,0.0,
2009-09-30,0.07583688928071974,,0.06876292019675256,,0.0892916574342284,0.005017723150577691,-0.034627159798712004,-0.03482780567145183,-0.06249999999999989,-0.06249999999999989,-0.348097741195007,0.05277581696632483,1.1999816437043003,0.6149770662402863,1.4016841213931635,0.09066615766367625,-0.10750507099391482,-0.11428571428571432,0.05409748259239411,0.09677419354838701,0.09639830508474567,0.02166776099803025,0.013177159590043841,-0.08706108706108706,-0.05882352941176472,
2009-12-31,-0.07412496390381818,,-0.11154976566844066,,-0.004284073081246675,0.05722486869427135,0.1653847555863377,0.1662453749496282,0.15555555555555567,0.15555555555555567,0.3034899468694656,0.8537114459256923,-2.337800378254098,-2.1454467653092477,-0.6685119531471888,0.11988099404970254,-0.03863636363636369,-0.02580645161290318,-0.0055894308943089666,0.06209150326797386,0.24154589371980673,0.00032133676092538366,0.07543352601156061,-0.0300316122233929,0.0,
2010-03-31,-0.03909153343146177,,-0.058345080531639004,,-0.007031891638401011,-0.00012997516030266443,-0.08601814200813263,-0.08638291188942993,-0.09615384615384626,-0.09615384615384626,-0.07352823644123341,-0.4630736824187749,-0.4957709779245394,-0.586890517471863,-0.8331179047042226,0.07188623222378498,0.17257683215130037,0.1887417218543046,-0.00817577925396018,0.07692307692307687,0.09831387808041514,0.042402826855123754,0.033324375167965714,0.17544812601846815,0.0625,
2010-06-30,0.0023579421407957657,,0.0070983862604527825,,-0.031187919647564732,-0.03347295443056253,0.06481861738535244,0.06511947739384571,0.06382978723404253,0.06382978723404253,0.23158675661220474,0.45472557955220916,-0.7683427134228049,-1.008537612482823,0.04262193502699829,0.07799970841230497,0.012096774193548487,0.03342618384401108,-0.03297269448737772,0.08857142857142852,-0.09045819555975454,0.02033898305084736,-0.033810143042912855,0.01663585951940849,0.0,
2010-09-30,0.007576253083068529,,0.016259349269866608,,-0.006553075440325018,0.0017110621287406147,-0.04737417239827735,-0.047612899060654024,-0.040000000000000036,-0.040000000000000036,-0.2947999551720274,0.34459275401797873,-0.5442733825754205,-15.935617860851506,-0.6105616165046484,0.029348120097376196,0.031872509960159334,0.04851752021563338,-0.007991475759190125,0.06299212598425186,0.018696442482472042,0.02023557837511336,-0.013997308209959591,0.012727272727272698,0.0,
2010-12-31,0.010358923227120842,,0.019656926334972846,,-0.00490092566309186,0.03163414488602467,0.10715249662618076,0.10768031453362248,0.10416666666666674,0.10416666666666674,0.5305919745729042,0.5353119935170179,-1.34862982490399,-1.4604741708961968,0.7219315456725528,0.04572329523058727,0.019305019305019266,0.010282776349614497,-0.00537056928034374,0.05432098765432092,0.029824114198317764,0.00029603315571336,-0.01501501501501501,0.007181328545780907,0.0,
2011-03-31,0.018327909042829882,,0.008779214556239978,,0.035294690620290003,0.001272549799356426,-0.04967089224768406,-0.0498760747835133,-0.05660377358490576,-0.05660377358490576,-0.40299805321219984,-0.30184869957642213,-0.7921956684092606,-1.875132115355579,-0.3669051085649174,0.0071617037316245025,0.018939393939394034,0.007633587786259666,0.024298056155507508,0.014051522248243575,0.001980198019801982,0.03965670316661751,0.01690687361419063,0.016042780748663166,0.0,
2011-06-30,0.000996748678538717,,-0.0195511355892799,,0.03540695017540085,-0.015901098345621367,0.11450650933111017,0.11500434768606493,0.10000000000000009,0.10000000000000009,0.5804474010304572,-0.549179708172677,-36.04043126684636,-2.6989302967563837,0.9846015398460155,0.04990019960079839,0.013940520446096727,0.02020202020202011,0.026357406431207098,0.025404157043879882,0.03433794466403173,0.0,0.03461433633142552,0.02499999999999991,0.0,
2011-09-30,0.010612705190351734,,-0.012802206899935165,,0.04854997505202574,0.010162974486164433,0.35377046350375463,0.3551210213159264,0.34545454545454524,0.34545454545454524,-0.25373113797988966,0.029389569008888117,-0.2954358974358975,-0.774347517010257,0.11195082627972597,-0.014615019011406716,0.10357470210815767,0.12376237623762387,0.03749357986646129,-0.04054054054054068,-0.0384523525197038,0.01907201821804705,0.037934668071654354,0.1287976037655112,0.0,
2011-12-31,0.12444820771968468,,0.20823814619191894,,-0.05904800813366695,0.021581531845653146,-0.342847427369137,-0.3438199373361468,-0.33783783783783783,-0.33783783783783783,0.3226918327097119,2.8714617358367613,-3.5122643569400975,19.583258325832585,2.0723153602174897,0.04063668153864697,-0.02657807308970095,-0.05066079295154191,-0.06237623762376232,0.0023474178403755097,-0.07600596125186276,0.019273743016759992,-0.16370558375634503,-0.01743745261561791,0.0,
2012-03-31,0.0024426843516285324,,-0.005856522273765097,,0.021083108843738874,0.0402033633163863,0.39018789819216715,0.3918989150912753,0.3673469387755104,0.3673469387755104,-0.03209308807134892,-0.5867488638276385,-1.4171833352648047,-0.9699142907119118,0.020293189393268962,0.0837775202780997,0.07167235494880542,0.04640371229698381,0.01742344244984162,0.1569086651053866,0.10268817204301084,0.018909290216497565,0.018816388467374656,0.06751543209876543,-0.05882352941176472,
2012-06-30,0.0032928592299272808,,0.0053023087432282345,,0.0002818645906399464,0.008688281415554222,-0.24154375843297815,-0.2423047303446827,-0.23880597014925375,-0.23880597014925375,0.1580978159148827,-0.13278346316379008,0.13823396645716857,8.877906976744185,0.19646728917926626,0.06404362236715477,-0.015923566878980777,-0.04434589800443467,-0.002594706798131896,0.04453441295546545,-0.009751340809361464,0.01855836471221073,-0.0029788501638368103,-0.03324900614383808,0.0,
2012-09-30,0.03352686237631852,,0.03341874541554901,,0.03672546315417424,0.06942938465708859,0.18528969726712274,0.18602932117777504,0.17647058823529416,0.17647058823529416,-0.2632835227131455,1.0573885986027123,-3.310341671751068,3.775309005297234,0.7841351148911493,0.07043810289389074,-0.05420711974110026,-0.09048723897911837,0.02861602497398552,0.07364341085271309,0.08813392417528321,0.01822022709268567,0.0035853002688974733,-0.0871028037383178,0.0,
2012-12-31,0.024768034604697453,,0.03442593980003039,,-0.0006872734812615189,-0.009131523082285153,-0.02463513093882619,-0.02469616703022748,-0.033333333333333326,-0.050000000000000044,0.476172797840027,0.8565925207242426,-1.898511877252981,-2.7054201460573752,-0.7495395449620802,-0.015113113676898493,0.03250641573994861,0.030612244897959107,-0.005058168942842611,-0.041516245487364656,0.045701357466063186,0.018931535269709476,-0.025007442691277082,0.019656019656019597,0.0,
2013-03-31,0.0018896696605033014,,-0.006175527921615465,,0.018060913326888528,0.00887672354250335,-0.08235169266687892,-0.08264770881593309,-0.08620689655172398,-0.07017543859649111,-0.22617115160383183,-0.6489859594383776,-0.5924581539230238,-0.9483792866693167,-0.15448253487617603,0.018871521158978277,-0.06876553438276722,-0.07178217821782173,0.013218098627351127,0.02259887005649719,-0.01579402855906531,0.01857979129549503,0.016183206106870074,-0.07309236947791165,0.0,
2013-06-30,0.04589711239212568,,0.05210049581280907,,0.038673244517588135,0.001236117450174934,0.08531860760957555,0.08565291846863854,0.07547169811320731,0.07547169811320731,0.16707783670394272,1.46311986863711,-4.987884032886196,-14.491774588729436,2.4650508409541474,0.0016838166510757535,0.011565836298932375,0.008000000000000007,0.031610637230305993,-0.011049723756906049,0.06506924598812924,0.018240879560219803,-0.006610576923076872,0.017331022530329365,0.0,
2013-09-30,0.018180981459183343,,0.010463067443061025,,0.034742712849181734,0.006856730422230228,0.6542262713444684,0.6565607956368302,0.6491228070175439,0.6491228070175439,0.013024821842208434,-0.6150413766743998,-1.1560510706018519,-0.7475094692056244,0.17962275990624366,-0.04538662682106831,0.13192612137203175,0.1322751322751321,0.04523346303501952,-0.07448789571694603,-0.07058823529411773,0.017914110429447794,0.016636418632788974,0.15672913117546838,0.0,
2013-12-31,0.014381138393393833,,0.003426017234088974,,0.028528571185063578,0.022976796830786572,-0.5417565783117009,-0.5429295374584422,-0.5425531914893618,-0.553191489361702,0.09668632546981204,2.31827102911635,-1.9871943446517557,-2.9986642692011305,-0.30433932301241484,0.01956564273136374,-0.0815850815850816,-0.07009345794392519,0.0013959981386693077,-0.024144869215291798,-0.11325782811459029,0.018804243008679,0.014281463850044585,-0.06332842415316642,0.0,
2014-03-31,0.04416686772716005,,0.029293319796094064,,0.025948790188929483,0.050060239482678126,0.36185690188360975,0.36358179442816274,0.34883720930232553,0.357142857142857,-0.09807451293152558,-0.3873816200569198,-1.255326642014439,-0.6599835492494346,-0.148751222913176,0.03444636346190744,-0.005922165820642977,-0.005025125628140725,0.019516728624535462,0.03298969072164959,0.09767092411720513,0.0184571699006153,-0.017307128190084953,0.0051100628930815795,-0.0625,
2014-06-30,0.005864745859121223,,-0.0067144160754955,,0.029630392437966835,-0.01686491675837687,0.12365494284313483,0.12408721321663463,0.10344827586206917,0.12280701754385981,0.17363128773906666,0.15949568378010004,4.795862068965517,1.5995615361354703,-0.45425963354865984,0.09071514701790195,0.005957446808510625,0.015151515151515138,0.022789425706472244,0.06986027944111783,0.0732375085557837,0.018122676579925612,0.023582089552238727,0.020336331638639127,0.0,
2014-09-30,0.01081195129849255,,0.0015513880168318561,,0.02847568999340422,0.017809189803926317,0.08106556435870949,0.08129463257313985,0.078125,0.078125,-0.24895863605541024,-0.11049940244117473,-1.143979057591623,-0.49414022741152175,-0.4210640975987606,0.0329109618164809,-0.11252115059221668,-0.10447761194029859,0.022727272727272707,0.009328358208955168,0.0046768707482993666,0.01780009128251936,0.017789442986293258,-0.10348792640858573,0.0,
2014-12-31,0.015062738341178772,,0.010464606820853373,,0.019753743988833783,0.03181855409563705,-0.25306425916091346,-0.2537761775921942,-0.26086956521739124,-0.26086956521739124,0.4945325823695488,0.268980859452435,8.635261707988981,-2.3816613969531475,1.0048919178826776,0.05162193314671515,0.01620591039084851,0.022222222222222365,0.0117647058823529,0.02957486136783727,0.16504443504020316,0.01950672645739915,0.004871060171919961,0.02180418982471144,0.0,
2015-03-31,0.051437582336860244,,0.08570224194327336,,-0.00799800049987498,0.047710302363686896,0.3135202775723793,0.3147286379078995,0.3137254901960784,0.3137254901960784,-0.21381995320471026,-0.17601062260253764,2.901103613906679,4.137971207456104,2.5752539050280494,0.11954904877475925,0.028142589118199002,0.024456521739130377,-0.008182601205856899,0.10592459605026927,0.07773338176534694,0.019133494611832003,-0.056743655546050875,0.02468619246861925,0.0,
2015-06-30,-0.009812686293991568,,-0.03292174002644732,,0.02764756036338989,-0.018025672107017665,-0.05529814229420171,-0.055460250591735205,-0.059701492537313494,-0.059701492537313494,0.11802014978166997,0.2786981936910844,-1.8759426875297738,-2.2087362130120014,-0.8706521929338474,-0.03132867132867123,-0.01642335766423353,-0.01591511936339518,0.02127659574468077,-0.024350649350649456,-0.0699359622514325,0.018774277082434176,0.03808948004836754,-0.018374846876275996,0.0,
2015-09-30,0.010554860559233381,,0.0045767419057407555,,0.018422912595715824,0.020891541433145422,0.20203061972863945,0.20263466445961797,0.19047619047619047,0.19047619047619047,-0.04538412864654928,-0.4223679225079485,-0.7767281915694707,-0.937619755865525,-0.4198872604284104,-0.04706901530464924,0.016697588126159513,0.016172506738544312,0.0140306122448981,-0.06655574043261225,-0.04330494654828776,0.01842829908917598,0.007862550960978654,0.010815307820299491,0.0,
2015-12-31,0.026737305026983682,,0.037228393486989475,,-0.0011736779163644684,0.03916287003649077,0.295669914389765,0.2964577239968649,0.32000000000000006,0.30666666666666664,0.12780279307901532,-0.040554414784394255,-0.1298857035787896,-1.8787455697562023,0.6360385572139304,0.08166666666666678,0.1742700729927007,0.1618037135278516,-0.004612159329140608,0.06773618538324411,0.05625000000000013,0.01955074875208007,-0.027159780410286105,0.1596707818930041,0.0,
2016-03-31,0.043518050438248634,,0.012639091156378957,,0.1149223831238968,0.03032097534115641,0.13245725049298063,0.1327209189165277,0.11111111111111116,0.12244897959183687,0.018472918883315703,1.9975477082218656,-5.300314397691546,-1.1625519432901492,-0.06319490639551462,0.06380445440537885,0.10256410256410242,0.12557077625570767,0.09604043807919127,0.06844741235392315,-0.10112963959117804,0.01917584659322724,0.06920106920106917,0.12633073101490422,0.0,
2016-06-30,0.012293733027123332,,0.0030016988506686992,,0.037083459347443615,-0.001830153672407575,-0.2730686764992528,-0.2735485550637855,-0.28181818181818186,-0.2909090909090909,-0.017710033032196426,-0.5080743924992687,-1.0060791795611372,-0.1774436090225564,-0.05548792858592011,0.03792218052538043,0.007751937984496138,0.026369168356997985,0.029592621060722468,-0.05312500000000009,-0.09116297626171954,0.01881505204163325,0.02444444444444449,0.02867044738500324,0.0,
2016-09-30,0.04025639167476802,,0.052932176957142474,,0.025445759533907708,0.01604194341881282,0.05427146457875254,0.05438483317206044,0.03797468354430378,0.0512820512820511,-0.0910785187586095,0.38603033815451293,-215.88962108731465,-76.55667276051189,4.43878208570508,0.028480811925150507,-0.016783216783216703,-0.0039525691699604515,0.020530048525569278,-0.0016501650165016146,-0.014266900790166903,0.01846758349705313,-0.014099783080260386,0.005206738131699806,0.0,
2016-12-31,0.004806444363210982,,0.0010902235786394154,,0.002049485727610545,0.014675104520349702,-0.015938416670905564,-0.01595826039666215,-0.024390243902438935,-0.024390243902438935,0.4518364981724168,0.10390866450932634,-1.4323203360983763,-1.942583384749392,-0.7692755798224741,-0.11890958430985554,-0.07752489331436696,-0.06150793650793651,-0.002194586686174005,-0.13553719008264453,-0.13560454241816955,0.018904320987654266,-0.002750275027502802,-0.05210237659963435,0.0,
2017-03-31,0.042948371271328556,,0.07324073351541172,,0.002508684784439774,0.01606984503378106,-0.03182452573358374,-0.031898725432627506,-0.025000000000000022,-0.025000000000000022,-0.07073885878325481,0.8331269268266976,-3.730116507953397,-0.9582097981081462,-0.13933584388907905,-0.04864902701945972,-0.09791827293754818,-0.10570824524312905,0.0003665689149559004,-0.04780114722753348,0.00025759917568257684,0.01855357819007941,-0.03861003861003853,-0.09353905496624881,0.0,
2017-06-30,0.0260427495491673,,0.03675726610816965,,0.005386810866673475,0.003182425297387992,0.3577326926499378,0.3585942378021585,0.34615384615384626,0.34615384615384626,-0.0025027670857218354,-0.598589170463856,-0.5638047728542293,-24.40724815724816,3.7894789180588706,-0.048561548083290385,0.07948717948717943,0.05910165484633567,0.005496518871381584,-0.048192771084337394,0.047128508884882736,0.018215613382899676,-0.02008032128514059,0.0755319148936171,0.0,
2017-09-30,0.07196239926127368,,0.047899155656406345,,0.10870838555346474,0.04760417017145002,0.3996015257369807,0.399758390671779,0.3999999999999999,0.3999999999999999,-0.19007477455843258,1.8495295560548954,1.1892366798701492,-1.9640748418925655,-0.7627847102547599,-0.0017013378702342985,0.17893903404592248,0.1495535714285714,0.02915451895043719,-0.008438818565400852,-0.07968519429414644,0.017889740781307006,-0.0357142857142857,0.16815034619188918,-0.06666666666666654,
2017-12-31,0.008779424082768106,,0.0020219347664360843,,0.0261445009719532,0.027547223483962213,-0.5255907171019976,-0.5436679174484053,-0.5442176870748299,-0.5442176870748299,0.22216769417947213,-0.5962249568804371,-0.9910145834466997,-0.8957210517720072,-0.3353172866520788,-0.016577581532264296,-0.047683008730691756,-0.060194174757281504,0.019121813031161672,-0.042553191489361764,-0.17263495456974887,0.017934002869440357,0.0191256830601092,-0.053626869884278894,0.0,
2018-03-31,0.002847466161441936,,0.009588350141220392,,-0.00665238456156203,0.006465526864531945,0.20907691092861658,0.21774077500256972,0.20895522388059695,0.20895522388059695,0.038824149440768174,-0.640699646753085,-23.333080999243,-7.329939963456017,3.8525151435343696,-0.052382827884994154,-0.0035260930888575404,-0.008264462809917328,-0.00729673384294649,-0.07111111111111112,-0.02131782945736438,0.01761804087385488,-0.010128090557045,-0.00984193259767363,0.0,
2018-06-30,0.0014424119644877997,,-0.0013972046380843484,,0.00591438990561044,-0.002231538785741227,0.038336571587179735,0.039620507453112186,0.03703703703703698,0.03703703703703698,0.11878724432275733,-0.29583351379444756,1.4117686936478884,-0.2729484536082474,0.47845318860244235,-0.008063175394846245,-0.06440198159943378,-0.0625,0.0024501225061253074,0.0,-0.0155115511551156,0.01731301939058172,0.0051158591634064,-0.06807228915662655,0.0,
2018-09-30,-0.00270344326870553,,-0.016672522997360106,,0.020674683347579492,0.021569394669678443,-0.01630631338941746,-0.016822551312029144,-0.023809523809523836,-0.023809523809523836,-0.26866574054746606,0.01725251406956363,0.16213177422981784,-1.401593783676479,-0.12996273930361046,0.05472219894410468,-0.17700453857791243,-0.15777777777777768,0.017108938547486074,0.05023923444976086,0.11330874958095882,0.017018379850238352,0.02485029940119765,-0.17776341305753063,0.0,
2018-12-31,0.0006331868836768617,,-0.00664847281310621,,0.014759247347596371,0.024474109152002432,-0.12869656958342657,-0.13298540001321268,-0.13414634146341464,-0.13414634146341464,0.4957137936125191,1.432855674466413,-0.2989672020123839,-1.9555116164112705,0.14273056191390388,-0.0032575877959637456,0.007352941176470562,0.01319261213720302,0.008925506350841106,-0.018223234624145768,0.2029509183980729,0.017068273092369468,0.015191352614665421,0.004323899371069251,0.0714285714285714,
2019-03-31,0.00981327401042087,,0.007864396737369939,,0.018017461169338223,-0.013378594249201292,0.10341790962628661,0.10739865894544343,0.09859154929577474,0.09859154929577474,-0.3096162450977812,0.29280264433233083,-0.5341832421895216,-2.930382085581258,-0.24111065982350555,0.01387006775607813,-0.02007299270073004,-0.005208333333333259,0.012249064307587654,0.0046403712296985145,0.0012515644555692873,0.016781836130306038,0.009496402877697818,-0.012133072407044976,0.0,
2019-06-30,0.005097328669139811,,0.006269018692657946,,0.007959272376450777,-0.0075874037041343545,0.34513833466347443,0.35705439157807817,0.34615384615384626,0.34615384615384626,0.3092766801056053,-0.9103107548276094,1.5916598770461445,-3.2227029096477793,0.7061864448012456,0.04300652567025698,0.05679702048417146,0.06806282722513113,0.007731092436974896,0.03002309468822162,0.052750000000000075,0.01650485436893212,0.003420752565564511,0.0677496038034866,0.0,
