Quarter end,Assets,Current Assets,Liabilities,Current Liabilities,Shareholders equity,Revenue,Earnings,Earnings available for common stockholders,EPS basic,EPS diluted,Cash from operating activities,Cash from investing activities,Cash from financing activities,Cash change during period,Cash at end of period,Price,ROE,ROA,Book value of equity per share,P/B ratio,P/E ratio,Cumulative dividends per share,Equity to assets ratio,Net margin,Asset turnover,Current ratio
1993-12-31,0.04251296383594849,-0.09103510685319882,0.11269339332328787,0.1131645137911923,0.036465809988643905,0.0,0.0,0.0,0.0,0.0,-0.42830678028899594,0.11093589425564332,-1.6265938069216759,0.39113602218883625,-0.16045914346378864,0.1031894934333959,-0.008381689232753065,-0.0035561877667140696,0.031847133757961776,-0.08533333333333326,-0.038830297219558885,,-0.0058651026392961825,0.004850444624090455,0.0,-0.18344785276073627
1994-03-31,0.04251296383594849,-0.09103510685319882,0.11269339332328787,0.1131645137911923,0.036465809988643905,0.0,0.0,0.0,0.0,0.0,-0.42830678028899594,0.11093589425564332,-1.6265938069216759,0.39113602218883625,-0.16045914346378864,0.1031894934333959,-0.008381689232753065,-0.0035561877667140696,0.031847133757961776,-0.08533333333333326,-0.038830297219558885,,-0.0058651026392961825,0.004850444624090455,0.0,-0.18344785276073627
1994-06-30,0.057486058871693224,-0.08273004546239282,0.18716740735089354,0.18769507688183373,0.04549015318058802,-0.04142466085516017,0.06415493296169927,0.06415493296169927,0.06666666666666665,0.06666666666666665,-0.42830678028899594,0.11093589425564332,-1.6265938069216759,0.39113602218883625,-0.26588401603587086,-0.054421768707483054,-0.008381689232753065,-0.0035561877667140696,0.043209876543209846,-0.08533333333333326,-0.038830297219558885,,-0.011362394843220769,0.004850444624090455,0.0,-0.2276818584802175
1994-09-30,0.03875187650712353,-0.0072367843206143645,-0.13810610198901063,-0.13860540104796448,0.05732873186907761,0.03461611414360677,0.1093298410404624,0.1093298410404624,0.10416666666666674,0.10416666666666674,0.33390941167998855,-0.5233097816552098,3.996511627906977,-0.9988369678089304,-0.0004212299915753448,0.01618705035971235,-0.008381689232753065,-0.0035561877667140696,0.029585798816567976,-0.026239067055393694,-0.038830297219558885,,0.01790253066637204,0.004850444624090455,0.0,0.15249917310348837
1994-12-31,0.07425806622345199,0.14574018661467836,0.22855385303657316,0.22952384517481472,0.06104677145447357,0.12348369880732912,0.04701811520455923,0.04701811520455923,0.037735849056603765,0.037735849056603765,0.23159144893111638,-0.6553131691648822,0.49813823597858975,-450.48214285714283,0.18941514658960923,0.04424778761061954,-0.008381689232753065,-0.0035561877667140696,0.05747126436781613,0.014970059880239583,-0.038830297219558885,,-0.012267940505916841,0.004850444624090455,0.0,-0.0681353929264793
1995-03-31,0.03628620032270824,-0.037605659050481965,-0.12192938534601783,-0.12242164071181749,0.051971768273604724,-0.08037567878738427,0.07776049766718507,0.07776049766718507,0.07272727272727253,0.05454545454545445,-0.5145086350486543,5.301591923898272,-0.8260970873786407,-3.0042111954233044,-0.31917195477638094,0.010169491525423568,-0.008381689232753065,-0.0035561877667140696,0.048913043478260754,-0.04424778761061943,-0.038830297219558885,,0.015168168828313844,0.004850444624090455,0.0,0.09663218536567708
1995-06-30,0.06447131226022007,0.38294805555794365,0.3480672530282871,0.3494249683429027,0.041003297422976814,0.09127473112449591,-0.04202741702741708,-0.04202741702741708,-0.03389830508474578,-0.017241379310344862,4.02049476345251,-1.1376330504166732,-0.05672175078159891,-2.3171582619727245,0.6174833427809425,-0.06375838926174493,-0.008381689232753065,-0.0035561877667140696,0.041450777202072464,-0.10802469135802473,-0.038830297219558885,,-0.022087483759203108,0.004850444624090455,0.0,0.024845951794888688
1995-09-30,0.021536606275503356,-0.2555770131328662,-0.15142153972363936,-0.1527900967953415,0.04007093318901278,0.02658536585365856,0.09919035963095468,0.09919035963095468,0.08771929824561409,0.08771929824561409,-1.2340352833276387,-7.399216564073867,-0.7518939393939394,-2.054508788827354,-0.4025646476194853,0.0017921146953405742,-0.0032509752925877766,-0.0035561877667140696,0.03980099502487566,-0.03806228373702436,-0.038830297219558885,,0.018157661647475676,0.007240547063555924,-0.01754385964912264,-0.12131469929235783
1995-12-30,0.050518471377805296,0.12268449575937401,0.22677905167595647,0.22780584763378697,0.03510785400056271,0.11299420113865355,-0.1479324403028538,-0.1479324403028538,-0.14516129032258063,-0.14516129032258063,-1.7900722299062548,-0.7821326757262536,4.5248091603053435,-1.0026116740402455,0.0017598015174682402,-0.035778175313059046,-0.04761904761904767,-0.04853675945753033,0.03349282296650724,-0.07194244604316535,-0.07281795511221945,,-0.014680295780774233,-0.04353035143769979,0.0,-0.08561574728036547
1996-03-31,0.039750143934296656,0.1667902186498207,0.10626246706232911,0.1068943784678884,0.032858105245966884,-0.12261629929477247,-0.04989747095010255,-0.04989747095010255,-0.05660377358490576,-0.09433962264150952,-6.70287881735071,-3.7821305290198284,0.3298791018998273,-113.72677595628416,-0.19802826095303916,0.16883116883116878,-0.07191780821917793,-0.07801950487621911,0.05092592592592582,0.13178294573643412,0.17859064012910175,,-0.006621785674870373,-0.05762004175365332,-0.0357142857142857,0.05410881951689284
1996-06-30,-0.02447849083960718,0.08933048881031502,0.036107029963047044,0.03617242187761671,-0.031202556586211294,0.026086956521739202,-0.07465086754126116,-0.07465086754126116,-0.06000000000000005,-0.02083333333333337,-2.6446100584954895,2.0363274374585223,-13.430909090909092,-8.408841921566726,1.8294411261266652,-0.1253968253968254,-0.0627306273062731,-0.06509357200976396,-0.026431718061673992,-0.16780821917808209,-0.08534915563669565,,-0.006888123541828661,-0.05139565795303502,0.0,0.051293275727527066
1996-09-30,-0.08796985453857431,-0.12268751511746756,-0.2698629254039189,-0.2706898966717307,-0.06637994129482905,-0.19038377096689207,-0.7451294246775817,-0.7451294246775817,-0.7234042553191489,-0.7234042553191489,-1.4036501270285684,-0.8518388292312078,0.22771056645563004,-1.5220201914457887,-0.33752432523902187,-0.1361161524500908,-0.23070866141732294,-0.23150565709312443,-0.013574660633484115,-0.11522633744855981,-0.09530938123752497,,0.02371629936234476,-0.20037365716954703,-0.03703703703703709,0.20292924904048082
1996-12-31,-0.10018171229469885,-0.13232508293385747,0.0809363367516589,0.0809596974352913,-0.11699415049733752,-0.5372433317785901,-6.798133859680603,-6.798133859680603,-6.846153846153846,0.0,-1.3435236088989364,0.17612725290231546,-0.03742532804602006,-0.7119597914368796,-0.14675342920636547,-0.09663865546218486,-0.7420675537359263,-0.7417893544733862,-0.10091743119266061,-0.08372093023255811,0.17870932156646457,,-0.018686482351655598,-0.6956775700934579,-0.15384615384615385,-0.1973060425916171
1997-03-31,-0.027392903372759014,-0.07844363241270802,0.005635106440899484,0.0051388585173846035,-0.03114598413700087,0.4143265669682621,-0.4223068115000155,-0.4223068115000155,-0.35526315789473684,0.0,3.671627280885432,-2.8130555707040408,-1.0220128010184235,-2.271789739349898,0.21874041088201168,0.07674418604651168,-2.341269841269841,-2.333333333333333,-0.025510204081632626,0.19796954314720816,4.416471689284043,,-0.0038975501113586164,0.0,-0.09090909090909083,-0.08315365144839226
1997-06-30,-0.02021759836408532,-0.033770820009454194,-0.10547900706532043,-0.10596377678668556,-0.01016125504670351,0.4970168053299744,-1.0353029410189103,-1.0353029410189103,-1.0408163265306123,0.0,-0.8267300581088219,-0.9237803043975215,-6.346184738955824,-0.9216135764874944,0.01406885201606456,0.043196544276457916,1.0177514792899411,1.026315789473684,-0.005235602094240788,0.07203389830508478,0.0,,0.010285075461151427,0.0,-0.025000000000000022,0.08075664621676903
1997-09-30,0.002515583940488897,0.011039325438508163,0.23819395058179116,0.23852108713175468,-0.02260521197224663,0.23310859432949171,22.544764795144157,22.544764795144157,17.5,0.0,2.2765151515151514,0.2888713496448303,3.6882512019230766,-0.8358795285901353,0.0022769525170620586,0.14699792960662528,-0.1832844574780058,-0.1915584415584416,-0.010526315789473717,0.1541501976284585,0.0,,-0.025118955405554977,0.0,0.1282051282051282,-0.18367424170750646
1997-12-31,-0.0012081139901344295,-0.007207084119651208,0.06409551392504054,0.06521845912026913,-0.010026104835169858,0.1677904168499682,0.25573601443671046,0.25573601443671046,0.32432432432432434,2.615384615384615,-0.28315240377837303,1.0165339865278629,-0.19054638679698765,-17.055851063829788,-0.03647535783552558,0.028880866425992746,-1.497307001795332,-1.4939759036144578,-0.005319148936170137,0.03767123287671237,0.0,,-0.008740068104426735,-0.16890595009596931,0.2954545454545454,-0.06798479439988858
1998-03-31,0.08341120611104813,0.06553532364839487,0.4948091322522854,0.4973658424116665,0.023700624393691472,0.09879143858785899,-0.9467255183740505,-0.9467255183740505,-0.9795918367346939,0.0,-0.08527711127718995,6.154418463407228,-1.5772595906409597,0.6264701010435647,-0.06157193739339817,0.3666666666666667,1.1732851985559565,1.1260162601626016,0.021390374331550666,0.37623762376237635,0.4551187904967604,,-0.055192946295660184,0.7852193995381063,0.19298245614035103,-0.2883931458131265
1998-06-30,-0.01682199797668482,-0.046635651572594417,-0.17849295493308337,-0.17887580934490221,0.0174416806016664,-0.10605784973621979,5.187861271676301,5.187861271676301,7.0,-0.8297872340425532,-2.2302730595570845,-0.7651478172287187,-0.725464645771895,2.5172624503513594,-0.23077385685552576,0.16559691912708607,0.15448504983388722,0.1395793499043978,0.015706806282722585,0.1390887290167866,-0.5098854123374696,,0.03490486001696769,0.07244501940491599,0.0588235294117645,0.16104567853772767
1998-09-30,0.02494390559194981,0.05887698799091212,0.021995903824032714,0.021968027753035413,0.025448371109009438,0.16903039979963053,0.6048575432041103,0.6048575432041103,0.625,0.5,-1.6029010835372248,-1.5664196638351708,-0.4668998251311517,-1.7867442668519806,0.2360294309267963,0.02753303964757703,-0.1352517985611511,-0.14093959731543615,0.010309278350515427,0.012631578947368327,-0.11350696547546935,,0.00046843892727488345,-0.18335343787696023,0.05555555555555558,0.03609162878901895
1998-12-31,0.04820973367321901,0.12635136575900385,0.00690879475846673,0.006981779482192252,0.05525340408099577,0.035632029994643766,1.0875048506014746,1.0875048506014746,1.0,1.0833333333333335,-1.1932285929619109,0.902680280791321,5.9704779756326145,-0.1404806595267013,0.16413190149555823,0.142550911039657,0.02329450915141429,0.01953125,0.04081632653061229,0.13097713097713104,0.3093741459415138,,0.00667212922860827,0.010339734121122657,0.0,0.11856478791400349
1999-03-31,0.11304908574742822,0.1887950210611009,0.19583590824820973,0.1840486884902377,0.09957703570055321,0.24243286225934502,0.8089041732503022,0.8089041732503022,0.8076923076923075,0.76,-14.27902790279028,-3.879590809994969,0.906890756302521,0.512631669093089,0.2132671665398873,0.18667917448405258,0.869918699186992,0.8812260536398466,0.09313725490196068,0.13970588235294112,0.1479858067209352,,-0.012093023255813962,0.8084795321637428,0.03947368421052633,0.003999896106594569
1999-06-30,0.07478142423068523,-0.031479354488107125,0.32405669339210386,0.3284549092028317,0.03066527507289729,-0.027515584185823894,-0.3563611139656767,-0.3563611139656767,-0.36170212765957444,-0.34090909090909094,0.10594455365010513,0.48037388620348254,-0.9554027851225101,-1.064966313763234,-0.011419728513992311,-0.02687747035573118,0.1791304347826086,0.1639511201629329,0.03139013452914785,-0.10967741935483877,-0.497,,-0.04096045197740117,0.13338722716248985,0.03797468354430378,-0.2709351959642996
1999-09-30,-0.011649715375667946,-0.04144306716514545,-0.25356146614167807,-0.25571979657796884,0.04335048909582517,0.10385566149796133,0.1156348541092882,0.1156348541092882,0.10000000000000009,0.10344827586206917,-0.6663193593200948,-0.1692008104014634,0.5944664031620552,8.445315904139434,-0.10910893780231834,-0.02761982128350937,0.12094395280235992,0.12423447069116356,0.039130434782608914,-0.05797101449275355,-0.2132658593891198,,0.05559646539027985,0.09343794579172604,0.024390243902439046,0.28787878787878785
1999-12-31,0.0610748283366378,0.12582791396770476,0.062399557090019986,0.06351121037845231,0.06085935272134191,0.1674276795408718,0.1361717352415026,0.1361717352415026,0.15151515151515138,0.125,0.8216494214167636,-0.9930866302057437,9.746157659890928,-3.24892743460811,0.2754299532192819,0.08437761069340022,0.03092105263157907,0.031906614785992105,0.05020920502092041,0.044230769230769074,-0.08247185848839889,,-0.00023253110103471641,-0.023483365949119372,0.059523809523809534,0.05860311337649815
2000-03-31,0.1128265178358705,0.2288584123549946,0.5412987464173011,0.544658929590657,0.043031581330148505,0.10136394776723612,-0.12051265902506614,-0.12051265902506614,-0.13157894736842102,-0.13888888888888884,1.6051154505428022,56.63013698630137,-0.1686274509803921,0.5764923076923076,0.34044457044643095,0.3921417565485361,-0.12827058072750486,-0.14027149321266963,0.01195219123505975,0.32596685082872945,0.28342513770655997,,-0.06268170717525301,-0.16299265197060797,0.022471910112359605,-0.20444016448909474
2000-06-30,0.05882883490245461,0.12261152172935974,-0.2551795709831324,-0.2550855085508551,0.1344131842792391,0.0023863559251746658,0.011779870385620672,0.011779870385620672,0.0,0.0,-1.4166301122435816,-0.810910387449489,0.9648168701442841,-1.011072943503266,-0.0028122934567085256,0.23132263420033206,-0.04026354319180092,-0.02631578947368418,0.13385826771653542,0.21666666666666656,0.35641825985173625,,0.07133995037220853,-0.05426975259377498,0.03296703296703285,0.5070173716753359
2000-09-30,0.04324501060475039,0.03516689537872786,-0.03436079464854269,-0.03436061153366743,0.055509942168425086,0.08181171984008495,0.83091513907566,0.83091513907566,0.7878787878787876,0.8387096774193548,-2.7431331867587403,11.991514770584539,-0.9490481839236288,-15.18566392479436,0.040006760585784784,0.12764044943820219,0.12280701754385959,0.12882882882882885,0.04861111111111116,-0.0057077625570775,0.11031209549834609,,0.011812391430225722,0.11223628691983123,0.010638297872340496,0.07200694670574204
2000-12-31,0.11744489577104678,0.1718388037646419,0.3876770196068189,0.3912645464663693,0.07837336238358028,0.10459109176621095,0.2739765742780935,0.2739765742780935,-0.35593220338983045,-0.36842105263157887,1.0238048711161643,-0.5784852076731416,1.9484478935698446,7.716616964877403,0.33530898187183134,0.24153049023515338,0.15489130434782616,0.14924181963288108,0.07284768211920545,0.18369690011481055,0.04132124352331612,,-0.03502346343138385,0.16084977238239762,-0.010526315789473717,-0.15770928678465845
2001-03-31,0.06794432545018947,0.006238996115706996,0.05776849316357535,0.05854173471368185,0.06983759594375027,0.05092704789301572,0.049671536722649456,0.049671536722649456,0.026315789473684292,0.05555555555555558,-0.6283773107915942,3.9636728837876616,0.3857868020304569,-1.3753694394024347,-0.09425889158282585,0.025682182985553803,0.14294117647058813,0.15416666666666656,0.06481481481481488,-0.043646944713870095,-0.1676825475805449,,0.0017791483809750375,0.16666666666666674,-0.010638297872340274,-0.04943020627975181
2001-06-30,0.08096176041688263,0.12261394855392016,0.16145647996583867,0.16250033539339404,0.06615422129195814,0.07550537570003901,0.0702299564947173,0.0702299564947173,0.07692307692307687,0.05263157894736836,1.7188444822373392,-0.6122300328354067,-0.19820919820919825,-3.149345553051976,0.22367862910981184,0.031298904538341166,0.13638703036541422,0.1257521058965103,0.06376811594202891,-0.03144016227180513,-0.16529666716484825,,-0.013615912858157775,0.12549019607843137,0.0,-0.03429612018817341
2001-09-30,0.0754439042604067,-0.034022193161507897,0.0549415197959513,0.052589669020911334,0.07955258864034409,0.07055541013917277,0.07986927045350178,0.07986927045350178,0.0714285714285714,0.07499999999999996,-0.11116806394161849,4.010197083991771,0.21522842639593898,-1.6050861632330942,-0.1106048927108857,0.1080424886191198,0.032155797101449224,0.021913415285943483,0.07629427792915533,0.041884816753926524,-0.0825425246195165,,0.003721041891729726,0.03135888501742157,-0.010752688172043001,-0.08229008433293183
2001-12-31,0.0757581702610346,0.13778839765579298,0.10310389893269445,0.10380554550537768,0.07040300977665548,0.07142225459085472,0.09298399199599805,0.09298399199599805,0.0888888888888888,0.09302325581395343,0.087763539864528,-0.5374411587924088,-0.11556669451406298,-1.7114853027058594,0.08848008598901891,0.019720624486442073,0.002632733655111963,-0.0005230125523013607,0.06582278481012649,-0.052261306532663254,-0.07435597189695553,,-0.004903133221717426,0.006274131274131234,0.0,0.030793378995433995
2002-03-31,0.078676678233353,0.09552946698090281,0.07543909879846367,0.07594253569997789,0.07933006828962452,0.08352127481373772,0.10478860346701757,0.10478860346701757,0.10204081632653073,0.1063829787234043,-0.12136079361656238,0.2224838215806606,0.8499685138539044,-0.7199376179922843,0.02276563803169318,0.08219178082191791,0.013129102844638973,0.009419152276295195,0.07600950118764849,0.014846235418876086,0.011174362218005607,,0.000600889316187958,0.011990407673860837,-0.010869565217391353,0.018189872366344506
2002-06-30,0.11081612379493944,0.03371148478134267,0.211892259106933,0.21334716033578682,0.0904910438751354,0.0727589660402892,0.28248733856016894,0.28248733856016894,0.2777777777777777,0.28846153846153855,0.7605285226319773,1.3153125657756264,-0.5721215215726321,-3.868014849550606,-0.06383885565420855,-0.057830727227599854,0.06177105831533458,0.05650596163815469,0.08830022075055166,-0.12434691745036563,-0.13031693077564632,,-0.018376171030506816,0.06729857819905227,-0.01098901098901095,-0.14803132477702852
2002-09-30,0.08440981619539412,0.37888345565528936,0.07383587482671627,0.07415438537759411,0.08677280922272157,0.1374674444493178,0.1535517007461964,0.1535517007461964,0.14492753623188426,0.14925373134328357,-0.3723830657341357,-2.174694660478816,0.7778440731901353,-13.717341690227203,0.8672230687752029,-0.027133825079030616,0.07404393816110666,0.06820412168792922,0.07910750507099396,-0.10620525059665875,-0.1527211699832174,,0.002202373669399238,0.06349911190053281,0.011111111111111072,0.2836716456019406
2002-12-31,0.1089058420278779,0.18589130212729987,0.07377465504105651,0.07359197994040678,0.11666326569289787,0.09046006727676015,0.22219655283460038,0.22219655283460038,-0.39240506329113933,-0.38961038961038963,1.374693409105634,-0.3598907264524017,0.781854793601074,0.18680677018184344,0.5512068838970601,0.32602220417005134,0.0901515151515151,0.08865411116214972,0.11278195488721798,0.22830440587449918,0.14035087719298223,,0.007080942497863507,0.08810020876826719,0.0,0.10459970164097454
2003-03-31,0.11923006852060314,0.11642687246149386,0.24011588947140217,0.24123226605264492,0.0935621311790229,0.05830956317921743,0.035261569128370196,0.035261569128370196,0.04166666666666674,0.0,-0.25312489038036556,-2.1205191445117455,-0.37217478653942737,-0.9580781157608229,0.014896550175510725,0.029405758627731204,0.0542043085476025,0.04514767932489461,0.08952702702702697,-0.07391304347826089,-0.13722084367245646,,-0.023033094920596464,0.06293169608595561,-0.02197802197802201,-0.10054696468363833
2003-06-30,0.05057902263350855,-0.0029436894684731207,-0.1132778492960308,-0.11314199047833351,0.09003375261180935,-0.02240533578569026,-0.0050902692863110666,-0.0050902692863110666,-0.020000000000000018,0.02127659574468077,-0.5825075016307892,-0.7073526000334479,0.2319,1.2663257065948854,0.03326490231590795,0.07319976195199374,-0.005932762030323113,0.00040371417036744184,0.08837209302325566,-0.015258215962441146,-0.06269772792637329,,0.037597716838317474,0.027797833935018,-0.022471910112359605,0.12424924924924907
2003-09-30,0.05261861720415095,0.06736221113232843,-0.07746828082152224,-0.07742038598313816,0.07809956540921004,0.018059043437077316,0.02580401185649861,0.02580401185649861,0.04081632653061229,0.02083333333333326,1.0447863803404913,-0.5351362312428567,-0.38801850799577886,2.4913414257548046,0.11240015142187443,-0.09390018484288354,-0.02917771883289122,-0.016949152542372836,0.07692307692307687,-0.16805721096543502,-0.1666155262350415,,0.024156900263095027,0.026343519494204548,-0.04597701149425293,0.1569504730105733
2003-12-31,0.08412046426806197,0.0747784220374299,-4.533277494866983e-05,-0.0005132225176921468,0.09822764089972624,0.13053994644498612,0.22585751692806455,0.22585751692806455,0.21568627450980382,0.22448979591836737,0.19807197393435905,4.051314589364318,1.158376442499005,-0.3707977547201905,0.06357642755984538,0.11158710730314159,-0.016734972677595716,-0.003694581280788256,0.09126984126984139,0.032951289398280625,0.050441826215022134,,0.013078000934142908,0.024640657084188833,-0.02409638554216853,0.07532322610435571
2004-03-31,0.10412056917403678,0.13047573858799555,0.31011614351711936,0.31026473780795616,0.07268290320444448,0.03670630291255006,-0.35661026543663044,-0.35661026543663044,-0.3709677419354839,-0.3666666666666666,-0.03800723509992909,-0.6827970073560006,0.9807030481809242,0.9410339868291575,0.11602739911974802,0.28041842539915574,-0.12018061827023263,-0.1116604861969509,0.06666666666666665,0.1733703190013871,0.19873817034700325,,-0.02846934071000462,-0.08283233132932533,-0.024691358024691357,-0.13721350485766948
2004-06-30,0.04726882706972457,-0.019804309256390207,-0.08987727230783427,-0.0896083366129038,0.07283197332566727,0.08141293806495087,0.5803948254766913,0.5803948254766913,0.5897435897435896,0.5789473684210527,0.46975177681128666,5.729860165821062,-0.7106112317716413,-0.9628358616386539,0.003863756676578456,-0.06564425971047727,-0.010659297275957491,-0.0037105751391466324,0.07159090909090904,-0.12411347517730509,-0.022514619883041043,,0.024439435282951782,0.0010924981791695654,-0.012658227848101222,0.07666625191821175
2004-09-30,0.0596600073714757,0.09380544904984478,0.05985392737648643,0.060316439717162273,0.059629343872521945,0.11150996561666737,0.28447844675733625,0.28447844675733625,0.2903225806451615,0.3166666666666669,0.1432334802080062,-0.7015188290673728,-11.018012222579607,20.977814420626594,0.08459009167282572,-0.24574321214910255,0.06145251396648055,0.06424581005586605,0.0657476139978792,-0.2968960863697706,-0.2895602752019144,,-0.0001158077591200124,0.047653692251727886,0.012820512820512775,0.03158766540187585
2004-12-31,-0.08557324373458441,-0.10051713974926924,-0.12161868985816215,-0.12180975074130096,-0.079872368477932,-0.055480156235460765,-0.11689116434042379,-0.11689116434042379,-0.11250000000000004,-0.11392405063291144,-0.2969873547181485,-2.739548809186452,5.0944476551296045,-2.334804316095325,-0.10410497046827849,-0.13361805979255648,0.010902255639097636,0.011373578302712017,-0.03582089552238821,-0.1861804222648752,-0.24336842105263168,,0.006254343293954134,-0.001388888888888773,0.012658227848101333,0.02425362684142729
2005-03-31,-0.05480857269028372,-0.037093639393786404,0.11362270587114187,0.09953536638174865,-0.08023872094901119,-0.2151841248139289,-0.797722436302985,-0.797722436302985,-0.7887323943661972,-0.7999999999999999,-0.5089375115058394,1.3859916281244025,-0.43368285003327756,-1.594166611310111,-0.3079574050169166,-0.04460093896713613,-0.09148382298252133,-0.09039792387543255,-0.05056759545923639,-0.009433962264150941,-0.08291597106288251,,-0.026933701657458564,-0.07684283727399166,-0.012499999999999956,-0.12426628750592439
2005-06-30,-0.033662599912226754,0.01716492702053385,-0.07996619031569097,-0.08020010998953331,-0.025198051963599588,0.08960008327771285,3.1053359871102266,3.1053359871102266,3.2,3.428571428571428,0.6362855000640053,-0.8270465549127114,-0.06309323360962016,-1.6092329655397792,-0.06078174308321427,-0.1004914004914006,0.016782644289807802,0.013314312886352875,-0.02391304347826073,-0.05238095238095242,-0.003640776699029069,,0.008871540099361086,0.009792843691148745,0.0,0.1058470889448595
2005-09-30,0.0658565442610386,0.09155329178926874,-0.0271797003570432,-0.027015402656215604,0.08190852657072067,0.03471084598028007,-0.053990035876385734,-0.053990035876385734,-0.04761904761904767,-0.048387096774193616,-0.1908535154285459,-0.7581827231690781,-1.1129229771234908,-3.7289563953078018,0.17660509182328354,0.13438951106255126,-0.08212560386473433,-0.08165180666353822,0.08908685968819596,0.16080402010050254,0.12423873325213153,,0.015007621057568254,-0.06564714658709436,-0.012658227848101222,0.12186123555321315
2005-12-31,-0.08707656338319003,-0.1244724678874336,-0.16332623100517452,-0.1657168343327221,-0.07524733174131293,0.02900042364136035,-0.04744635989145074,-0.04744635989145074,-0.033333333333333326,-0.03389830508474578,0.11021408839779001,-7.6270139825395695,-14.544799085553503,-3.0455302552218577,-0.307028297821626,-0.07320009631591617,-0.06403508771929822,-0.06182933060807361,-0.04192229038854811,-0.1471861471861472,0.017334777898158293,,0.012937507219590971,-0.06546906187624746,0.0,0.049446308724832244
2006-03-31,-0.10446621583413629,-0.16154296452833283,-0.01579050470846688,0.00021859221859221734,-0.1169129043609195,-0.001989892192180265,-0.5291628023754502,-0.5291628023754502,-0.5,-0.49122807017543857,-0.30241541686624074,-2.7818096135721015,-0.011879645558116159,-0.5611056882608498,-0.19445667555149226,0.14445310470251993,0.09653233364573577,0.10239651416121998,-0.10458911419423678,0.19289340101522856,0.22151224707135242,,-0.013912646824039254,0.021785561725758296,0.08974358974358965,-0.1617343757494364
2006-06-30,0.07251141084158164,-0.011652388311457096,0.12380133212963029,0.12496466468868106,0.06448788628105251,0.07935244512258,1.1831211230819458,1.1831211230819458,1.137931034482759,1.137931034482759,2.1467679659006804,-2.0346228751412565,-0.9162631803698715,-1.8568613555044682,0.20684475377412803,-0.0785471055618614,-0.007692307692307776,-0.005928853754940788,0.07628128724672223,0.029787234042553123,-0.14516129032258074,,-0.007401410893951743,-0.056020066889632125,0.04705882352941182,-0.12143579180255959
2006-09-30,-0.0029087907463813956,-0.060387775571312474,0.06328764292747513,0.0638845542292319,-0.013841217222041347,0.03752979770634224,0.20190721161275538,0.20190721161275538,0.22580645161290325,0.20967741935483875,0.02058160096121142,-0.25232390602124055,6.634185888383284,-1.398955055273138,-0.4191888808214915,0.10051736881005158,0.09560723514211888,0.0904572564612327,-0.009966777408637828,0.022727272727272707,0.10045894951555323,,-0.011068391005475853,0.01594331266607618,0.0786516853932584,-0.11681573463007988
2006-12-31,0.10583782004843045,0.22602932868362435,0.0469487105761508,0.046418711184593064,0.11632408627573954,0.05437704772868157,0.03811522493789177,0.03811522493789177,0.03947368421052633,0.040000000000000036,-0.06487834269514736,-1.3039714669795561,-1.2253936063799176,-8.539700999477507,0.8876387995967967,0.13096037609133648,0.06603773584905648,0.0592525068368277,0.11297539149888136,0.14141414141414144,0.04958294717330869,,0.009542884071630509,0.031386224934612184,0.02083333333333326,0.17164417569992385
2007-03-31,-0.009776277761319396,-0.03593942620752444,0.1905180398165809,0.19042362304491145,-0.04322577788180815,-0.00849914504647653,-1.9505195744323833,-1.9505195744323833,-1.9367088607594938,-1.9487179487179487,-1.4820315631634426,-8.914747309491553,0.26487932397106206,-1.8665461016054974,-0.4074825870228381,0.06848772763262057,-0.4365781710914455,-0.44277108433734935,-0.05025125628140703,-0.038938053097345215,-0.02339955849889619,,-0.03372622242968848,-0.4425190194420964,0.0,-0.19015650568539433
2007-06-30,0.0888653003307629,0.09750581681640891,0.186499596696571,-0.05653688289505554,0.06857680127664101,0.048374764665291003,-2.1271289026379057,-2.1271289026379057,-2.135135135135135,-2.1216216216216215,-3.152992774468557,-0.2600277116566597,-1.7696217437277708,-1.1502274022995622,0.1033135047005036,-0.06298629121896993,0.11452879581151842,0.09961389961389955,0.08148148148148171,-0.014732965009208066,0.6216094032549726,,-0.018719806763284996,0.11296436694465517,-0.010204081632653073,0.16328169524895086
2007-09-30,0.01765949477505191,0.016535875493522534,0.011601198736901353,-0.02310998522271479,0.01905734249724267,-0.010033675401874831,-0.16004504739672287,-0.16004504739672287,-0.15476190476190477,-0.14457831325301207,-0.28029663623436785,-2.1408331441940045,1.8231565471265085,4.801868324346602,0.543282890896724,-0.18406484776591525,-0.06576629477392848,-0.0758426966292135,0.03326810176125239,-0.2448598130841121,-0.2896570950655143,,0.001353846153846039,-0.04972752043596729,-0.030927835051546393,0.04059681549938743
2007-12-31,0.05772476212119715,0.05982432293443307,0.004052028201162017,-0.02266782610499607,0.07001821276848963,0.08627361365021335,0.3396894034913249,0.3396894034913249,0.3661971830985915,0.352112676056338,0.41066984694891673,-2.6938371834995065,-0.5446672491787685,-1.503317883421238,-0.17718332546680793,-0.08044584443905989,0.07165304839723463,0.06079027355623112,0.07196969696969702,-0.11138613861386137,-0.057299843014128715,,0.01167649950835803,0.07096774193548372,-0.010638297872340274,0.08440335558979628
2008-03-31,0.05684328180092968,0.014972348805109448,0.06938140764151268,0.08047703195838185,0.05414853629139338,-0.007402012738394137,-0.42745321566691075,-0.42745321566691075,-0.42268041237113396,-0.41666666666666663,-0.33406696838699856,-0.5534857981817155,-0.9914496696463272,-1.2548778623260848,0.054884774011692894,0.025823451910408357,0.6498533724340174,0.6475644699140402,0.07685512367491154,-0.04178272980501385,-0.07910074937552036,,-0.0025513303365327644,0.6887550200803214,-0.021505376344086002,-0.0606251973476476
2008-06-30,0.014050352159283408,0.025267377104210453,0.051825195975557126,0.04925142225678392,0.005814308711746596,-0.024230637642516095,0.40603113966545124,0.40603113966545124,0.4107142857142856,0.4107142857142856,0.34145546720607345,-1.3743215147483596,327.10085227272725,2.6830630090210645,0.19162669317161485,-0.06216285640893915,-0.060789193032349864,-0.06000000000000005,0.005742411812961423,-0.12790697674418605,-0.4606690777576854,,-0.008160779537149776,-0.03567181926278251,-0.02197802197802201,-0.022857142857142798
2008-09-30,0.023785615445799158,0.026234422431095306,-0.022035583212347887,-0.04677107046398166,0.034233013881221463,0.0265420274625483,0.0047999341346944835,0.0047999341346944835,0.012658227848101333,0.012658227848101333,-0.2669859115830384,-1.4181250591240184,-0.576323798721118,-0.5166786732232906,0.07772339115954985,-0.10736784442618441,-0.01930355791067373,-0.016651248843663202,0.04567699836867867,-0.11333333333333329,-0.0955574182732607,,0.01019280363502384,0.0008220304151254076,-0.022471910112359605,0.07658238734090106
2008-12-31,0.04400160830939992,0.07636246789573531,0.035403285424887354,-0.011441516500172666,0.04585539652948567,0.005490143132635961,-0.22988209073851018,-0.22988209073851018,-0.2250000000000001,-0.2250000000000001,0.2118357404761495,-0.8528765352294764,-0.9801761664384542,2.3323699047372175,0.2403242721822474,-0.27032832157103415,-0.14781937475878038,-0.14769520225776112,0.045241809672387,-0.30451127819548873,-0.2910101946246524,,0.0018234865061999006,-0.11827515400410671,-0.034482758620689724,0.08880856332627718
2009-03-31,0.05952974876779504,0.14977470398104464,0.25437203566245836,0.35414765963013073,0.017941801587256334,-0.03254455361213682,-0.5065194839739326,-0.5065194839739326,-0.4838709677419355,-0.5,-0.15177192128897998,40.37675746924429,-0.9742268041237113,-0.953506100525458,0.009008622021461132,-0.042893187552565215,-0.11730072463768115,-0.1258278145695364,0.017910447761193993,-0.08108108108108114,0.07450980392156858,,-0.039194272539740505,-0.08849557522123885,-0.03571428571428559,-0.15091432658975446
2009-06-30,0.07621717023218877,0.08264389900141422,0.07784760357673193,0.07621896046601484,0.07578833473363455,0.04419991361782838,1.834113106660055,1.834113106660055,1.71875,1.806451612903226,0.42424115553694786,0.02880852893860797,4.12,14.238079303998662,0.13604848738334674,0.019771528998242527,-0.01693175987685991,-0.024621212121212266,0.07551319648093835,0.0,0.12043795620437958,,-0.0005051780752715063,0.015329586101175074,-0.03703703703703709,0.005962024496144247
2009-09-30,0.03681081744084547,0.055117789423348995,0.0004655090379908078,-0.013269148179539725,0.04638863517295766,0.055331988958003286,-0.28998318739587214,-0.28998318739587214,-0.28735632183908044,-0.29885057471264365,-0.39595214298312653,-1.006043153586929,-0.671875,0.18070225520982008,0.1413960386861539,0.14476518741921574,-0.11430062630480164,-0.12038834951456312,0.04635310156782557,0.06470588235294117,0.10966340933767649,,0.009224159716957336,-0.08907901358832404,-0.03846153846153855,0.06931649809959417
2009-12-31,0.05300569620504203,0.05425828352516282,0.0797038237955523,0.05904548505842944,0.04627890231909437,0.0007011713132580866,0.12627101391820506,0.12627101391820506,0.11290322580645151,0.13114754098360648,0.3876438669489257,-151.01024765157985,77.13095238095238,-0.5259308510638299,0.05872764356186999,0.12495295445991728,-0.015321154979375362,-0.02428256070640178,0.04429967426710113,0.07734806629834257,0.2133072407045009,,-0.006385376236384133,0.013259668508287303,-0.040000000000000036,-0.004518344478583014
2010-03-31,0.019224908170315747,0.00433783910341079,0.058412425804925894,0.06510698951795191,0.00903589223374257,-0.00806157718751177,-0.8925425244491799,-0.8925425244491799,-0.8985507246376812,-0.8840579710144927,-0.33666619906011086,-0.08052965353918318,-1.0743562395246076,-0.7509587187006541,0.013814324854251048,0.026764804282368715,-0.13105924596050267,-0.1319758672699849,0.008733624454148492,-0.02051282051282055,-0.001612903225806428,,-0.009954637096774244,-0.11286804798255179,-0.01388888888888895,-0.05706850641491179
2010-06-30,-0.044540952716392024,-0.02692921085842459,0.08867341919461547,0.09499145609740656,-0.08087249921113016,0.010269889981696867,4.200168208578638,4.200168208578638,4.571428571428571,3.875,0.8900884515948251,-1.1506723792070135,-1027.4159836065573,-6.5073251417769375,-0.07504330597955233,-0.07005539263603788,-0.21556473829201095,-0.22502172024326672,-0.026592455163883866,-0.07853403141361248,0.024232633279482885,,-0.03805523736795202,-0.22372464658881386,0.0,-0.11133217808014029
2010-09-30,0.045452917253653524,0.041274478626766475,-0.031854539042800334,-0.06609558648052027,0.07042622364303686,0.019884848581414483,1.4354554508542097,1.4354554508542097,1.5641025641025639,1.5641025641025639,-0.34735396380948647,-19.0207100591716,-1.000688772607214,0.31933896826418384,-0.10704020904572986,0.02557813594954461,0.17383669885864794,0.16479820627802688,0.0698856416772553,0.05681818181818188,0.30441640378548884,,0.02394813442709709,0.178147268408551,-0.014084507042253502,0.11495221358241658
2010-12-31,0.0471316587971542,0.07366086101723113,-0.01602055160952509,-0.059480756196577556,0.06558296395221341,0.035084027242342275,0.12092202299814758,0.12092202299814758,0.1100000000000001,0.1100000000000001,0.0638524937960474,-0.5021251755778107,-17.255072463768116,-1.0537238684220511,0.006439947425287862,0.10761872224120261,0.15632011967090476,0.15495668912415783,0.0641330166270786,0.037634408602150504,-0.092503022974607,,0.0175733298875822,0.157258064516129,0.0,0.1415770609318996
2011-03-31,0.06342134992501847,0.05582807159682046,0.029253575087501815,-0.004624209973307591,0.07263971685906911,0.0105883146769703,0.0055159382239864385,0.0055159382239864385,0.009009009009008917,0.0,0.24458840450090036,-2.206073901733045,-0.9668330955777461,58.401029055690074,0.3800917333471052,-0.0033929673041331876,0.3615782664941787,0.3633333333333333,0.06417410714285698,-0.06735751295336778,-0.16588940706195876,,0.000888888888888939,0.37514518002322883,-0.014285714285714346,0.0607327268256701
2011-06-30,0.04306565272950902,-0.27160034473626027,0.3594832442851583,0.15621554648998037,-0.038849911254655534,0.012008658814930184,-0.19951562286805835,-0.19951562286805835,-0.1964285714285715,-0.18918918918918926,0.2236508183136523,-4.21938262088031,2668.44623655914,-2.6281261517401147,-0.4484030127633619,0.12287217579696685,0.09121140142517814,0.08068459657701732,0.009438909281594077,0.05555555555555558,-0.19728434504792325,,-0.0713017000761228,0.11317567567567566,-0.02898550724637672,-0.3700117684818658
2011-09-30,-0.022833364771277176,-0.057319693543234074,-0.02925503468409696,-0.06971815789133928,-0.020481911069847425,0.014886308294507211,-0.03224644278038402,-0.03224644278038402,0.011111111111111072,0.011111111111111072,-0.17693508279985182,-1.0328831820181672,-0.29756483665211864,-0.9771670110878947,-0.018561343255103946,-0.027012127894156635,-0.047453199825859826,-0.05995475113122184,0.006753246753246733,-0.03684210526315779,-0.14726368159203984,,0.0023224043715848186,-0.047799696509863376,-0.014925373134328401,0.013331069032860743
2011-12-31,0.040578374603016165,0.07334314631082983,0.004338089973582981,-0.028509089322994674,0.053729797409579394,0.034421968062038566,0.11457770412268387,0.11457770412268387,0.1428571428571428,0.1428571428571428,0.0022369710897198747,3.4537269531530237,-0.9788256477746143,-19.893229166666668,0.35731597624546696,-0.13427762039660052,-0.05164533820840955,-0.06498194945848357,0.059855521155830704,-0.13661202185792354,-0.11551925320886813,,0.012675480441597387,-0.05378486055776899,-0.015151515151515138,0.10482654600301644
2012-03-31,0.020395224034607473,-0.07487077013723464,-0.038115766059643064,-0.05173228354491344,0.04063330177908764,-0.12702003851748211,-0.3080205145886308,-0.3080205145886308,-0.29807692307692313,-0.3076923076923077,0.41500043292680977,-4.591369270543891,-1.4285714285714286,-0.9790997134462621,0.005502039631491318,0.07362565445026181,-0.1257831325301204,-0.13449163449163448,0.04040895813047718,0.012658227848101333,0.0936675461741423,,0.019784656796769884,-0.1010526315789474,-0.03076923076923077,-0.024396410061939044
2012-06-30,-0.006105912433068128,-0.008592672735308615,-0.06226383490785914,-0.0897591651431332,0.011848365025682428,-0.22220622460839268,-0.7130615761501411,-0.7130615761501411,-0.7123287671232876,-0.7083333333333333,-0.7947946813646057,-0.8848417162284596,-0.14818325434439183,3.3978942496818236,0.024064981972314214,0.04327948796098724,-0.22381477398015437,-0.21338289962825285,0.01169864295741685,0.0,0.15681544028950545,,0.01808103471030753,-0.1456674473067915,-0.07936507936507942,0.08916817828452972
2012-09-30,0.01228187817611337,-0.07975546917629062,0.02847350630136436,0.016760945507421132,0.007484403937411788,-0.07366704541441216,-0.624183774984173,-0.624183774984173,-0.6190476190476191,-0.6190476190476191,-0.7112264619802309,5.897682570593963,1.0126112759643915,-9.420430927889296,-0.19787564465733476,0.002044989775051187,-0.3139204545454546,-0.3062381852551984,0.006012950971322706,-0.006249999999999978,0.24191866527632944,,-0.0046668395125744055,-0.2203947368421053,-0.10344827586206884,-0.0949299326687445
2012-12-31,-0.006919039857182674,-0.12071694675041622,0.03827768963884104,0.09989500891203429,-0.020589524679937243,-0.04988844876070975,-8.393175145593684,-8.393175145593684,-8.25,-8.25,-2.0093318545148584,-0.057383482591559454,-0.514743826022853,0.08899643514367206,-0.26864397047455135,0.011661807580175099,-0.7919254658385093,-0.7901907356948229,-0.021149425287356416,0.0062893081761006275,0.42149454240134343,,-0.013805678562125667,-0.7587904360056259,-0.13461538461538458,-0.20057306590257873
2013-03-31,0.019274018043340835,0.024655743859179458,0.036829108052519155,0.05465279759828334,0.013645050491221111,0.13696190621151527,-1.2958374563824802,-1.2958374563824802,-1.293103448275862,-1.293103448275862,-2.6980409988253573,-0.8042088111875545,3.5617166729965817,-0.9620489221182371,-0.013940307913453798,0.06051873198847235,-1.2786069651741294,-1.2792207792207793,0.011742602160638826,0.08124999999999982,4.054932073242765,,-0.005546751188589494,0.0,-0.06666666666666676,-0.028443655256321754
2013-06-30,-0.002750347266730957,0.016900819801708877,-0.03287115240613758,0.002108869379397138,0.0071286653072839545,0.013708649812394391,-0.48775388948792997,-0.48775388948792997,-0.47058823529411775,-0.47058823529411775,-1.6291924218418763,0.4239318331319126,0.9398884356006993,6.611505896583005,-0.10760680791941646,0.07418478260869588,1.0,0.9767441860465118,0.0009285051067779992,0.06358381502890187,0.0,,0.009960159362549792,0.0,-0.023809523809523836,0.014756650646449598
2013-09-30,0.01687143939001645,0.00148618597640926,-0.0009899104855335406,-0.0067313799328861945,0.022496932794189517,0.026796808874641975,2.0065727296159466,2.0065727296159466,1.8888888888888893,1.8888888888888893,-6.537452120868208,0.13698821456580834,0.26519313304721037,-1.848825545016636,0.10235332159666588,0.08702251454591448,-0.7678571428571429,-0.7647058823529411,0.01855287569573294,0.08152173913043481,0.0,,0.005522682445759486,0.0,0.024390243902439046,0.008271629644453382
2013-12-31,0.1708390601690637,0.430056884253851,0.6837524023897839,0.047292976794066854,0.013005919326047666,0.027057427316999005,-0.7433666252303999,-0.7433666252303999,-0.7307692307692307,-0.7307692307692307,0.2997425288534208,-0.831960087686144,40.155330913531664,15.404322287746886,1.5231385816129865,0.19362345822666982,-11.26923076923077,-10.799999999999999,0.007285974499089187,0.1758793969849246,0.0,,-0.1348241140316465,0.34693877551020424,0.0,0.36549784981806166
2014-03-31,0.3266225045376059,-0.03945989837689068,0.909031774205808,0.4525244464101996,0.028737441666412122,0.22987012691314623,2.0111909136462334,2.0111909136462334,1.714285714285714,1.714285714285714,-0.30996777277341403,142.69101439496177,0.5471110715469107,-1.3868795466979178,-0.23354688811259572,0.5525443556248781,0.03745318352059912,-0.0714285714285714,0.022603978300180794,0.5384615384615385,0.5771208226221081,,-0.22460701330108823,-0.01948051948051943,-0.04761904761904756,-0.33871944572300694
