Quarter end,Assets,Current Assets,Liabilities,Current Liabilities,Shareholders equity,Revenue,Earnings,Earnings available for common stockholders,EPS basic,EPS diluted,Cash from operating activities,Cash from investing activities,Cash from financing activities,Cash change during period,Cash at end of period,Price,ROE,ROA,Book value of equity per share,P/B ratio,P/E ratio,Cumulative dividends per share,Equity to assets ratio,Net margin,Asset turnover,Current ratio
1993-12-31,-0.00189753320683117,0.037484885126964906,-0.03292181069958844,-0.02709677419354839,0.03653355989804585,0.02499999999999991,0.290909090909091,0.290909090909091,0.30232558139534893,0.0,1.6444444444444444,3.270833333333333,7.0,-13.666666666666666,-0.03191489361702127,-0.053662691652470285,-0.004792332268370503,0.09894736842105267,0.03655913978494629,-0.08786610878661083,-0.013355592654424098,inf,0.03850458920976041,0.037275064267352276,-0.017391304347826098,0.06639490207103371
1994-04-03,-0.00189753320683117,0.037484885126964906,-0.03292181069958844,-0.02709677419354839,0.03653355989804585,0.02499999999999991,0.290909090909091,0.290909090909091,0.30232558139534893,0.0,1.6444444444444444,3.270833333333333,7.0,-13.666666666666666,-0.03191489361702127,-0.053662691652470285,-0.004792332268370503,0.09894736842105267,0.03655913978494629,-0.08786610878661083,-0.013355592654424098,inf,0.03850458920976041,0.037275064267352276,-0.017391304347826098,0.06639490207103371
1994-07-03,0.03155893536121668,0.04195804195804187,0.0375886524822695,-0.02785145888594165,0.024590163934426146,0.02499999999999991,0.290909090909091,0.290909090909091,0.30232558139534893,0.0,1.6444444444444444,3.270833333333333,7.0,-13.666666666666666,0.41758241758241765,-0.0549054905490548,-0.004792332268370503,0.09894736842105267,0.026970954356846377,-0.08786610878661083,-0.013355592654424098,1.2857142857142856,-0.006898038370338422,0.037275064267352276,-0.017391304347826098,0.07179577310075125
1994-10-02,-0.02174714338370809,-0.0005592841163311046,-0.06288448393711554,-0.11050477489768074,0.02639999999999998,-0.12926829268292683,-0.23943661971830987,-0.23943661971830987,-0.24107142857142871,0.0,-0.5378151260504201,-1.024390243902439,-0.5,-3.210526315789474,-0.6511627906976745,0.007619047619047636,-0.004792332268370503,0.09894736842105267,-0.020202020202020332,-0.01834862385321101,-0.013355592654424098,0.5625,0.04927284566963319,0.037275064267352276,-0.017391304347826098,0.12360103308326176
1994-12-31,0.007159005275056529,0.005595970900951208,-0.010211524434719177,-0.039877300613496924,0.025720966484801266,0.014005602240896309,0.07407407407407418,0.07407407407407418,0.08235294117647074,0.0,-7.509090909090909,-2.0,0.08333333333333326,-5.011904761904762,7.488888888888889,-0.015122873345935761,-0.004792332268370503,0.09894736842105267,0.07628865979381438,0.004672897196261516,-0.013355592654424098,0.3600000000000001,0.01841125362019036,0.037275064267352276,-0.017391304347826098,0.047358435493286555
1995-04-02,-0.0037411148522259463,0.025041736227044975,-0.03463522476050107,-0.060702875399361034,0.028115501519756947,0.04005524861878462,0.034482758620689724,0.034482758620689724,0.032608695652173836,0.0,-0.5195530726256983,-1.4,-0.1923076923076923,-0.5578635014836795,0.39005235602094235,0.07773512476007682,-0.004792332268370503,0.09894736842105267,0.028735632183908066,0.0,-0.013355592654424098,0.23529411764705865,0.03209425147267919,0.037275064267352276,-0.017391304347826098,0.09130495366822267
1995-07-02,0.013894104393541218,0.017372421281216077,-0.016030534351144987,-0.0714285714285714,0.04286770140428686,-0.06640106241699872,0.3666666666666667,0.3666666666666667,0.368421052631579,0.0,-1.8313953488372094,-6.5,0.33333333333333326,-2.073825503355705,-0.30131826741996237,0.010685663401602818,0.013376136971642527,0.09894736842105267,0.04283054003724396,-0.018604651162790753,-0.013355592654424098,0.23809523809523814,0.028537689431214153,0.08798017348203224,-0.044247787610619316,0.09560443068279767
1995-10-01,0.15444444444444438,0.05122732123799367,0.2699767261442978,0.5714285714285714,0.04890148830616581,0.021337126600284417,0.10975609756097571,0.10975609756097571,0.10769230769230753,0.0,-1.6713286713286712,-28.09090909090909,-0.0714285714285714,0.42500000000000004,-0.6145552560646901,0.10396475770925107,0.10559662090813093,0.09894736842105267,0.048214285714285765,0.06161137440758302,0.05499153976311333,0.1730769230769229,-0.09146574818216602,0.14350797266514803,-0.03703703703703709,-0.3310413146087058
1995-12-31,0.015078601219120857,0.021827411167512745,-0.02443494196701279,0.0011655011655011815,0.05878378378378368,0.243732590529248,-0.03296703296703296,-0.03296703296703296,-0.02777777777777779,0.0,0.09375,-0.9899328859060402,0.15384615384615374,-1.3157894736842106,0.5034965034965035,0.14046288906624094,0.05539637058261704,0.056513409961685745,0.05621805792163537,0.0848214285714286,-0.005613472333600655,0.16393442622950816,0.043176074136478615,0.042828685258964105,0.009615384615384581,0.02064459930313589
1996-03-31,0.018331226295828174,0.04272230501738705,0.015028177833437795,0.011641443538998875,0.02169751116783658,0.0,-0.26136363636363635,-0.26136363636363635,-0.26428571428571423,0.0,-0.2666666666666667,20.0,-0.19999999999999996,-1.1388888888888888,-0.046511627906976716,0.05458362491252622,-0.026244343891402733,-0.030825022665457835,0.022580645161290214,0.0,-0.04516129032258065,0.12676056338028174,0.0032303654350898103,-0.028653295128939882,0.0,0.0307245882051721
1996-06-30,0.011173184357541999,-0.1705574082896617,-0.002467612584824197,-0.0069044879171461515,0.024984384759525247,0.04143337066069419,0.03076923076923066,0.03076923076923066,0.029126213592232997,0.0,7.090909090909092,9.571428571428571,0.29166666666666674,6.4,-0.36097560975609755,0.013934970139349634,-0.08085501858736055,-0.08793264733395689,0.02681388012618302,-0.008230452674897082,-0.0016891891891891442,0.125,0.013684846045482146,-0.10914454277286134,0.028571428571428692,-0.16477602053490115
1996-09-29,0.0,0.06720275703618617,0.0,-0.03476245654692933,0.0,-0.07311827956989247,0.014925373134328401,0.014925373134328401,0.009433962264151052,0.0,0.0,0.0,0.0,0.0,0.0,0.03992146596858648,0.0,0.0,0.0,0.0,0.09052453468697119,0.12222222222222223,0.0,-0.11147902869757176,0.0,0.10563101021116306
1996-12-31,0.012584407612031834,0.0,-0.019789734075448373,0.0,0.04448507007922009,0.03944315545243615,0.02941176470588225,0.02941176470588225,0.03738317757009346,0.0,0.0,0.0,0.0,0.0,2.9389312977099236,0.11957205789804903,0.0,0.0,0.03993855606758823,0.0,0.21101629169899128,0.18811881188118806,0.03156640857653348,-0.06335403726708089,0.0,0.0
1997-03-30,0.04395271294331615,-0.17115177610333687,0.0725552050473186,0.10084033613445387,0.0175029171528589,0.05022321428571419,0.014285714285714235,0.014285714285714235,0.018018018018017834,0.0,-0.9807383627608347,-0.3798798798798799,0.6129032258064515,5.094594594594595,-0.874031007751938,-0.03147835862844284,0.0,0.0,0.03101920236336797,0.058091286307053736,0.033952594490711085,0.09166666666666679,-0.025404157043879882,0.009283819628647327,0.0,-0.24707464694014802
1997-06-29,-0.015389082462253234,0.08701298701298699,-0.059411764705882386,-0.04143947655398039,0.02752293577981657,0.09670563230605733,0.12676056338028174,0.12676056338028174,0.1327433628318586,0.0,2.6666666666666665,-1.3389830508474576,-0.12,-1.3104212860310422,2.1538461538461537,0.02321532211259414,0.0,0.0,0.021489971346704717,-0.007843137254901933,0.0,0.07633587786259532,0.04364139020537117,0.018396846254927768,0.0,0.13397642015005373
1997-09-28,0.029784724270126794,0.1278375149342892,0.02313946216385232,0.009101251422070522,0.03571428571428581,-0.04263565891472865,0.02499999999999991,0.02499999999999991,0.015625,0.0,-3.75,0.03571428571428581,-0.38636363636363635,-1.0214285714285714,-0.014634146341463428,0.1735677821894499,-0.13751263902932254,-0.08820512820512816,0.035063113604488105,0.1462450592885376,0.11710037174721188,0.07092198581560294,0.0056764427625355385,0.014193548387096744,0.04629629629629606,0.11767485822306223
1997-12-31,0.17153493699885458,-0.10540254237288138,0.33007334963325174,0.45546786922209703,0.031788793103448176,0.11437246963562764,0.012195121951219523,0.012195121951219523,-0.49230769230769234,0.0,-6.140495867768595,-5.689655172413793,-8.11111111111111,-45.666666666666664,0.6633663366336633,-0.004349927501208328,0.014067995310668158,-0.013498312710911176,0.027100271002709952,-0.037931034482758585,-0.0515806988352745,0.06622516556291402,-0.11928504233301973,-0.010178117048346147,0.0,-0.38534178999295277
1998-03-29,0.013199706673185041,-0.026642984014209614,-0.008731617647058876,-0.030209140201394313,0.03812010443864233,0.04813805631244317,-0.012048192771084376,-0.012048192771084376,-0.015151515151515138,-0.39252336448598135,-0.9742765273311897,-0.8808823529411764,-1.140625,-1.6865671641791045,-0.27380952380952384,0.062135922330097015,0.0011560693641619046,-0.013683010262257822,0.03825857519788922,0.03584229390681015,0.01754385964912264,0.06832298136645965,0.024567400128177708,-0.016709511568123392,0.0,0.003668883283650448
1998-06-28,-0.011821471652593507,-0.028588807785888126,-0.05795085767269359,-0.08626198083067094,0.03822937625754519,0.020797227036395194,0.12195121951219523,0.12195121951219523,0.12307692307692308,0.10769230769230753,1.3125,-0.9135802469135803,4.037037037037037,0.15217391304347827,-0.43442622950819676,0.012797074954296273,0.0005773672055429113,-0.009248554913294793,0.03557814485387545,-0.02422145328719738,-0.02011494252873547,0.06395348837209314,0.050667222685571334,0.002614379084967311,-0.008849557522123686,0.06313304394181696
1998-09-27,0.013916015625,0.016280525986224204,0.0004921259842520787,0.05769230769230771,0.027131782945736482,-0.005093378607809895,0.021739130434782705,0.021739130434782705,0.013698630136986356,0.0277777777777779,1.4864864864864864,8.285714285714286,-0.6029411764705883,-0.7452830188679245,-0.19565217391304346,0.10424187725631762,0.0017311021350259193,-0.005834305717619559,0.02699386503067469,0.06382978723404253,0.07096774193548394,0.060109289617486183,0.013097836872395296,-0.006518904823989535,0.0,-0.03918338108882524
1998-12-31,0.1008909222248977,0.15403573629081957,0.1574028529267093,0.20743801652892557,0.04669811320754724,0.2508532423208192,0.02127659574468077,0.02127659574468077,0.027027027027026973,0.0,1.4456521739130435,0.7846153846153847,0.7222222222222223,-1.5925925925925926,0.14414414414414423,0.13649366571311816,-0.0005760368663595417,0.007042253521126751,0.04062126642771835,0.10666666666666669,0.09967141292442472,0.05154639175257736,-0.049363369245837285,-0.03937007874015752,0.044642857142856984,-0.04421084022962807
1999-04-04,0.11679790026246728,0.28884143085958347,0.11219719507012327,0.0773442847364818,0.12167643082469581,-0.06070941336971347,1.7604166666666665,1.7604166666666665,1.75,1.797297297297297,-0.6933333333333334,-0.7068965517241379,-0.6881720430107527,-0.625,0.04724409448818889,0.060050341603739676,0.41844380403458237,0.42307692307692313,0.1205510907003442,0.01807228915662651,0.030378486055776976,0.05882352941176472,0.004533278384504458,0.4385245901639345,-0.008547008547008517,0.19633385335413434
1999-07-04,-0.022522522522522515,-0.06379453189726592,-0.07680550248376006,-0.12325285895806859,0.03455202892728004,0.001452432824981864,-0.6037735849056604,-0.6037735849056604,-0.6076555023923444,-0.608695652173913,2.5072463768115942,0.2941176470588236,1.4482758620689653,20.166666666666668,0.9548872180451127,0.17333785617367714,-0.03210077204388462,-0.025389025389025432,0.03381147540983598,0.047337278106508895,-0.2170130497825037,0.05555555555555536,0.05825641025641026,-0.014245014245014231,-0.008620689655172376,0.06780987155245466
1999-10-03,0.6090963734722501,0.656637168141593,1.0711920529801326,1.6362318840579708,0.17553398058252423,0.6062364031907179,0.7523809523809524,0.7523809523809524,0.12195121951219523,0.12345679012345667,-0.3429752066115702,24.181818181818183,-11.140845070422536,-2.8031496062992125,-0.7346153846153847,-0.059554784619832435,0.05877413937867337,-0.037815126050420034,-0.2537165510406343,-0.09039548022598864,-0.07901234567901227,0.05263157894736836,-0.26943206047683665,-0.026974951830443183,-0.017391304347826098,-0.3716187335897906
1999-12-31,-0.03200099613995766,-0.0675747863247863,-0.0801358912869704,-0.050852116547553616,0.04757185332011904,0.8004514672686229,0.7717391304347827,0.7717391304347827,-0.08695652173913049,-0.08791208791208793,2.4339622641509435,-0.9666064981949458,-1.4902777777777778,-1.6812227074235808,2.9130434782608696,-0.1607746695358131,0.23949246629659005,0.1868995633187771,0.04648074369189903,0.1273291925465838,-0.19235924932975867,0.04583333333333339,0.08224993366940825,-0.02772277227722786,0.22123893805309747,-0.017588183849965966
2000-04-02,0.042063287882685874,0.08249785161844736,0.04953291331740162,0.06950477845351877,0.03122043519394513,-0.36158475426278835,-0.4355828220858896,-0.4355828220858896,0.09523809523809534,0.09638554216867479,-0.9963369963369964,1.3783783783783785,-1.1473087818696883,-1.217948717948718,-0.12592592592592589,-0.14102564102564108,-0.15099168266154817,-0.18616629874908008,0.03426395939086291,-0.17906336088154273,-0.15767634854771784,0.05179282868525914,-0.01029664133366015,-0.19653767820773926,0.01449275362318847,0.012166172106825135
2000-07-02,-0.011603505740032105,-0.04075152156655204,-0.02877251086731525,-0.047386948280530694,0.013761467889908285,0.02788688138256079,0.10869565217391308,0.10869565217391308,0.10869565217391308,0.10989010989010994,222.5,0.4204545454545454,-6.4423076923076925,-2.1470588235294117,0.1652542372881356,0.16417910447761197,0.058779201205727105,0.018083182640144635,0.024539877300613355,0.12416107382550345,0.554679802955665,0.04924242424242431,0.02551399554124334,0.0012674271229404788,0.014285714285714235,0.006938336753639973
2000-10-01,0.027975521418758476,0.04579310344827592,-0.008098891730605295,-0.0383740761796475,0.07903469079939662,-0.043943446694688526,0.4411764705882353,0.4411764705882353,0.4509803921568627,0.4554455445544554,-0.44966442953020136,-0.688,-0.5936395759717314,1.358974358974359,0.3345454545454545,0.06959706959706957,0.0761565836298932,0.11545293072824148,0.07544910179640718,0.04477611940298498,0.011406844106463865,0.04693140794223827,0.0497584541062801,0.09493670886075933,0.021126760563380254,0.0875388198757765
2000-12-31,-0.02964402867209326,-0.06330783434450016,-0.10464116888697894,-0.14247709133904818,0.06793402292423822,0.07553956834532372,-0.2551020408163265,-0.2551020408163265,-0.2567567567567567,-0.2517006802721088,0.5284552845528456,0.9743589743589745,3.252173913043478,-3.0652173913043477,-0.5177111716621253,0.17945205479452042,-0.14748677248677255,-0.11226114649681518,0.061247216035634544,0.0971428571428572,0.022556390977443552,0.04482758620689653,0.1005522319374137,0.005780346820809301,-0.11724137931034473,0.09236123505265037
2001-04-01,0.1165644171779141,0.13939735285834987,0.17782577393808485,0.24508790072388842,0.04973821989528804,-0.006688963210702337,0.09589041095890405,0.09589041095890405,0.09090909090909083,0.08181818181818179,-0.7898936170212766,3.4155844155844157,-1.7443762781186094,-1.5421052631578949,0.5819209039548023,0.006678281068525083,0.008533747090768262,0.03587443946188351,0.047219307450157455,-0.05208333333333326,-0.05392156862745101,0.04620462046204632,-0.05979510767300855,0.0494252873563219,-0.0078125,-0.08487868638183149
2001-07-01,0.07198923525454148,0.09639149777558087,0.08924205378973116,0.10520487264673317,0.050872817955112115,0.1081182192293304,-0.054166666666666696,-0.054166666666666696,-0.05833333333333335,-0.05882352941176461,2.670886075949367,0.2176470588235293,-0.9807692307692307,-2.1359223300970873,-0.4178571428571428,0.06143640034612052,-0.03500000000000003,-0.02164502164502169,0.04809619238476959,0.013736263736263687,-0.0006476683937823857,0.04416403785488954,-0.019790971758950282,-0.008762322015334112,-0.015748031496062964,-0.008034279592929905
2001-09-30,0.1521966527196652,0.13480613165013522,0.23176206509539843,0.1129759519038076,0.051257712387280385,0.019581363943281582,0.013215859030837107,0.013215859030837107,0.008849557522123908,0.008928571428571175,0.01379310344827589,1.103864734299517,140.85714285714286,-4.555555555555555,2.5521472392638036,0.1138586956521741,-0.11359107214029507,-0.13451327433628324,0.0497131931166348,0.06233062330623307,0.0887880751782244,0.04229607250755296,-0.08756805807622514,-0.10828729281767957,-0.03200000000000003,0.019618430525558006
2001-12-31,0.004902405810258692,-0.028009535160905874,-0.00668185269552013,0.030609948233175865,0.022121896162528243,0.16158940397350996,0.06956521739130439,0.06956521739130439,0.07017543859649122,0.07079646017699126,0.4965986394557824,-0.8610792192881745,-1.459214501510574,-1.3293269230769231,-0.23661485319516407,0.04659673090997796,-0.013039568345323715,-0.04907975460122693,0.024590163934426146,-0.0025510204081632404,0.12499999999999978,0.04057971014492745,0.017155643958229883,-0.039653035935563796,-0.008264462809917328,-0.05684024713150926
2002-03-31,0.02222422983105976,0.054976497036582916,0.005045100137593739,0.006770037126009987,0.04704063604240272,-0.11031927023945265,-0.06910569105691056,-0.06910569105691056,-0.06557377049180335,-0.06611570247933896,-1.1954545454545455,-0.8760330578512396,-1.0789473684210527,-0.5255474452554745,-0.1470588235294118,0.0011655011655011815,-0.05193621867881548,-0.06666666666666665,0.04444444444444451,-0.023017902813299296,-0.022751322751322745,0.04178272980501396,0.024199462234172575,-0.04645161290322586,-0.025000000000000022,0.04781957701665718
2002-06-30,0.04542642509942563,0.03525765207284004,0.040462427745664664,0.05791757049891544,0.05230963931659982,0.12495994873437999,0.14847161572052392,0.14847161572052392,0.14035087719298267,0.14159292035398252,-5.930232558139535,16.733333333333334,-5.416666666666667,-0.9846153846153847,-0.0026525198938992522,0.17694994179278223,-0.004324843825084135,-0.01382488479262678,0.051063829787234116,0.12565445026178002,0.1927449918787223,0.04010695187165769,0.006682577565632508,-0.004059539918809141,-0.008547008547008517,-0.021345003125837092
2002-09-29,0.022064417955871107,0.02750748502994016,0.01885964912280702,0.016608570842731263,0.026458208057726917,-0.06322984904585593,0.019011406844106515,0.019011406844106515,0.023076923076922995,0.023255813953488413,-0.40094339622641506,-0.6165413533834587,-0.6226415094339622,-93.0,0.24468085106382986,-0.09950544015825902,0.0019305019305020377,0.015186915887850594,0.03157894736842115,-0.14186046511627903,-0.13163867453472544,0.03856041131105403,0.00426742532005675,0.017663043478260754,0.0,0.010677130863296025
2002-12-31,-0.02969396195202645,-0.07157166272081583,-0.06270627062706269,-0.07583703106091166,0.015231400117164506,0.18820310124657946,-0.41417910447761197,-0.41417910447761197,-0.42105263157894735,-0.41666666666666663,1.0984251968503935,-0.8333333333333334,9.883333333333333,-2.4891304347826084,-0.2991452991452992,-0.12412126537785595,-0.1189788053949904,-0.10126582278481011,0.03610675039246458,-0.1517615176151762,-0.1578672242550967,0.03712871287128716,0.04627006610009454,-0.1148197596795727,0.01724137931034475,0.00460496613995498
2003-03-30,0.16810161111584687,0.17712828560219696,0.3158297611757501,0.4360541248363161,-0.017503366031929257,-0.12461617195496422,0.40764331210191074,0.40764331210191074,0.4415584415584417,0.4415584415584417,-0.6228893058161351,64.41176470588235,-3.0382848392036754,-4.065693430656934,1.2804878048780486,-0.17356408327062944,-0.0262438490978677,-0.05633802816901412,-0.019696969696969657,-0.20127795527156545,-0.09310986964618251,0.038186157517899666,-0.15884476534296021,-0.0301659125188537,-0.025423728813559365,-0.18029840014380727
2003-06-29,0.021163248923593336,0.02566238960173295,-0.0010471204188481353,-0.30653495440729484,0.0585356303837119,0.15024846536100545,0.09502262443438925,0.09502262443438925,0.10810810810810789,0.09909909909909898,0.2786069651741294,-0.9316546762589928,-1.0886551465063863,-0.85,0.08422459893048129,-0.015781487101669267,-0.04267265581134194,-0.0651289009497964,0.05950540958268946,0.0040000000000000036,-0.010951403148528382,0.0367816091954023,0.03648068669527893,-0.051321928460342114,-0.017391304347826098,0.47905701754385954
2003-09-28,0.13485314085614242,0.02745735174654751,0.19892848823666442,0.2230988384834538,0.03310523395598297,0.12503176620076228,0.0826446280991735,0.0826446280991735,0.08130081300813008,0.08196721311475419,0.43190661478599224,24.05263157894737,-13.05084745762712,-2.8095238095238093,-0.1405672009864365,0.2306506321307431,-0.028739002932551383,-0.0740203193033383,0.029905178701677526,0.1593625498007969,0.24982698961937722,0.0354767184035476,-0.08954451345755698,-0.07868852459016396,0.0,-0.15998220772481275
2003-12-31,0.019080604534005063,0.011068943706514789,-0.0031086069555080753,0.006271277548826282,0.05997135696383826,0.09193584820420142,0.06488549618320616,0.06488549618320616,0.0601503759398494,0.05303030303030298,1.4375,-0.9264705882352942,-1.4177215189873418,-2.4298245614035086,0.2338593974175036,0.05712853921322969,0.10144927536231885,0.053291536050156685,0.058073654390934815,0.027491408934708028,0.05703211517165019,0.03426124197002145,0.04007959067652078,0.07473309608540935,-0.017699115044247593,0.004765687053216894
2004-04-04,0.029969721312488318,0.05911792305286201,0.018417462482946734,0.019052706552706633,0.049991555480493055,-0.0153082333471245,-0.03584229390681004,-0.03584229390681004,-0.03546099290780125,-0.03597122302158262,-0.633221850613155,-0.5142857142857142,-0.5757575757575757,-0.9447852760736196,0.010465116279069875,0.0782175871059494,-0.0027412280701754055,-0.0014880952380951218,0.045515394912985174,0.01672240802675584,-0.054478784704033445,0.03726708074534146,0.019404208800218647,-0.0298013245033113,0.03603603603603589,0.03935002195871751
2004-07-04,0.0037197024238060372,0.014323685764914273,-0.0171275476031002,-0.048750655250742625,0.03876467749718504,0.00021008403361344463,0.11524163568773238,0.11524163568773238,0.11029411764705865,0.11194029850746268,0.09726443768996962,0.02941176470588225,-0.7619047619047619,24.666666666666668,0.26582278481012667,0.04990107715981518,0.009345794392523477,0.010432190760059523,0.03393085787451988,0.006578947368421018,0.004432132963988922,0.03592814371257491,0.034852546916890104,0.008532423208191142,0.0,0.06633989689850428
2004-10-03,0.026001195457262316,-0.00014558159848598873,0.011292834890965775,0.028104335047759,0.04939609786311561,-0.0014702793530770863,0.07333333333333325,0.07333333333333325,0.06622516556291402,0.0738255033557047,-0.14404432132963985,6.714285714285714,2.066666666666667,-2.796536796536796,-0.37636363636363634,0.03015075376884435,0.004357298474945592,0.03392330383480813,0.04767801857585163,-0.0032679738562092497,-0.020408163265306034,0.03468208092485536,0.022797927461139844,0.035532994923857864,0.0,-0.02750039625931211
2004-12-31,0.022079813574133356,0.06100757134536994,-0.0031767423950712637,-0.03984277291406113,0.060793861590674236,0.03134202776609163,0.04347826086956519,0.04347826086956519,0.03726708074534146,0.03749999999999987,1.5987055016181229,-0.8055555555555556,1.2173913043478262,-1.6987951807228916,0.42274052478134116,0.04796747967479664,-0.0010845986984815426,0.028530670470756192,0.06146572104018899,0.0,-0.0022522522522524513,0.03351955307262555,0.03799392097264431,0.045751633986928164,-0.017391304347826098,0.10504441365821848
2005-04-03,0.02057683538531685,0.0594208865102237,0.014872042491550053,0.038890956457015236,0.028793990819307336,-0.017132367937997106,0.0,0.0,0.0059880239520957446,0.0,-0.5541718555417185,-3.8285714285714287,-0.7058823529411764,0.8448275862068966,0.548155737704918,0.006400310318076086,0.010314875135722046,0.03467406380027738,0.027839643652561197,-0.052459016393442526,-0.038374717832957095,0.03603603603603611,0.008052708638360162,0.051562499999999956,-0.017699115044247593,0.01976401179941023
2005-07-03,0.001787210276459117,0.019300518134715006,-0.01408316680940147,0.06412323123768582,0.024337479718766986,0.08196721311475419,0.02678571428571419,0.02678571428571419,0.023809523809523725,0.030120481927710774,-0.44413407821229045,-1.457912457912458,0.1333333333333333,-1.1364485981308412,-0.04831237590999338,0.029292734630949946,-0.005373455131649663,0.01742627345844494,0.020585048754062862,0.0,-0.02230046948356801,0.034782608695652195,0.02251270878721856,0.010401188707281017,0.009009009009008917,-0.042160833092276584
2005-10-02,0.04532530523498912,0.0657008514423687,0.04015056461731503,0.06564551422319465,0.052402323125660066,0.031837360951284976,0.08405797101449286,0.08405797101449286,0.08139534883720945,0.07602339181286566,2.0100502512562812,0.713235294117647,-0.6323529411764706,-5.328767123287672,0.21974965229485388,0.06759033888784893,-0.0027012425715828847,0.015810276679842028,0.05095541401273884,0.04844290657439432,0.03241296518607428,0.03361344537815136,0.006628787878787845,0.007352941176470562,0.008928571428571175,7.550018875046582e-05
2005-12-31,0.04485333333333341,0.0938468876699261,0.06207664470631902,0.09098088769546675,0.021572808227768636,0.08382899628252782,0.0855614973262031,0.0855614973262031,0.08602150537634401,0.09239130434782594,0.5025041736227045,-0.5321888412017167,3.2800000000000002,0.8259493670886076,0.3289623717217789,0.01929147667485087,0.018418201516793076,0.02204928664072625,0.0277777777777779,-0.02970297029702962,-0.016279069767441756,0.03252032520325199,-0.022107243650047126,0.004379562043795637,0.017699115044247815,0.002642307111580866
2006-04-02,0.03562860497167075,0.07205930448054065,0.03284990389655773,0.06963949616331266,0.03953345610804182,-0.044760761447436126,-0.0788177339901478,-0.0788177339901478,-0.5396039603960396,-0.5422885572139302,-0.4833333333333333,0.9541284403669725,-1.074766355140187,-0.535528596187175,0.11497211497211501,0.0548864418444599,-0.008510638297872242,-0.006345177664974666,0.030466830466830297,0.023809523809523725,0.0035460992907800915,0.03622047244094495,0.003607503607503615,-0.008720930232558155,0.0,0.002258866049243302
2006-07-02,0.07112228301049828,-0.059080740288793954,0.07012349856200295,0.09989171629669724,0.07251683004606124,0.06535008976660683,0.7005347593582887,0.7005347593582887,0.6989247311827957,0.6956521739130435,-0.29462365591397854,7.352112676056338,14.6875,-5.477611940298507,-0.461716044632551,0.07095090523568737,0.14109442060085842,0.13793103448275867,0.07343824511206498,0.039867109634551534,0.045347467608951586,0.03495440729483268,0.0014378145219267058,0.15542521994134906,-0.017391304347826098,-0.1445421080309518
2006-10-01,-0.007132339407325605,-0.025829460715443675,-0.043158643585487266,-0.07383706620723607,0.04305693205594108,0.02275025278058651,-0.3113207547169812,-0.3113207547169812,-0.310126582278481,-0.3076923076923077,0.6280487804878048,-0.7774030354131535,-3.2868525896414345,-0.6366666666666667,-0.311651179413867,0.04645141638745054,-0.008462623413258097,0.0,0.039982230119946616,-0.025559105431309903,-0.12112676056338034,0.03377386196769461,0.050490547977985134,0.005076142131979822,0.0,0.051813471502590636
2006-12-31,0.037030171015433044,0.09607277568227213,0.036679058240396634,0.03959606696784479,0.03747888513513509,0.06936892404020423,-0.06849315068493156,-0.06849315068493156,-0.0825688073394496,-0.07407407407407418,0.5,-1.1818181818181819,-0.5958188153310104,-2.470183486238532,0.6656282450674975,0.0717508368505313,-0.044570886676149835,-0.030303030303030276,0.034600598035027685,0.032786885245901676,0.033974358974358854,0.032670454545454586,0.00045558086560348876,-0.026515151515151603,-0.008849557522123686,0.05435417884278193
2007-04-01,0.015909903468001474,0.007894736842105177,0.008606263447286544,-0.019810838445807777,0.025236593059936974,-0.02927580893682591,0.06372549019607843,0.06372549019607843,0.07000000000000006,0.06000000000000005,-0.3595505617977528,-5.736111111111111,0.22413793103448265,-1.1747269890795633,-0.06982543640897754,0.051602390005431875,-0.010918114143920632,0.003472222222222099,0.027663088356730148,0.01587301587301604,0.052696838189708606,0.03988995873452539,0.00910746812386165,0.0025940337224383825,0.0,0.028270509977827096
2007-07-01,0.029693823684673548,0.05955011046394865,0.01011298095915314,0.061155300560698844,0.05429280397022329,0.046190476190476115,0.1820276497695852,0.1820276497695852,0.1869158878504673,0.18867924528301883,-0.2085769980506823,-0.8885630498533724,-0.7676056338028169,-3.6964285714285716,0.2024128686327078,0.02285640495867769,-0.10035122930255902,-0.08189158016147635,0.05182804339091995,-0.006249999999999978,-0.007656065959952829,0.03835978835978837,0.023916967509025167,-0.08796895213454081,0.008928571428571175,-0.0015402387370042625
2007-09-30,0.020335796983808274,0.03184532271822582,0.01470473210793899,0.024453182600147505,0.027113537940124166,0.03686845698680008,0.06432748538011701,0.06432748538011701,0.06299212598425208,0.06349206349206349,1.312807881773399,7.184210526315789,4.893939393939394,-0.20860927152317876,0.13322185061315506,-0.013255902032571654,0.02342442833240388,0.03391959798994959,0.0355233002291826,-0.05974842767295596,0.054005934718101,0.03694267515923588,0.00661084178051996,0.028368794326241176,0.0,0.007250289240262386
2007-12-31,0.07746095549135368,0.12960411499954083,0.076466507361443,0.09919635360441403,0.0786434463794683,0.09964881474978049,0.06043956043956045,0.06043956043956045,0.05925925925925912,0.05970149253731338,0.13631522896698622,-0.4790996784565916,-0.8791773778920309,2.589958158995816,0.42203639940973936,0.13203684749232347,0.04141689373296997,0.052247873633049835,0.0793065289561048,0.09030100334448155,0.06925675675675658,0.035626535626535505,0.0010945709281962035,0.04965517241379325,0.008849557522123908,0.027643770579676596
2008-03-30,-0.00101037578206975,-0.008781915758659942,-0.0025062656641604564,-0.011785246617197709,0.000764785859959316,-0.06786427145708585,-0.012089810017271163,-0.012089810017271163,0.0,0.0,-0.5970009372071228,-0.23456790123456794,11.595744680851064,-1.3333333333333333,-0.09892770667589068,-0.07391500904159143,0.02616431187859769,0.033487297921477976,0.00991114149008876,-0.14110429447852757,-0.15060558188520268,0.04151838671411623,0.0017493986442160825,0.03942181340341655,-0.00877192982456143,0.003055141579731968
2008-06-29,0.014859765822538673,0.021164889253486363,-0.001794687724335997,-0.038648409893992985,0.03455888596416745,0.04254104211277654,0.12062937062937062,0.12062937062937062,0.12587412587412605,0.12676056338028174,1.3744186046511628,0.3870967741935485,0.20608108108108114,-1.472027972027972,0.051823416506717956,0.0837197949719306,0.02243753187149422,0.030167597765363263,0.03790186125211514,0.07499999999999996,0.011779293242405453,0.039863325740319144,0.019428072473259173,0.031605562579013924,0.0,0.0621796300423445
2008-09-28,-0.0016482042240024697,-0.015183161953727486,0.0005034160373966756,-0.017574086836664393,-0.004103742613263295,-0.022319594687114863,-0.010920436817472678,-0.010920436817472678,-0.006211180124223614,-0.006249999999999978,-0.1547502448579824,0.8255813953488371,-0.05882352941176472,-1.911111111111111,-0.04489051094890506,-0.056644144144144204,0.010972568578553554,0.01626898047722336,0.01467231822627979,-0.09302325581395343,-0.11213235294117652,0.03833515881708638,-0.002355460385439101,0.026960784313725394,-0.008849557522123686,0.002447894810463147
2008-12-31,0.08934193350226516,-0.0252059711232564,0.3168487636572743,0.21127089909973118,-0.17150156584803034,0.09971988795518216,-0.034700315457413256,-0.034700315457413256,-0.018750000000000044,-0.018867924528301883,-0.07763615295480886,8.719745222929935,-2.875,7.097560975609756,-0.380588460068781,-0.26787632804106476,0.05130735076467707,-0.011739594450373536,-0.16323907455012854,-0.2783882783882784,-0.2981366459627329,0.03691983122362874,-0.23953638119768184,0.0011933174224343368,-0.017857142857142905,-0.19521384218237636
2009-04-05,-0.003313008846438481,-0.010041841004184149,-0.017030567685589526,-0.027027027027026973,0.021685069133591917,0.05247070809984722,-0.03594771241830064,-0.03594771241830064,-0.02547770700636942,-0.019230769230769273,-0.8140703517587939,-0.9066186107470511,-1.284126984126984,-0.5030120481927711,-0.30536705737199255,-0.21131583238219476,0.041295166588456,-0.016198704103671746,0.02457757296466978,-0.055837563451776595,-0.2291052114060964,0.03865717192268581,0.025119954840530756,-0.033373063170440975,0.0181818181818183,0.017425227568270474
2009-07-05,0.02047455709183499,0.03956043956043964,-0.0083851621501555,-0.0813492063492064,0.07107389738097547,-0.019845111326234233,0.047457627118643986,0.047457627118643986,0.045751633986928164,0.045751633986928164,3.0945945945945947,-0.9929824561403509,-0.6759776536312849,-1.985858585858586,0.433392539964476,0.06905106470953082,0.018026137899954886,-0.034028540065861757,0.07083958020989511,0.043010752688172005,0.04974489795918369,0.0372184133202742,0.04955947136563865,-0.034525277435265234,0.0,0.1316462167689163
2009-10-04,0.03177628387275622,-0.00569198243616853,0.011200089600716723,0.06123110151187916,0.06517589310062721,-0.04703703703703699,-0.0744336569579288,-0.0744336569579288,-0.07500000000000007,-0.08125000000000004,-0.024752475247524774,316.0,0.39655172413793105,-1.4200819672131146,-0.12701363073110283,0.11351769483658858,-0.015936254980079667,-0.05681818181818177,0.0630031501575079,0.04123711340206193,0.11421628189550415,0.03588290840415498,0.03252885624344182,-0.04342273307790545,-0.008928571428571397,-0.06309765830886238
2009-12-31,0.04372795969773291,0.0834968923781485,0.033061970426981224,0.05535768800244223,0.060163850486431025,0.023189532322839712,0.07342657342657333,0.07342657342657333,0.08108108108108114,0.06802721088435382,1.5296108291032149,-0.2570977917981072,0.04938271604938271,-5.1658536585365855,0.6061036195883605,0.1552622438346647,-0.05128205128205121,-0.02168674698795192,0.060586104708594046,0.08415841584158423,0.17775354416575806,0.03463992707383756,0.01549796747967469,0.0,-0.027027027027027084,0.026681668407940284
2010-04-04,-0.0005792064871126268,0.007849649030115424,-0.020049319180872716,-0.04184745926140199,0.028656524189004218,-0.018738921245885054,-0.027687296416938123,-0.027687296416938123,-0.03125,-0.02547770700636942,-0.8615384615384616,-0.4012738853503185,-0.04117647058823526,-1.278688524590164,-0.10517012814847548,0.08177991581479249,-0.049786628733997196,-0.020935960591132896,0.028562558211735478,0.0182648401826484,0.0796296296296295,0.02466960352422909,0.029271953965473996,0.018691588785046953,-0.03703703703703709,0.05189823874755373
2010-07-04,-0.006020799124247356,-0.01400434359320002,-0.013512035010940893,-0.014290027171178443,0.004695203067532683,0.0456774193548386,0.085427135678392,0.085427135678392,0.0903225806451613,0.0915032679738561,1.3043478260869565,-0.4184397163120568,1.9754601226993866,-0.2773109243697479,-0.08493827160493828,-0.05030572540300149,-0.024950099800399195,-0.0037735849056602655,0.018714156353757838,-0.07623318385650224,-0.04974271012006859,0.03611349957007737,0.010938259601361189,0.011795543905635641,-0.009615384615384581,0.00029766334275938
2010-10-03,0.019791396734905486,0.017013519671882138,-0.007319913491931507,0.05267993874425736,0.057870550665939824,-0.011475814412635787,0.0030864197530864335,0.0030864197530864335,0.01183431952662728,0.017964071856287456,0.8427672955974843,-2.1280487804878048,1.2144329896907218,-0.9418604651162791,-0.005396654074473872,-0.12159789288849876,-0.0051177072671443335,0.017676767676767735,0.06548148148148147,-0.13592233009708743,-0.13176895306859215,0.03485477178423246,0.03726857417648466,0.023316062176165664,-0.009708737864077666,-0.03392352328522552
2010-12-31,0.03373249055045591,0.05944734876773716,0.07418579967599581,0.08398797400834068,-0.01958474451479897,0.07364873299213581,0.1215384615384616,0.1215384615384616,0.13450292397660824,0.15294117647058814,0.0,0.0,0.0,-78.0,0.4177970699945741,0.10727969348659006,0.02829218106995879,0.033498759305210735,-0.006395995550611877,0.0393258426966292,0.06756756756756754,0.04170008019246185,-0.05146036161335188,0.022784810126582178,0.009803921568627416,-0.022639765901740216
2011-04-03,0.0171762175449377,0.042929648949668664,-0.00010400956888034774,0.006710208463809542,0.04212976869930918,-0.09336123706545751,-0.15226337448559668,-0.15226337448559668,-0.14432989690721654,-0.16326530612244905,-0.6279863481228669,-1.7459459459459459,-0.7039106145251397,-1.1675324675324674,-0.04936854190585538,0.11117797502632776,-0.013006503251625778,-0.007202881152461038,0.04394066610691305,0.11891891891891881,0.04868549172346648,0.03618167821401075,0.024437927663734094,0.006188118811881305,-0.009708737864077666,0.03600693350141815
2011-07-03,0.007763412276462045,-0.00824602906387295,0.010870130545586942,0.0214184145040881,0.0034589608705051234,0.01038727878943324,0.05663430420711979,0.05663430420711979,0.06626506024096401,0.07317073170731714,1.290519877675841,-0.1811594202898551,2.0283018867924527,1.5348837209302326,-0.13164251207729472,-0.01760086650419712,-0.017739483020780544,-0.01813784764207982,0.03190348525469178,-0.05797101449275355,-0.03342618384401108,0.03491827637444267,-0.00429389312977102,0.009840098400984099,-0.02941176470588236,-0.029051638907901745
2011-10-02,0.0014088306705435372,-0.04314046207319566,0.01816217328668457,-0.08796658835813098,-0.021974865350089745,-0.0032999111562380667,-0.0015313935681470214,-0.0015313935681470214,0.02259887005649719,0.022727272727272707,0.0,0.0,0.0,0.8868501529051989,-0.2860454334724154,-0.10584343991179723,0.0,-0.013546798029556495,-0.006495193556767975,-0.1333333333333333,-0.11719500480307399,0.033740129217516124,-0.023239099185433654,0.004872107186357999,-0.02020202020202022,0.04911098926920965
2011-12-31,0.04415110153256707,0.09458689458689462,0.09409267775026531,0.06325128792215229,-0.028416183273368034,0.1647777919266522,-0.07515337423312884,-0.07515337423312884,-0.06077348066298349,-0.0722222222222223,1.704939919893191,3.5752212389380533,-0.6105919003115265,-2.7974068071312805,0.7201298701298702,-0.0591861898890258,-0.045923632610939014,-0.06367041198501877,-0.030334728033472924,-0.053254437869822424,-0.07181719260065289,0.032638888888888884,-0.06965906303654645,-0.0630303030303031,0.0,0.02949081678363452
2012-04-01,0.012212252386549327,0.009239979177511737,-0.009052699644358175,-0.017227456258411822,0.04700725513905679,-0.17142232425932002,-0.06467661691542292,-0.06467661691542292,-0.07058823529411762,-0.059880239520958,-0.7956564659427443,-0.4893617021276596,-0.5573333333333333,-1.0153291253381425,-0.00641751604379015,0.15432503276539955,-0.02109248242293138,-0.03733333333333333,0.03613807982740025,0.18749999999999978,0.2028135990621338,0.03429724277067936,0.03453730556287904,-0.014230271668822625,-0.020618556701030966,0.026978025962723917
2012-07-01,-0.003002067461553737,0.0010960670535138384,0.004008389652761624,0.11193280379804627,-0.013858813339107878,0.045256630162290534,0.12411347517730498,0.12411347517730498,0.13291139240506333,0.1273885350318471,0.0,0.0,0.0,4.411764705882353,-0.03495440729483279,-0.034345728072665116,-0.002762430939226568,-0.020775623268698085,0.008068714211348027,-0.06842105263157894,-0.024366471734892814,0.033159947984395366,-0.010958205912334429,-0.009186351706036877,-0.010526315789473717,-0.09971047242426379
2012-09-30,0.00852200096582667,0.004250660140400653,-0.014391161041734324,0.0011495196649971007,0.04464939247547939,0.0015147689977279555,-0.05362776025236593,-0.05362776025236593,-0.04469273743016766,-0.039548022598870136,0.0,0.0,0.0,-4.630434782608695,0.13149606299212602,-0.0565843621399178,-0.032686980609418215,-0.03536067892503536,0.04363542473534743,-0.062146892655367325,-0.05794205794205798,0.032095657646318276,0.035815511466116945,-0.02384105960264893,-0.02127659574468077,0.0030590634559573004
2012-12-31,-0.03363096076387906,0.00968383248893745,0.07950638217700523,-0.046994176986795755,-0.20193385650224216,0.018149735316359994,-4.55,-4.55,-4.549707602339181,-4.570588235294117,0.8840579710144927,-1.0454545454545454,1.2289156626506026,0.26347305389221565,0.14683368128044538,0.03053435114503822,-1.143184421534937,-1.1392961876832846,-0.20262246412667007,-0.012048192771084376,0.04559915164369022,0.031097560975609895,-0.17412935323383083,0.0,-0.021739130434782594,0.05950891460744456
2013-03-31,0.008744061325016705,0.03849085365853666,0.0047122474802565595,0.012822719449225417,0.01685689201053564,-0.08343649418172816,-1.268075117370892,-1.268075117370892,-1.2668863261943986,-1.2668863261943986,-0.3538461538461538,-7.333333333333333,-1.0648648648648649,0.06398104265402837,0.13622572815533984,0.03159486016628854,0.019999999999999796,-0.021052631578947434,0.017375116351225683,0.29268292682926833,0.0,0.03311649911295089,0.008132530120481762,0.0,0.0,0.02531552144069682
2013-06-30,0.003525094628564762,0.011498470948012152,-0.0022582186129326276,0.00611776701503941,0.01502331203591778,0.06847649918962717,0.12084063047285465,0.12084063047285465,0.12345679012345667,0.1172839506172838,0.14880952380952372,0.1578947368421053,-20.958333333333332,-0.9732739420935412,0.0032042723631509062,0.061400937866354255,0.019607843137254832,-0.010752688172043001,0.02470265324794152,0.04245283018867907,0.0,0.03205495134516334,0.011353450851508962,0.0,0.0,0.005398790670889664
2013-09-29,0.02130661368805975,0.03507074616035788,-0.0047442872687704085,0.018917321172198243,0.07221844164681857,-0.014536721021362609,0.01718749999999991,0.01718749999999991,0.0219780219780219,0.016574585635359185,-0.1934369602763385,-0.40909090909090906,-0.7807933194154488,24.666666666666668,0.08198030343359064,0.15518431589120518,-0.13076923076923075,-0.1630434782608695,0.06517857142857131,0.12669683257918574,0.0,0.03105934553521905,0.049926144756277546,0.0,0.0,0.01582301138397657
2013-12-31,-0.0006484170167179171,0.04486505432877674,-0.08392372955479754,0.010692084542063718,0.15041650138833806,0.039892252437147224,-0.23963133640552992,-0.23963133640552992,-0.23655913978494636,-0.23913043478260876,2.3319057815845823,1.9038461538461537,0.5714285714285714,3.012987012987013,0.304059040590406,0.07194932472809845,-9.26991150442478,-9.727272727272727,0.18385023749650742,0.008032128514056103,0.0,0.03012372243141459,0.15109735509285316,0.024423337856173566,-0.011111111111111072,0.033831406822667054
2014-03-30,-0.03007221846084407,-0.05154869730515488,-0.012173580942378415,0.03518123667377404,-0.05592717743603892,-0.09658319970395957,0.202020202020202,0.202020202020202,0.22535211267605648,0.22142857142857153,-0.724935732647815,-0.49006622516556286,7.163636363636364,-1.8131067961165048,-0.189586870401811,0.15631620024528936,-0.03049759229534521,0.011904761904762085,-0.0575879159782865,-0.02390438247011939,0.5770791075050712,0.032375979112271525,-0.026643852358836484,0.013245033112582849,0.0,-0.08378783746932095
2014-06-29,-0.0014542493165028425,0.01290969111058704,0.0251788130678523,0.047453061871187474,-0.04170927684441195,0.0204806116876024,-0.09075630252100841,-0.09075630252100841,-0.07471264367816088,-0.07602339181286544,1.0233644859813085,-0.11688311688311692,-0.04528582034149964,-0.5472636815920398,-0.10591247672253257,0.08909459068556558,-0.0656732891832229,-0.038235294117647145,-0.01728024042073628,0.1551020408163264,0.07459807073954994,0.03136064744562472,-0.04043194374686088,-0.02875816993464042,-0.011235955056179803,-0.03296376218468633
2014-09-28,0.028515670511476188,0.057382296455799287,0.05128930372884555,0.10951444562093471,-0.00830856010366643,0.03706181428953714,0.2865064695009243,0.2865064695009243,0.30434782608695654,0.30379746835443044,1.8914549653579678,9.014705882352942,-0.5637636080870918,-3.778021978021978,0.3290809684977871,0.08100929614873831,0.012404016538688722,0.019877675840978437,0.0005096839959224386,0.09893992932862195,0.11909036505086767,0.030407062285433994,-0.03585448835383409,0.021534320323014722,0.0,-0.0470144659895354
2014-12-31,0.0012460706295489565,-0.04193956739501348,0.05493027218510371,-0.06264485344239945,-0.09077632590315143,0.07121661721068251,0.007183908045977017,0.007183908045977017,0.00952380952380949,0.009708737864077666,-1.0279552715654952,-0.5947136563876652,-0.320855614973262,-1.567246835443038,-0.1404505386875612,0.06822276822276829,0.14469078179696626,0.08995502248875575,-0.09169638308711159,0.067524115755627,0.03315508021390379,0.029509757258448177,-0.09174809989142241,0.08168642951251659,0.011363636363636465,0.022123536536132526
2015-04-05,-0.02743600622259934,-0.0606078014591831,-0.028096574003230512,-0.04646934768380484,-0.026122241947755476,-0.06250752739973509,0.021398002853067144,0.021398002853067144,0.028301886792452935,0.028846153846153966,-11.642857142857142,-2.7971014492753623,2.173228346456693,-1.0334728033472804,0.005469462169553241,0.04991183010043687,0.09378185524974514,0.04814305364511706,-0.01738642736960172,0.15662650602409633,-0.046066252587991796,0.03190013869625519,0.001195457262402888,0.032886723507917104,0.011235955056179803,-0.014851094083260907
2015-07-05,-0.021259270030536626,-0.03540851272015655,-0.02129892849333037,-0.030811470408785846,-0.021180555555555536,0.012589928057553879,0.05027932960893855,0.05027932960893855,0.059633027522935755,0.06074766355140171,-0.1906040268456376,-0.8891129032258065,-0.14805624483043833,-16.833333333333336,-0.08612873980054392,0.014824010515554376,0.1211556383970176,0.08398950131233596,-0.0028538812785388057,0.03385416666666674,-0.04069451980466632,0.03091397849462374,0.0002985074626864481,0.06485849056603787,0.011111111111111072,-0.004730975864004505
2015-10-04,-0.020027337017887947,-0.0307487478602676,-0.005898650460273491,0.03698457664463328,-0.048066690315714755,0.014209591474245054,-0.025265957446808485,-0.025265957446808485,0.0,0.004405286343612147,0.36318407960199006,-3.418181818181818,0.2951456310679612,0.736842105263158,-0.16369047619047616,0.02820752680434624,0.06359102244389025,0.03026634382566562,-0.028334287349742304,0.030226700251889005,-0.054864253393665074,0.029986962190351907,-0.0286481647269472,0.005537098560354448,0.03296703296703285,-0.06533999355462472
2015-12-31,-0.029805942995755008,-0.046899529042386146,-0.044367526746381336,-0.05562300804370923,0.00037264766163591645,-0.0231423567675757,0.04229195088676674,0.04229195088676674,0.05627705627705626,0.05263157894736836,-0.5997566909975669,0.6390977443609023,-0.4857571214392804,-0.1106060606060606,-0.17408066429418745,0.009867730422003174,0.04689331770222749,0.04817861339600471,0.016494845360824684,0.03911980440097795,-0.015559545182525558,0.029113924050633067,0.031029185867895492,0.037444933920704804,0.010638297872340496,0.009223342815274593
2016-04-03,-0.009219614338844218,-0.026285086816278946,-0.006538407262806301,-0.0017677782241863893,-0.014527845036319653,-0.010884876424638201,-0.061518324607329866,-0.061518324607329866,-0.04508196721311475,-0.04166666666666674,0.3343465045592706,-0.45871559633027525,0.7390670553935861,0.495741056218058,-0.3152603231597846,-0.09861399861399878,0.022023142963792264,0.020179372197309364,0.0031874818893073975,-0.11294117647058821,-0.13009118541033426,0.031160311603116053,-0.005363528009535212,0.002123142250530785,0.010526315789473717,-0.0245131533993852
2016-07-03,0.002113431329253679,0.013955455314350163,-0.016382575757575735,-0.023182806085486618,0.03902853902853898,-0.007638529259451077,0.057182705718270554,0.057182705718270554,0.06866952789699576,0.0608695652173914,-0.011389521640091105,-0.43220338983050843,-0.7091366303436715,-0.9908883826879271,-0.004195070791819577,0.06373491197047754,0.008765522279035931,0.01758241758241752,0.04043905257076852,0.0610079575596818,0.045422781271837964,0.030218687872763494,0.03684841222288804,0.009533898305084776,0.01041666666666674,0.03800017511601439
2016-10-02,0.028298026377915564,0.06332545530376765,0.027775103494753095,-0.019942315615986805,0.02928603910868577,0.008610567514677037,-0.09894459102902375,-0.09894459102902375,-0.09638554216867479,-0.09426229508196726,0.14976958525345618,0.4477611940298507,-1.0345821325648414,-51.5,0.21274354923644023,0.06128938999710898,-0.030050687907313467,-0.015118790496760237,0.03164908384230958,0.020000000000000018,0.04211229946524053,0.029332304129679798,0.0008668015024557718,-0.008394543546694555,0.0,0.08494306199915647
2016-12-31,0.006244643075792755,0.009805844283192755,0.025525736499461438,0.08013116959556044,-0.030131660334010824,0.06493338507308244,0.16691068814055643,0.16691068814055643,0.16888888888888887,0.16289592760180982,0.6553106212424851,0.48453608247422686,-54.416666666666664,-0.9232673267326733,0.013460703430308252,0.11979024788885861,0.005599104143336753,0.004385964912280604,-0.024219590958019288,0.08333333333333326,0.12828736369467597,0.025871766029246235,-0.03608545034642041,-0.0031746031746031633,0.0,-0.06507541595397304
2017-04-02,0.010312728157702677,0.07554865022334445,0.03343076360979169,0.024832632726140336,-0.035805393586005874,-0.09619822664885214,-0.042659974905897124,-0.042659974905897124,-0.03802281368821292,-0.035019455252918275,-0.3547215496368039,-0.4097222222222222,-0.0546021840873635,-6.354838709677419,-0.07112253641816624,0.11427355105516024,0.015590200445434466,0.004366812227074135,-0.032542746828461144,0.14253393665158365,0.09437180216031837,0.030701754385964897,-0.045522611560347426,0.02547770700636942,-0.020618556701030966,0.04948024948024954
2017-07-02,0.01752431423323597,0.03081738293005909,0.009413116492840823,0.02567413596657797,0.03486723991306806,0.031447386104018316,-0.01834862385321101,-0.01834862385321101,-0.011857707509881354,-0.012096774193548265,-0.10506566604127576,0.2941176470588236,0.10561056105610556,0.8795180722891567,-0.1439114391143912,0.06647745879270817,-0.001827485380117011,-0.018478260869565166,0.04247434435575825,0.10297029702970306,0.04623376623376618,0.029787234042553123,0.016943834326953233,-0.0031055900621118626,-0.010526315789473717,0.004992076069730622
2017-10-01,0.03317255052821588,0.05570477636342397,0.02228448841994668,-0.021772939346811793,0.05588020452885312,-0.01237785016286641,0.020026702269692942,0.020026702269692942,0.02400000000000002,0.02857142857142847,0.8259958071278826,2.536363636363636,-1.5895522388059702,-3.7756410256410255,0.46659482758620685,0.024667349027635677,0.02123764188941779,0.009966777408637828,0.059064807219031845,-0.01795332136445249,0.02383316782522349,0.02892561983471076,0.021906818883060675,0.03219106957424711,-0.02127659574468077,0.07923992746195707
2017-12-31,0.003780718336483968,0.013716814159292046,0.011177730192719393,-0.00832765538647895,-0.011155309581459716,0.09195250659630605,-0.16753926701570676,-0.16753926701570676,-0.1640625,-0.1626984126984128,0.0,0.0,0.0,-0.6524249422632795,0.09588537839823652,0.02512236539806212,-0.06202940121907485,-0.06798245614035081,-0.005680351148980134,-0.031078610603290646,-0.006789524733268659,0.028112449799196693,-0.014794685990338174,-0.05432595573440646,-0.021739130434782594,0.02220923436586797
2018-04-01,0.062004223021172145,0.11654299432562198,0.0776756596501631,0.16360027483013972,0.029645824223873962,-0.0896460070073698,0.2562893081761006,0.2562893081761006,0.26168224299065423,0.2559241706161137,-1.5694603903559128,-0.7300771208226221,3.941772151898734,3.4817275747508303,0.4522292993630572,0.04628501827040199,-0.014143730886850059,-0.016470588235294237,0.02934302778499087,0.05283018867924527,0.0966796875,0.0302734375,-0.03064664419246077,0.009574468085106425,-0.022222222222222254,-0.04045168667810173
2018-07-01,0.2668798194470565,-0.03112783424550425,0.3817252898408332,0.08732449809736265,0.01868523866145755,0.21911081619110817,-0.016270337922402955,-0.016270337922402955,-0.0185185185185186,-0.9169811320754717,0.0,0.0,0.0,-2.826538176426983,-0.5701754385964912,-0.03618160651920843,-0.010081426909654856,-0.07416267942583732,0.021190716448032276,-0.06451612903225812,-0.052983081032947466,0.02938388625592414,-0.19570028453999366,-0.03477344573234986,-0.045454545454545525,-0.10896767466110535
2018-09-30,-0.0040083135391923985,0.006607151863620375,-0.0270208771830025,-0.05333976950461594,0.06344839086209775,-0.010015240583496676,0.08269720101781175,0.08269720101781175,0.08679245283018866,11.954545454545455,0.0,0.0,0.0,-0.6517857142857143,-0.4575725026852846,-0.05541598222050437,0.003525264394829364,-0.0452196382428941,0.06398221343873534,-0.07471264367816088,0.22566995768688303,0.028545119705340793,0.0676100628930818,-0.01637554585152845,-0.023809523809523836,0.06336203293488274
2018-12-31,-0.0331111726252582,-0.08863613588535924,-0.0155519176800748,-0.060551979093632524,-0.08020384163073302,0.14119199472179456,0.06815511163337251,0.06815511163337251,0.07638888888888906,0.9298245614035088,0.0,0.0,0.0,-0.9452214452214452,-0.046534653465346576,-0.1008132576338805,0.08235753317720529,0.02435723951285529,-0.05502670071975846,-0.15527950310559002,-0.13885692366705027,0.027752909579230156,-0.04860088365242998,0.025527192008878874,0.0,-0.029871865419385246
2019-03-31,0.045322410147991654,0.03727527626587501,0.0462050124717901,0.04362575480018993,0.04278895329014665,-0.1076315282328002,-0.18041804180418042,-0.18041804180418042,-0.1645161290322581,-0.5345454545454545,0.6028225806451613,0.7809523809523808,-0.6429303278688525,5.170212765957447,-0.30114226375908615,-0.06541524459613202,-0.025604038946988816,-0.07001321003963012,0.04054054054054057,-0.009803921568627416,-0.3478841870824053,0.029616724738676048,-0.002708978328173517,-0.06060606060606055,-0.012195121951219412,-0.006077303297949976
2019-06-30,0.012809168668099336,0.0365717920178088,-0.0009934150772025196,0.17110908854505258,0.052558443681543165,0.031746031746031855,0.08187919463087256,0.08187919463087256,0.08108108108108114,0.08203125,-1.3660377358490565,-0.05882352941176472,-1.096126255380201,-1.1,0.043090638930163516,0.07522824102251979,-0.011843079200592133,0.0014204545454543638,0.05265643447461632,0.03217821782178221,0.0840163934426228,0.02876480541455151,0.039580908032596174,-0.003456221198156806,0.012345679012345512,-0.11487037338985795
