Quarter end,Assets,Current Assets,Liabilities,Current Liabilities,Shareholders equity,Revenue,Earnings,Earnings available for common stockholders,EPS basic,EPS diluted,Cash from operating activities,Cash from investing activities,Cash from financing activities,Cash change during period,Cash at end of period,Price,ROE,ROA,Book value of equity per share,P/B ratio,P/E ratio,Cumulative dividends per share,Equity to assets ratio,Net margin,Asset turnover,Current ratio
1996-03-31,-0.03637222484648084,-0.03646892535491264,-0.06086026348384188,-0.024013377926421442,-0.034911025931313455,1.8318356867779202,0.12553230883169775,0.12553230883169775,0.023809523809523725,0.96,0.716802348858935,-2.1482190550473894,-0.9956639635721778,5.0861283266496535,2.705493882181347,-0.1121495327102805,-0.7953846153846154,0.1470588235294117,-0.030303030303030276,-0.19791666666666663,-0.4282310899344848,inf,0.0014835223058176084,0.23345259391771012,0.41666666666666674,-0.012761575700788508
1996-06-30,-0.03637222484648084,-0.03646892535491264,-0.06086026348384188,-0.024013377926421442,-0.034911025931313455,1.8318356867779202,0.12553230883169775,0.12553230883169775,0.023809523809523725,0.96,0.716802348858935,-2.1482190550473894,-0.9956639635721778,5.0861283266496535,2.705493882181347,-0.1121495327102805,-0.7953846153846154,0.1470588235294117,-0.030303030303030276,-0.19791666666666663,-0.4282310899344848,inf,0.0014835223058176084,0.23345259391771012,0.41666666666666674,-0.012761575700788508
1996-09-30,0.03778457691801562,0.03881140084899948,0.051855404352256995,0.10026728805428009,0.03696754722760809,10.175883952855848,-1.7657509458792564,-1.7657509458792564,-1.697674418604651,0.96,-0.994014303482587,-1.1822080417181282,-1.3584070796460177,-1.201229465235036,-0.14692375818672843,-0.2210526315789474,-0.7953846153846154,0.1470588235294117,0.03125,-0.19791666666666663,-0.4282310899344848,inf,-0.0007406623637710164,0.23345259391771012,0.41666666666666674,-0.055858465523463185
1996-12-31,-0.015127835280318247,-0.020787471422934023,0.08360879972643342,0.00280303974087448,-0.020943339856797083,-0.7655147237770747,-1.8680988184747584,-1.8680988184747584,-2.0,0.96,-52.55844155844156,0.19762756543023907,-16.530864197530864,-0.10478139534883724,-0.15418186012829793,0.06756756756756754,-0.7953846153846154,0.1470588235294117,-0.06060606060606066,0.03463203463203457,-0.4282310899344848,inf,-0.0059296908089793154,0.23345259391771012,0.41666666666666674,-0.02352392969523065
1997-03-31,0.0055588995503310645,0.0016019823282364953,0.4246042181665177,0.5448785638859557,-0.021758211616265566,-0.05448884276076804,-0.01658005444196986,-0.01658005444196986,-0.09999999999999987,0.96,-0.36171284634760703,-0.023488350155645654,-0.6608373078961314,0.1322997630824223,-0.20640380652200263,0.12658227848101267,-0.7953846153846154,0.1470588235294117,0.0,0.2008368200836821,-0.4282310899344848,inf,-0.027162334895611373,0.23345259391771012,0.41666666666666674,-0.35166001801569946
1997-06-30,0.13303457106274008,0.13734396509872515,-0.13778335671564645,-0.13449398898315312,0.15874440090566888,2.6088547383827296,-1.3410920986411676,-1.3410920986411676,-1.3333333333333333,0.96,-1.3307024467245463,-0.8025180319422978,31.1796875,-2.2561118860582923,0.3266979817074336,-0.0561797752808989,-0.7953846153846154,0.1470588235294117,0.12903225806451601,-0.055749128919860724,-0.4282310899344848,inf,0.022665060768641165,0.23345259391771012,0.41666666666666674,0.31407234654890104
1997-09-30,-0.01640298338795343,-0.016161946918178627,-0.04299049413376721,-0.03465576512124868,-0.014524842259366122,-0.7497211801683058,-4.810770933234968,-4.810770933234968,-4.888888888888889,0.96,10.159904534606206,13.375346486222078,-0.8974265598446225,-3.7262924106490547,-0.6713466368261598,0.30952380952380976,4.766917293233083,0.1470588235294117,-0.02857142857142847,0.15867158671586723,-0.4282310899344848,inf,0.001927194860813719,0.23345259391771012,-0.3529411764705883,0.01915730513861358
1997-12-31,0.011245023753855943,0.011137856230126975,0.5535570469798659,0.6068816169393647,-0.025957324035309592,1.006886773344136,0.20269093021004747,0.20269093021004747,0.2857142857142858,0.96,0.3049615055603079,-0.9480286738351255,-0.2648520710059171,-0.8533620606489372,-0.2995401795489381,0.09999999999999987,0.1590612777053455,0.1470588235294117,-0.02941176470588236,0.13375796178343946,-0.4282310899344848,inf,-0.03675999145116482,0.23345259391771012,0.09090909090909083,-0.37074453961059417
1998-03-31,-0.0075212529362141956,-0.00838187493020004,0.09457980531075405,0.10439938905693147,-0.018692472277979655,0.3685910375454178,-0.4057142857142857,-0.4057142857142857,-0.4444444444444444,0.96,-0.4444444444444444,-2.7937581841990395,-0.7153895685769478,-1.169809941520468,0.07261644263832445,0.0,-0.03937007874015752,-0.04517704517704513,-0.030303030303030276,0.030898876404494402,-0.4282310899344848,inf,-0.011315731084978853,0.23345259391771012,0.16666666666666674,-0.10211872307435643
1998-06-30,-0.0461220132733865,-0.04627659259171446,-0.135610166815766,-0.13450117959703878,-0.035200616540629115,-0.48112094395280236,1.0102925243770313,1.0102925243770313,0.96,0.96,-0.15737463126843654,-0.36099282151113277,2.584841628959276,0.1657339647008178,0.07892052574825859,-0.03305785123966942,0.6791569086651053,0.6636828644501276,-0.03125,-0.0027247956403269047,-0.4282310899344848,inf,0.011445242369838349,0.23345259391771012,-0.2857142857142857,0.1019399967211323
1998-09-30,-0.04980723361485728,-0.0504083383054893,-0.024564714477048555,-0.019394053325813787,-0.05256729005867811,-0.5682205798749289,0.18290218270008074,0.18290218270008074,0.18367346938775508,0.18367346938775508,2.1388062314020653,3.4851485148514856,-0.8352792679078573,1.2695716395864105,0.16601388401177708,-0.3504273504273504,0.20013947001394694,0.1875480399692544,-0.06451612903225812,-0.3306010928961748,-0.4282310899344848,inf,-0.002884402041269052,0.23345259391771012,0.0,-0.03163000138858596
1998-12-31,-0.04371274123471758,-0.05648769025856515,0.008363239194882244,0.014441817368521903,-0.04957510565272838,1.9414088215931535,-0.07238453214875562,-0.07238453214875562,-0.08620689655172398,-0.08620689655172398,-0.09112201650680352,-0.8718373238240789,3.9559386973180075,-2.7396680767979174,-0.24768920703315034,0.23684210526315774,0.11679256246368386,0.11456310679611637,-0.06896551724137923,0.3224489795918368,-0.4282310899344848,inf,-0.006119270137961763,0.23345259391771012,0.0,-0.06992512777442039
1999-03-31,-0.04702172621013012,-0.05642190697513094,-0.08139139046204313,-0.07691338582677165,-0.042916757531963,-0.44751566696508505,-0.03075884086444003,-0.03075884086444003,-0.037735849056603765,-0.037735849056603765,0.0591483617621793,11.836700894335873,0.7321221492075762,-3.4291994014216236,0.7997844495765973,0.5425531914893618,0.20395421436004146,0.20615563298490125,-0.03703703703703709,0.6574074074074074,-0.4282310899344848,inf,0.004365834546065095,0.23345259391771012,-0.20000000000000007,0.022201176133735512
1999-06-30,-0.05716532868591462,-0.06099770992085807,-0.08280834147491833,-0.07813566261771532,-0.05422575462662593,0.758152724326514,-0.04763412934693101,-0.04763412934693101,-0.05882352941176472,-0.05882352941176472,0.3342602247711737,-0.7899829694999225,-0.6018745815666147,-1.5047164362992338,-0.2242848343826992,-0.048275862068965614,0.05574762316335358,0.05536831969186329,-0.03846153846153855,-0.011173184357541999,-0.4282310899344848,inf,0.0031208203299153414,0.23345259391771012,0.125,0.01859472969770115
1999-09-30,0.6507129207702484,0.5176336568160376,4.487346189164371,1.1038196757717076,0.22419404234467843,3.4228110599078345,1.019620884602594,1.019620884602594,0.45833333333333326,0.45833333333333326,-0.41550885724209796,-6.485194741368718,7.295403587443946,2.3036082081013043,0.5614151172279935,0.6376811594202898,0.18092509209987706,0.07709854014598538,-0.16000000000000003,0.7024482109227872,-0.4282310899344848,inf,-0.2584444444444445,0.23345259391771012,1.1111111111111112,-0.2786309599356941
1999-12-31,-0.027569502573509763,-0.040489787916776265,-0.06611420883173913,-0.15770306644851428,-0.008362269387156007,2.0469393071112267,-0.825489873209287,-0.825489873209287,-0.8857142857142857,-0.8857142857142857,-0.34675382558312284,-0.5844682376131172,-0.8032975201027096,-0.4508509017018034,-0.3359371689291314,-0.2345132743362831,-0.16256499133448865,-0.22151630664972477,0.0,-0.08849557522123885,-0.4282310899344848,inf,0.019778243931675155,0.23345259391771012,1.4736842105263155,0.13915606122808044
2000-03-31,-0.005691287705353432,-0.011761353402458763,-0.044704550015768785,-0.10869519811182826,0.012617224816005912,-0.6133946585507644,0.08718626155878462,0.08718626155878462,0.625,0.625,-0.367864453036161,-0.2688803838068029,2.1202335967021644,-0.5914977714237659,-0.2066537618855162,0.17341040462427726,-0.1821192052980133,-0.22850924918389548,0.0,0.17354368932038833,-0.4282310899344848,inf,0.018366147516897025,0.23345259391771012,0.1276595744680853,0.10875860737499199
2000-06-30,0.0050999028370655175,0.010448686909354077,0.007885713428221974,0.04586038009982896,0.0038665572692273553,0.10519216310645252,-0.2733900364520049,-0.2733900364520049,-0.3076923076923077,-0.3076923076923077,-1.0946213347724412,-0.9739733097397331,-0.5268083232412198,-1.5603705609881626,0.14596739596739594,-0.07881773399014769,-0.23076923076923073,-0.2679830747531735,-0.04761904761904756,-0.0796277145811789,-0.4282310899344848,inf,-0.0011542345981820912,0.23345259391771012,0.07547169811320731,-0.03386151256602221
2000-09-30,-0.0014248505854028704,-0.004326323809318744,-0.554715997915581,0.13448353125700208,0.24451121251327734,-0.0978410932591689,3.1958910654562827,3.1958910654562827,3.2222222222222223,3.2222222222222223,-19.55703422053232,3.0084985835694047,1.4951140065146582,-0.8835415135929463,0.01483387927000468,0.5401069518716577,-0.3236842105263158,-0.27456647398843925,0.25,0.6179775280898876,-0.4282310899344848,inf,0.24628051422793584,0.23345259391771012,0.03508771929824572,-0.12235065122314615
2000-12-31,0.5555762017824575,0.6055537529742592,4.466438184401906,0.1502212039816717,-0.06640787024727468,0.22568697465013643,0.6661922113413801,0.6661922113413801,-0.1842105263157895,-0.1842105263157895,1.3981149472390122,47.67279151943463,21.84035807534502,241.77287066246058,3.54862359939134,-0.06597222222222221,0.6605058365758754,0.5192563081009296,-0.07999999999999996,-0.25277777777777777,-0.4282310899344848,inf,-0.3998609179415855,0.23345259391771012,-0.3389830508474576,0.39586556232459436
2001-03-31,-0.030311208245403676,-0.039441022031061035,-0.011529933481152943,-0.052130911088979714,-0.04780077693350493,0.04652130643264263,-0.2577139928241927,-0.2577139928241927,-0.25806451612903225,-0.25806451612903225,0.29220779220779214,0.32132071088395864,-0.9941904139789336,-1.7789147468132382,-0.6076728909433733,-0.22676579925650553,0.24956063268892792,0.15209790209790208,-0.0434782608695653,-0.1598513011152417,-0.4282310899344848,inf,-0.01796060254924703,0.23345259391771012,-0.02564102564102566,0.013387471680348373
2001-06-30,-0.03175904310731581,-0.04240521198222935,-0.0029640630559552017,0.026955545088946042,-0.05959502303044806,-0.12360813334255483,0.49090825392441184,0.49090825392441184,0.4782608695652175,0.4782608695652175,0.0385810632107908,-0.8867717193028725,7.214335910049192,-0.7457481503724278,-0.3938090254899681,0.36057692307692313,0.37552742616033763,0.2723823975720787,-0.045454545454545525,0.4225663716814161,-0.4282310899344848,inf,-0.02890855457227126,0.23345259391771012,-0.07894736842105265,-0.06754350308731571
2001-09-30,-0.005853969610248422,-0.0029000844027089467,0.03894217789459642,0.26554947962603626,-0.051765978086287245,0.004498194803401301,-0.22203353197270514,-0.22203353197270514,-0.23529411764705888,-0.23529411764705888,-0.010058889065732934,-2.718555900621118,-0.6817520746000514,-0.6858801915884785,-0.20406640949681376,0.20848056537102466,0.14042263122017729,-0.005963029218843174,-0.09523809523809523,0.2667185069984448,-0.4282310899344848,inf,-0.04617253948967193,0.23345259391771012,-0.05714285714285705,-0.2121186959635485
2001-12-31,0.2557150418289398,0.2995774934953095,0.02256000669064151,0.11670662355040151,0.5175371219464746,0.4599037611705785,-6.22213843467217,-6.22213843467217,-3.6538461538461537,-3.1153846153846154,-1.1488793851892343,4.894398012197876,3.4940860215053764,-14.054099216710183,3.346891233331548,0.17251461988304095,-1.4465032875074715,-1.4607078584283144,0.5263157894736841,0.29588704726826287,-0.4282310899344848,inf,0.20870488322717629,0.23345259391771012,0.030303030303030276,0.16375971545250945
2002-03-31,-0.008869054059834958,-0.010052856975326319,-0.03375502776406536,-0.13773606101077174,0.009961607914471982,0.05495688205459359,-1.0292604330544093,-1.0292604330544093,-1.0289855072463767,-1.0363636363636364,-5.99244060475162,-1.410488800321907,0.064002871156837,-1.3780451705295498,-0.29107608153308817,0.05985037406483795,0.23427041499330659,0.2812500000000002,0.0,-0.30554239696826146,-0.4282310899344848,inf,0.018970665729843628,0.23345259391771012,0.0588235294117645,0.14807394075231217
2002-06-30,0.035843181163256244,0.03665056719246862,0.027639641709467755,0.19701224631597225,0.04178192513743473,0.3946516017139359,-6.11974025974026,-6.11974025974026,-6.0,-6.0,-1.0523469608479343,-0.9087429398310227,-0.3502923319091522,-1.1464457283135463,0.06012894704829441,-0.02588235294117658,0.5748373101952275,0.6392276422764227,0.034482758620689724,-0.02592087312414737,-0.4282310899344848,inf,0.005688674366488566,0.4158810732414795,0.13888888888888884,-0.13396501745183498
2002-09-30,0.07384444564274273,0.08510263340139312,0.03960157206062309,0.03366710201712375,0.09829718760765993,0.2251309857995849,0.05306681548374015,0.05306681548374015,0.09999999999999987,0.0,49.219834710743804,6.060869565217391,-0.3342562948862161,4.556502890173411,-0.0032621346491156222,-0.04347826086956519,0.21418732782369165,0.2734035957842529,0.10000000000000009,-0.07563025210084029,-0.56,inf,0.02279739458347607,0.08732394366197171,0.1707317073170731,0.04975237661524434
2002-12-31,0.4701475759135476,0.5019761842831494,1.0284268728176165,0.2271514811175066,0.09278750796149415,0.08242028898973008,0.7092547092547092,0.7092547092547092,0.6363636363636362,0.5999999999999999,-0.415001810222822,-5.353303390321646,44.43410449701066,11.8819276481756,4.073111966318005,0.11616161616161613,-0.5964265456608054,-0.627555988315482,0.09090909090909083,0.014393939393939403,-0.235479797979798,inf,-0.2567454332160215,-0.6361281205840792,0.04166666666666674,0.2239574860365492
2003-03-31,-0.2681396975429733,-0.2967721497600865,0.034520856757835006,0.23948442207222675,-0.6478775372325809,0.1384431864411455,-13.346853068012063,-13.346853068012063,-13.277777777777779,-14.8125,-0.41088106222572296,-5.562536401910372,-0.9296306891323626,-2.0083400124767072,-0.8095783807265318,0.05203619909502266,-6.7463106113843985,-5.826143790849673,-0.6388888888888888,-0.03510082150858851,1.258670520231214,inf,-0.5188275084554679,0.0,0.1200000000000001,-0.4326436577909708
2003-06-30,0.14011052536673851,0.15774824524627817,0.008452132450902594,0.050587638064178764,0.6254237456631309,0.4467762938735955,-1.2291315682541422,-1.2291315682541422,-1.2262443438914028,-1.2081447963800904,1.8384108490115558,-0.9576969579814463,-0.04622139111345991,-1.1038694254125505,0.44160133472935126,0.31612903225806455,-0.15140026904732795,-0.27085590465872156,0.5384615384615385,2.6439628482972135,0.0,inf,0.42549203373945654,0.0,0.1607142857142856,0.10200065595277152
2003-09-30,0.08678230321659908,-0.03815636702079639,0.002611465308829608,-0.023332772038743954,0.2792792792792793,-0.16116716205467407,-0.27174909337265374,-0.27174909337265374,-0.28,-0.28260869565217395,-0.08633626055650889,5.052118808466612,-0.13830875458187708,-2.272948070473033,-0.38993829529686164,0.2663398692810457,-0.1298457991064994,-0.23922734026745907,0.30000000000000004,-0.17693288020390818,0.0,inf,0.17718606180144625,0.0,0.030769230769230882,-0.015178571428571375
2003-12-31,0.3309369331270797,0.36559017990349485,-0.26414860317760924,0.39349485015217156,1.3975550519682933,0.31513884175433704,1.63465853124658,1.63465853124658,1.6388888888888888,2.909090909090909,0.8396796170134413,-0.8902778668148243,-0.3167631201464114,-2.3840818922438594,0.8846753196472992,-0.09677419354838712,-0.7553825770122558,-0.703125,1.2692307692307692,-0.30529032258064515,0.0,inf,0.8014521083496231,0.0,0.08955223880596996,-0.020031947502482383
2004-03-31,0.07769877830248761,0.10199557942267079,-0.015084785083045116,-0.05436402270098717,0.1287401268627102,0.17308181255858246,-0.40582502090007944,-0.40582502090007944,-0.43157894736842095,-0.6124031007751938,-0.017084863831533403,8.900545312905738,-0.21132266705277636,-1.4281525568368307,-0.20097679219798792,0.05428571428571427,-5.517264725795532,-6.77467105263158,0.1186440677966103,-0.5352897473997029,0.0,inf,0.04743450627809631,2.0731391585760517,0.013698630136986356,0.1653523650087374
2004-06-30,0.07934542190433791,0.09803629210889642,-0.0039030224962046667,-0.005461092559830294,0.11930603119697336,0.034273939190041736,-0.02594644667389101,-0.02594644667389101,-0.03703703703703709,-0.020000000000000018,0.24725576848665054,-0.47283421197576525,1.6434734716357626,-2.813716972453621,0.456200790564643,0.03252032520325199,-0.2285671462829736,-0.09769296496724578,0.1212121212121211,-0.0767386091127098,-0.7840233982268532,inf,0.03699866804795038,-0.052653748946925094,-0.05405405405405406,0.10407399473266388
2004-09-30,0.09798851734645964,0.11463229610595804,0.0907068855947859,0.24422149643365798,0.10109906933835666,0.02022069172593688,0.015978969845414026,0.015978969845414026,-0.5,-0.4897959183673469,0.3604271438834825,0.3718297946440787,-0.4227376901173693,0.055073403026289824,0.33053499468139114,0.07086614173228356,-0.13872158538954737,-0.04419191919191923,0.09459459459459474,-0.045021645021645185,0.05840033855268745,inf,0.0028542885685742814,-0.03001333926189409,-0.014285714285714346,-0.10415905770635492
2004-12-31,0.08575769662321542,0.08336051944309575,-0.5171255614799357,0.1651618657080074,0.34086543699006366,0.13304638137019564,-0.026457082303073087,-0.026457082303073087,-0.03846153846153855,0.0,-0.2555750258047481,0.33856797018795737,0.3440206929740135,-1.274293268524577,-0.06814065350804444,0.09068627450980404,-0.284231897135123,-0.22159841479524445,0.28395061728395055,-0.0036264732547596212,0.023990403838464625,inf,0.23495090365732185,-0.22255328902131566,0.0,-0.07020002548095317
2005-03-31,0.09903695007752922,0.11923593848496017,0.07380099687468222,0.06615033161966921,0.10288250612548588,0.16458730738531058,0.4251387830630238,0.4251387830630238,0.3999999999999999,0.3600000000000001,0.8317506126660648,0.5410344640728297,-0.2323770308373987,-1.0502409814517306,0.0036737875966950106,-0.061797752808988804,-0.05956508036558472,0.0038184132371659185,0.09615384615384603,-0.2693357597816197,0.31081608746583367,inf,0.003457017746024471,0.0032429245283018826,0.01449275362318847,0.04979446423677736
2005-06-30,0.13447279427621983,0.15195117097308342,-0.035249615360744224,-0.033413638567236226,0.15965380603988066,0.1506805076043065,0.24729971421842878,0.24729971421842878,0.22857142857142865,0.2058823529411764,0.283485531961712,-1.795935052262358,2.495656229957437,494.8110465116279,1.814837146778936,0.21077844311377247,0.00100536193029499,0.05959425190194412,0.1491228070175441,0.10460772104607718,0.1102174560619602,inf,0.02216352779053743,0.04496032912136361,0.014285714285714235,0.19176651786879662
2005-09-30,0.08577426403790911,-0.036524769164968385,0.016980429335681002,0.025559937210459793,0.09426548432906734,-0.0036707324706372058,-0.08539703113279273,-0.08539703113279273,-0.09302325581395343,-0.07317073170731703,-1.4945617885063778,-1.4652971062513807,-0.5015178303365914,-1.3926226897046379,-0.2531394197208229,0.10583580613254218,-0.038165383327753655,0.01196649381731163,0.09160305343511443,-0.03833145434047347,-0.03997853501475723,inf,0.007864284911807573,0.01012373453318327,0.0,-0.060532714169934
2005-12-31,0.2898449130344658,0.3457752593337293,1.4533402140800051,0.6998723242218123,0.1563775383546,0.23470415502248443,0.5711591680057133,0.5711591680057133,0.5897435897435896,0.5526315789473684,-3.360393527184991,5.661056779339157,10.206083115840192,-1.5733862296909844,0.19434237298429946,0.1323792486583184,0.12182387747998602,0.09302325581395343,0.14685314685314688,0.0375146541617819,0.02571268865287868,inf,-0.10344443205885634,0.11720489977728277,-0.028169014084507116,-0.20831438930274304
2006-03-31,0.07221997470681885,0.091584071964111,-0.12044409280839441,-0.07342896924921705,0.11910879859751944,0.13723398318632585,-0.06710889837430134,-0.06710889837430134,-0.08064516129032262,-0.06779661016949146,-0.34823130630432164,0.229423021413528,-0.9260178259506427,-4.8131103992499416,-0.6204660742209848,0.1563981042654028,-0.001241079739373152,-0.010818608005769947,0.13414634146341475,0.009039548022598876,-0.07220708446866497,inf,0.04364043267437534,0.00024919013207069796,-0.014492753623188248,0.17808864673833025
2006-06-30,0.2831919661769231,-0.26175703360041236,2.057660529438176,0.20399238687565635,-0.056220714535093586,-0.010934103839348341,0.009310859370241786,0.009310859370241786,0.01754385964912286,0.0181818181818183,0.19831541186332213,-0.674305863529248,22.812366307462565,-2.401916054239634,2.2918671862496605,0.014344262295082011,0.004349176762969753,-0.09332847247539189,-0.05913978494623662,-0.10638297872340419,-0.09603524229074878,inf,-0.2644746247319515,-0.007224713502740343,-0.08823529411764708,-0.38683065846707676
2006-09-30,0.023067976820046354,0.6182231088391885,0.00936957230385116,0.14540482865062376,0.03155682110275637,0.0925591928813867,-1.1967339241938526,-1.1967339241938526,-1.1896551724137931,-1.1964285714285714,-0.056942673721977144,1.6126945137878406,-0.974477922843937,-1.5275800133815762,-0.3673123040446651,0.07138047138047132,-0.27435818125579947,-0.33373542420587055,0.02285714285714291,0.13909774436090228,-0.005847953216374213,inf,0.008260447035957519,-0.3053952321204517,-0.032258064516129115,0.41279354207436403
2006-12-31,-0.22893390842122818,-0.3975781172502728,0.13496012102172572,0.31357495071576014,-0.4495872779136846,0.200996884069488,30.9309677171996,30.9309677171996,31.909090909090907,31.909090909090907,0.9122341061900319,-0.5955499767518304,0.29014477354230306,-1.7893243122612499,0.45824904392580157,0.033312382149591535,-2.734015345268542,-2.5443572721786363,-0.45251396648044695,0.00990099009900991,0.35163398692810444,inf,-0.28610441767068273,0.0,0.08333333333333348,-0.5413961273194241
2007-03-31,0.12956447912998126,0.004673543536447777,-0.016545660128364004,-0.07038033380611197,0.3122516822546233,0.14368356786836678,-1.2445938425128493,-1.2445938425128493,-1.2430939226519337,-1.2348066298342542,0.022908898287411272,1.4863393270728933,-0.06218149997426259,-1.3387513795349164,-0.10645129269724407,0.05717761557177603,-0.03908554572271383,-0.14810472840953504,0.30612244897959195,0.9313725490196079,0.0,inf,0.16156615661566143,0.0,0.07692307692307687,0.08076390636798392
2007-06-30,0.045586938797442134,0.0027104446153525252,0.04658798763828553,0.05804336749774097,0.04464890150960321,0.019115545054111616,0.0012837285564557543,0.0012837285564557543,-0.5,-0.5058823529411764,0.04327890510160182,-0.6928989162154426,-20.48553707667819,-0.683485868876993,-0.03770733272805571,0.15189873417721533,-0.07521105141980056,-0.1206422018348623,0.046875,-0.1178793006204174,0.0,inf,-0.0007748934521502049,0.0,0.12857142857142878,-0.05231288754330299
2007-09-30,0.10190995030855121,0.03999266092235376,-0.00042238747781608854,-0.08019688050816454,0.1979789181712155,0.010222414317867967,-0.02356041477704507,-0.02356041477704507,-0.022727272727272707,0.0,-0.5091114103192951,1.2100903365283862,-1.1525378372820818,3.2743871390121484,-0.16749139169498095,-0.04395604395604391,-0.48271092669432913,-0.49973917579551386,0.19402985074626855,-0.08695652173913049,0.0,inf,0.08724311748739799,0.0,0.08860759493670889,0.13067518584505744
2007-12-31,0.09725128465512944,0.18987852071654587,-0.0433710231918929,0.06484447651925906,0.1603520639067424,0.03392510221448175,0.008342559606747457,0.008342559606747457,0.0,0.0,1.0381770555498053,-0.6756584102331199,-0.7167786970010341,-4.267171545268891,0.6573182590117235,0.15830721003134807,-4.054010695187166,-4.2711157455683,0.1625000000000001,-0.02941176470588236,0.0,inf,0.05741797432239659,0.37969653179190765,-0.04651162790697683,0.11742012605955243
2008-03-31,0.007590258034838371,-0.02642908940089006,0.09178326255456093,0.27534548911751733,-0.037719184159491825,0.14928799340107046,0.23524681183740737,0.23524681183740737,0.2325581395348839,0.2142857142857144,0.1271753524510435,-0.05200960177263492,-44.11853687161766,-1.6386167237041551,-0.25328534861572216,0.0577356788452863,-0.02661530379968502,-0.006056742110296276,-0.032258064516129115,-0.09018759018759015,-0.3271276595744681,inf,-0.04502529510961206,0.0005236973029587588,0.0,-0.23661560904449308
2008-06-30,0.10859222218461184,0.244591974173215,0.08714331976503487,1.6105654389486745,0.13297654109558188,0.01587487044490654,-0.1074301539726723,-0.1074301539726723,-0.09433962264150952,-0.0980392156862745,-0.26127971332425337,-1.2020841449162447,-0.9263370073596457,-2.617910946892766,0.54879482738586,0.13560767590618328,-0.07609282245008098,-0.05259781911481731,0.13888888888888884,0.1728786677240286,0.08120733021918802,inf,0.022073106127494135,-0.029573410102067488,-0.024390243902438935,-0.5232498885279318
2008-09-30,0.07007546087660188,0.1791328609734022,0.010740557377803217,-0.48634743368304767,0.1043641352252318,0.07287471882640584,0.13815070411085117,0.13815070411085117,0.14583333333333348,0.13043478260869557,0.30236633092040144,-13.81437751004016,2.6468982222769637,-0.7735780094022157,0.08022961792570382,-0.08524220803604954,-0.024532710280373737,-0.009140148950575466,0.11707317073170742,-0.19675456389452328,-0.10535061482219998,inf,0.03196268140981351,-0.005393743257820938,-0.012499999999999956,1.2955441245240165
2008-12-31,0.006372983117029163,-0.006102134129077674,-0.00279976512563318,-0.030292248481893158,-0.003222105134292441,0.04152142396672276,0.12735786351325884,0.12735786351325884,0.1272727272727272,0.1730769230769229,0.16356307533811099,-1.747701189050953,2.648453463173004,1.7818313387141664,0.20660909656166893,-0.09852216748768472,0.04131736526946117,0.041339255210112835,-0.004366812227074357,-0.1927609427609428,-0.14598811292719183,inf,-0.00954294324460081,0.02196312364425168,0.025316455696202445,0.024969442989348556
2009-03-31,0.07143046436498346,0.07339845930998457,-0.06376396938808726,0.03341954738442188,0.15691849246006062,0.07159686459576875,0.03681489068874355,0.03681489068874355,0.048387096774193505,0.032786885245901676,-0.007275203937897601,-2.3764602326312483,-0.7751486501914633,-0.1822249257637727,0.14002858901036253,0.06921675774134783,-0.04504504504504514,-0.014763779527559029,0.16228070175438614,0.07403545359749741,-0.02740321879077856,inf,0.07978363759296836,-0.004510480233483771,-0.012345679012345734,0.03867120954003411
2009-06-30,0.11531754219529633,-0.13314976553944347,0.22795689816037612,0.4090079466031382,0.08029867889624853,0.07624831749931382,-0.03006898518448109,-0.03006898518448109,-0.03076923076923077,-0.031746031746031744,-0.02871064818424207,2.237556678207857,0.0724024124988849,-4.0476647222330975,-0.3743416568188185,-0.04386712095400347,-0.021075873143315826,-0.005328005328005259,0.08301886792452828,-0.1776699029126213,-0.09525939177101961,inf,-0.03130870381966189,-0.004530916844349586,0.0,-0.3847793997047728
2009-09-30,0.06556360655159144,0.07405155365484317,0.03634738993525488,0.06264026521445176,0.08799616790539844,0.09363660371974714,0.1778707660859855,0.1778707660859855,0.19047619047619047,0.180327868852459,0.3814537089210923,-0.5987040740120657,1.721331089684119,-0.9738668405130609,-0.01563589829316514,0.04454342984409809,-0.00471601394299781,0.009373953799798995,0.0940766550522647,-0.03541912632821731,-0.021749876421156777,inf,0.021008403361344463,0.0034805890227578296,0.0,0.010752688172043001
2009-12-31,0.08521659442003893,0.11982194754759035,0.0026933992878097612,-0.009325398610770752,0.12760509182794832,0.12822882786560807,0.19193561088386457,0.19193561088386457,0.17333333333333334,0.19444444444444442,0.11010062391709297,-0.06788952980084328,-0.23804384882148943,-16.26015360983103,0.2423962935743642,-0.04221748400852876,-0.012978986402966575,0.012271973466003505,0.12101910828025475,-0.12484700122399017,-0.11672561899949463,inf,0.039094650205761194,0.0029348986125934395,0.012499999999999956,0.1303411288904519
2010-03-31,0.10284404105805822,0.06476181689654448,-2.3485932396205556e-05,0.008559379493073171,0.15312094348023786,0.026311037459056497,0.06567964577941998,0.06567964577941998,0.07954545454545459,0.06976744186046524,-0.29803637901506996,1.6875056577584213,-1.0494694194933951,-2.3531943678304392,-0.26401342385216164,0.02626892252894031,-0.01314965560425807,0.008191349934469017,0.17329545454545459,-0.08391608391608396,-0.06464530892448506,inf,0.045544554455445585,0.02021814312317094,-0.012345679012345734,0.0557305643059931
2010-06-30,-0.01863220243683661,0.11412177600216067,0.18895095583726818,0.6452845361775033,-0.10617017497694092,-0.07604994215795646,-0.16708367401605562,-0.16708367401605562,-0.14736842105263148,-0.14130434782608692,0.04251613182237768,-1.8729333874761642,-73.7005988023952,-2.6239057599723874,0.582528178635471,-0.13796095444685463,-0.006979695431472144,-0.0071498212544686135,-0.0532687651331718,-0.2656488549618321,-0.21834862385321108,inf,-0.08916083916083917,0.010951760104302322,-0.012499999999999956,-0.3228468282619906
2010-09-30,0.09135083113677167,0.05656545946462899,0.46885644089563905,-0.16602092330835683,-0.1304657755929719,0.005412967044827077,-0.010090427645946032,-0.010090427645946032,0.04938271604938271,0.05063291139240489,0.05770878541624058,-2.4942881458393176,-1.2320391648134421,-1.8422142374198134,-0.31001882454191476,-0.13789632611977864,0.008093716719914879,-0.04942716857610474,-0.10230179028133002,-0.08939708939708935,-0.18544600938967126,inf,-0.20329494561740247,-0.006706216146505017,-0.05063291139240511,0.2668915243172669
2010-12-31,0.01196263029991207,-0.05369161897476882,-0.019011913422329108,-0.04832153717142296,0.02758610900136227,0.0314973349242591,-0.10705003433227978,-0.10705003433227978,-0.09411764705882353,-0.07228915662650592,-0.019716751733110494,-0.7074761374306108,-2.6995969680162695,-0.7495594435717923,-0.11252667418056628,0.10858143607705784,-0.03739699978871747,-0.09676308539944911,0.05128205128205132,0.2351598173515983,0.07300672430355415,inf,0.015458743224252336,-0.05219423526356792,-0.040000000000000036,-0.005625214702851267
2011-03-31,0.12031126672722237,0.2002511526638895,0.2451564151668688,0.12325402137974395,0.014073638123453414,-0.03632034430603692,0.03451119206760511,0.03451119206760511,0.06493506493506485,0.038961038961039085,0.13202721140991902,-0.2634398846538635,-2.0553761943714433,-9.062433761314871,1.0222716903904594,0.04423380726698256,-0.016461808604038675,-0.11589782691574524,0.024390243902439046,-0.007393715341959317,0.07251566696508505,inf,-0.09489916963226575,-0.05123287671232879,-0.06944444444444431,0.06853219328928617
2011-06-30,-0.022576885176149086,-0.09226022794481259,-0.0483241835392374,-0.16538926199948356,0.01691687185190416,0.10963068261465958,0.14602981535489246,0.14602981535489246,0.15853658536585358,0.1625000000000001,0.14955115033721622,0.5639804115440057,-3.828146193646802,-2.0022626896484104,-0.5066504064863522,0.030257186081694476,0.03481365766569966,-0.03320396722725305,0.03703703703703698,0.005586592178770999,0.06928213689482465,inf,0.040410659676714866,-0.013860814322841364,-0.014925373134328401,0.08761720012932406
2011-09-30,-0.0042729952560788265,-0.011541643451687511,-0.011741360882296603,-0.03739331265110846,0.011562889407616739,-0.007295813832054465,-0.006838401719583942,-0.006838401719583942,0.021052631578947434,0.021505376344086002,-0.04892526411203757,-0.8290299921241406,-0.3613533027882696,-1.0038486388396461,0.003952398984741201,-0.03573176700930003,-0.00409747681690753,-0.01070472792149868,0.03826530612244916,-0.06851851851851853,-0.07650273224043724,inf,0.015956330044089917,-0.009663250366032328,0.0,0.02686533888228304
2011-12-31,0.3689298758581754,1.264223271902782,0.628888200025848,0.13053180790952834,0.10170279579202335,0.03710208044644281,-0.10251860687280401,-0.10251860687280401,-0.09278350515463918,-0.0842105263157894,0.09029144827924451,-56.28306772908366,-5.024907583779484,2505.8206703910614,9.868949446808136,-0.017258883248730927,-0.02273711563447378,-0.0910730387736699,0.09336609336609336,-0.05367793240556673,-0.05156382079458999,inf,-0.19508162843562715,-0.01153163808397406,-0.09090909090909094,1.0028225076895239
2012-03-31,0.1529926312770855,-0.5813907607596496,0.206071416764527,0.665309628239336,0.08528984741623802,0.03729859142383707,-0.34220207623901555,-0.34220207623901555,-0.34090909090909094,-0.3448275862068966,-0.5368921805078586,-3.4194376281434558,-0.4738333021419944,-1.939541149075071,-0.8530984663049359,0.2644628099173554,-0.12430755594947929,-0.17906746031746024,0.08539325842696632,0.1554621848739497,0.22905525846702313,inf,-0.05879332477535315,-0.11367035596769359,-0.06666666666666654,-0.7486268699862687
2012-06-30,0.027646783375519624,0.0030155159192466474,-0.01332710751736288,0.19073264334617024,0.09414062435907189,0.053774257387569246,0.613769081505082,0.613769081505082,0.6206896551724139,0.5964912280701757,1.849314191478887,-0.9408957326719734,-1.2559180637964205,-1.0205836570568565,0.1195350778474622,0.002450980392156854,-0.08375506072874495,-0.12447129909365562,0.09523809523809512,-0.0763636363636363,0.07179115300942707,inf,0.06464811783960722,-0.044886938913263674,-0.0892857142857143,-0.15769424279450872
2012-09-30,0.022528539968149408,0.0062074549691295555,-0.016499171441977656,-0.03700382258796142,0.07517032986258632,0.008902014230915967,-0.043294328923030756,-0.043294328923030756,-0.05319148936170204,-0.06593406593406603,-0.42248679154938085,-0.1841364234822762,-0.3524371471469574,-1.4309222277279066,-0.046010458320516756,0.20660146699266502,-0.10494338580502616,-0.1290545203588681,0.07372400756143671,0.10236220472440927,0.21447902571041944,inf,0.051498847040737816,-0.057597173144876224,-0.07843137254901966,0.044884375799982834
2012-12-31,0.013165963145377768,0.046930308403591026,-0.04295990712699138,-0.11081041234047762,0.08206954682679735,0.06663158324188156,0.14352373409523245,0.14352373409523245,-0.4382022471910112,-0.44705882352941173,-0.05318178403151197,-1.096652021835983,0.6579765474092236,-4.382591255515443,0.16314075488002278,0.1921648091860857,-0.03733415612465285,-0.006339144215530834,0.07746478873239449,0.10892857142857149,0.22896935933147633,inf,0.06798245614035103,0.0014998125234346737,0.0,0.1774601878317681
2013-03-31,0.04575505707717742,0.08231342385346374,0.011140931248940777,0.004729486044561915,0.09049577007475729,-0.02188707966858361,-0.06507814037304394,-0.06507814037304394,-0.06000000000000005,-0.08510638297872342,-0.0476486691756598,-9.133732774116238,-0.6096879284339934,-0.7617319672390349,0.03341919416486383,0.22407932011331466,0.022435897435897356,0.08054226475279114,0.08823529411764697,0.13687600644122377,0.19809610154125123,inf,0.042892995665069655,0.08199176338449998,0.0,0.07719517270079068
2013-06-30,0.0185805946676314,0.06144770217212803,-0.04553651919610435,0.1507903450060195,0.09256773215660674,0.09312519379768402,0.0698144245388308,0.0698144245388308,0.08510638297872353,0.06976744186046524,0.41794760013747934,-0.8637785569764472,1.8022371746875643,4.6107369189422345,0.18144263969630448,0.21036797037722743,-0.057680250783699094,-0.0022140221402215943,0.08858858858858865,0.11189801699716706,0.11161558834657592,inf,0.07263180923211543,-0.01280276816608994,0.0,-0.07765114931427453
2013-09-30,-0.006892831598346083,-0.014770953926099173,-0.0004463260759915988,-0.00850978846449102,-0.018787414352686604,0.0055788948013908435,0.020710453595304212,0.020710453595304212,0.0,0.021739130434782483,-0.20976617097095085,-0.8552192800620076,0.6896554815941238,-1.5660488935671961,-0.0869321979714609,0.11051625239005736,-0.018629407850964674,0.02071005917159785,-0.020689655172413834,0.020382165605095537,0.10755616065350582,inf,-0.012033448908831401,0.0038555906063793,0.02127659574468077,-0.006282722513089034
2013-12-31,0.0012620820646642716,0.04387045406175405,-0.04644138789131391,0.2921881039172858,0.04460440975007374,0.12109709781363098,0.0035569092804264013,0.0035569092804264013,0.019607843137254832,-0.04255319148936165,-0.03493445722723265,-27.94347609561753,-0.10313160332953741,-1.5331696615127455,0.05076250686315853,0.16150137741046833,-0.041355932203389845,-0.007246376811594235,0.04084507042253516,0.18601747815230962,0.13275968039336195,inf,0.043352601156069204,-0.041550279329608863,0.04166666666666674,-0.19220231822971556
2014-03-31,0.24807575838058638,0.7832099880213144,0.33697156808730133,-0.06491978952863375,0.17752160313594767,0.6023188472690464,1.8144794550492729,1.8144794550492729,1.7884615384615383,1.9555555555555557,1.1574656673826031,-1.743680975925327,-4.412940398244383,41.043176251592044,2.0311126530310877,0.13029943670323174,0.38613861386138626,0.3978102189781021,0.17997293640054135,0.08631578947368435,0.14297341291372767,inf,-0.05658884052235846,0.22076502732240422,0.1399999999999999,0.9070353943821201
2014-06-30,0.11142197870109838,0.19495662083928234,0.02791722415459974,0.052955682514435054,0.20193037860746155,0.30726155621293727,0.6411855024445432,0.6411855024445432,0.6482758620689657,0.6541353383458648,1.6691613234031752,2.0275133590157823,-1.4755639123813857,-0.45789305782077283,0.36325943493230106,-0.029901639344262265,0.47219387755102016,0.4955613577023499,0.22018348623853212,-0.17829457364341084,-0.35200569665321624,inf,0.08137583892617428,0.2772306774097284,0.17543859649122817,0.134889871859182
2014-09-30,-0.07568283624991523,-0.18951182369777186,0.013802764897621334,-0.027785016595223144,-0.15688671959312472,-0.07545758241502643,-0.2528506318947432,-0.2528506318947432,-0.2468619246861925,-0.24090909090909096,-0.03375414815641342,0.5804128493087708,3.2078294476997877,-2.0838615885957905,-0.2888099932627167,0.3110720562390159,0.19805926182637346,0.1875,-0.1550751879699248,0.07429245283018848,-0.2018315018315019,inf,-0.08785880527540724,0.06191588785046731,0.11940298507462677,-0.16635191063607513
2014-12-31,0.2017586918885761,0.41012229630702235,0.25794492851274864,-0.04854737081317906,0.13708878292801163,0.21060449876792342,0.27659216907567674,0.27659216907567674,0.28333333333333344,0.2934131736526948,-0.25305376676981484,-0.47437514041241313,-1.2137906765075708,-2.51410015300647,0.6148982293616103,0.045473293462569675,0.1972808793751808,0.1590708615113201,0.15239154616240258,0.23819978046103185,-0.17622762735199637,inf,-0.05379544971294914,0.06974697469746971,0.08000000000000007,0.48204559695377647
2015-03-31,0.10549849988460647,0.13255052500846798,0.10018572565667294,0.2893594862003124,0.11370413587449768,0.038244560051045484,0.24271414735268615,0.24271414735268615,0.2597402597402598,0.2777777777777777,0.8873315065844729,4.679923114742353,-3.206056362227647,-0.8407437267958633,0.060636282038496025,-0.009073873163033874,0.10256100507368937,0.08371385083713867,0.1283783783783783,-0.1400709219858156,-0.23955431754874645,inf,0.007415730337078541,0.06314273961332795,0.024691358024691246,-0.12160140496942906
2015-06-30,0.02207666814540321,-0.09814574818064004,0.08681811604688172,0.201534733441034,-0.051979045401629786,0.08559388991308925,0.03669513039464567,0.03669513039464567,0.04810996563573866,0.05797101449275366,-0.007542536397123323,0.5450195737277077,0.9621601763409258,-6.292763157894737,-0.3025858015984956,0.08868318901164529,0.055549468609619845,-0.0009363295880150391,-0.05047048759623607,-0.035051546391752564,-0.08864468864468866,inf,-0.07249609636404186,-0.0030953762816793295,0.0,-0.24943537339405375
2015-09-30,0.2928485715015192,0.4320455424749903,0.45071672657879547,0.04873949579831938,0.06919629152084483,0.006186317321688506,0.024042742653606508,0.024042742653606508,0.029508196721311553,0.047945205479452024,-0.2760692824319547,0.17849099099099108,-2.2439618049054486,-3.0348042262274704,0.8828367264392611,-0.05659169866520386,0.0,-0.026476101218369297,0.08828828828828827,-0.0064102564102562765,-0.12781350482315113,1.0,-0.17291967291967292,0.043663885115466705,-0.07228915662650592,0.3655288082083663
2015-12-31,0.023737583190157396,-0.044268622153608606,0.0011318792254275678,0.05673076923076925,0.0643160675318708,0.02543701024713685,0.018043478260869605,0.018043478260869605,0.04458598726114649,0.042483660130719025,0.18994140625,-0.41758241758241754,-1.5334136062612884,-1.1701282834453268,-0.0797708557107053,-0.004360887682915093,0.0,-0.03128760529482544,0.1225165562913908,-0.08602150537634412,-0.1308755760368664,0.5,0.0395463797615585,0.03161026403867617,-0.051948051948051965,-0.09558557907665632
2016-03-31,-0.0785894789637146,-0.22194402939869973,0.03116787875084026,0.10302295015670815,-0.27711233408870184,-0.08370561956266165,-0.23852231475549857,-0.23852231475549857,-0.21341463414634143,-0.206896551724138,-0.19716864997948302,-0.1349466776045939,1.369074492099323,4.867145421903052,-0.5085985526418177,-0.11154370255012647,0.0,-0.09018633540372667,-0.25811209439528027,-0.20823529411764696,-0.18875927889713673,0.33333333333333326,-0.21538461538461529,-0.048125450612833354,-0.0547945205479452,-0.29461575331522605
2016-06-30,0.046372867162147946,-0.047438625629314335,0.0035263438629764554,-0.04271310724106325,0.15957605612778036,-0.002309468822170868,-0.01934941110487942,-0.01934941110487942,0.015503875968992276,0.01976284584980248,0.2624584717607974,0.5571360834518728,-0.8194378275369223,-1.0260097919216646,0.02692003167062551,-0.008435582822085896,0.0,-0.10813762971054075,0.16998011928429424,0.3372956909361069,0.0117647058823529,0.2732558139534884,0.10802139037433145,-0.04374171558416973,-0.05797101449275355,-0.004926387315968284
2016-09-30,0.1326330532212885,0.167384078897183,0.15898420197844376,0.06022596706242811,0.08573635427394444,-0.035493827160493874,-0.04775521875893618,-0.04775521875893618,-0.038167938931297773,-0.03488372093023251,-0.12348178137651822,0.19275274056029224,-2.886543535620053,18.55294117647059,0.5125674633770239,-0.08562589769086293,-0.027091550757733063,-0.10440906307409681,0.08751062022090061,-0.2188888888888889,-0.05813953488372092,0.21461187214611877,-0.04118404118404129,-0.054455445544554504,-0.06153846153846154,0.10106413247595736
2016-12-31,0.006500733098977252,-0.04574095682613766,-0.04165711228311553,-0.16743429964779188,0.11969409532843245,-0.02400000000000002,-0.06666666666666665,-0.06666666666666665,-0.0634920634920636,-0.06425702811244982,-0.19491916859122405,-0.3170793974980852,-1.8024475524475525,-1.4753309265944645,-0.16107656234070755,-0.08881101981633654,-0.109356662754721,-0.12649572649572638,0.12890624999999978,-0.16216216216216228,-0.04115226337448552,0.17669172932330812,0.11241610738255048,-0.06952879581151838,-0.049180327868852514,0.14615742415628707
2017-03-31,0.012706881724204422,0.047884568354120916,-0.0220662519274738,-0.10163792168347974,0.0822788161169059,-0.11133879781420764,-0.13063063063063063,-0.13063063063063063,-0.1228813559322034,-0.12017167381974259,-0.1609294320137694,-1.114766355140187,-0.4579520697167756,-2.30126582278481,0.24984809818933051,-0.05609335631879053,-0.15584571154767612,-0.10606653620352258,0.08235294117647074,-0.1629881154499151,0.025751072961373245,0.16613418530351431,0.0687782805429864,-0.02273238802610844,-0.08620689655172398,0.1664336925643688
2017-06-30,0.04440131020259619,0.33457804331590735,0.010548064375815569,0.02535619415600099,0.10938799471650107,0.09777094542659492,0.13730569948186533,0.13730569948186533,0.13526570048309194,0.13658536585365866,0.2054700854700855,-14.830618892508143,-0.292604501607717,-1.765077821011673,-0.15294117647058825,-0.04509693734195008,-0.12104441606357319,-0.07618213660245188,0.10997442455242967,-0.11764705882352944,0.002789400278940146,0.14246575342465762,0.06209427039232285,-0.0119760479041916,-0.07547169811320764,0.3015695067264572
2017-09-30,0.07299669780794193,0.23520565193061005,0.06015280318519323,0.13012246820536966,0.09560347488644871,-0.08808290155440412,-0.11552229092092414,-0.11552229092092414,-0.11489361702127665,-0.11587982832618027,-0.2359614293817357,-0.502119642016015,-3.465909090909091,-2.7774952320406863,0.3209366391184574,0.13888480211858178,-0.13739102357119792,-0.08199052132701412,0.09562211981566815,0.025287356321839205,0.16968011126564675,0.12470023980815359,0.020993887855434323,-0.015850815850815825,-0.061224489795918324,0.09299355490213568
2017-12-31,0.08692895363582931,-0.09893252541269082,0.2632460414129112,0.21235802855058883,-0.17721875628899175,-0.08645577395577397,-2.4220014716703457,-2.4220014716703457,-2.423076923076923,-2.4368932038834954,0.021900519673348162,3.7379375591296125,0.5423963133640552,-2.4020028612303292,-0.34063260340632606,-0.003487921457176024,-0.6080853453116226,-0.6220960247805886,-0.17981072555205047,-0.08968609865470856,0.046373365041617154,0.11087420042643914,-0.24284226965122335,-0.5800568450971104,-0.10869565217391308,-0.2567663043478261
2018-03-31,-0.06974659590512644,-0.04917826729095309,-0.10148246354103896,-0.08293940696175328,0.007288914978964778,-0.9991595226088418,-1.3979301423027166,-1.3979301423027166,-1.3986486486486487,-1.3952702702702702,-0.1754449691245914,-1.4347044728434506,-2.9704212727815955,-1.0140306122448979,0.007248286768581913,0.04524241638579207,-0.25262655205348616,-0.2732240437158471,0.01538461538461533,0.2733990147783252,1.6329545454545453,0.10940499040307117,0.08250257820556905,-0.0033840947546531774,-0.2682926829268293,0.03681766663010477
2018-06-30,-0.0003976690475826494,0.0816313041179193,-0.02479320366644311,0.02268041237113394,0.052498664465057576,1128.6,0.1814044213263979,0.1814044213263979,0.18644067796610164,0.18803418803418803,-0.30704845814977977,0.20372071658245283,-0.825322213798332,100.65454545454546,0.7315190370273452,-0.1286121790896687,-0.35527156549520766,-0.37593984962406013,0.05555555555555558,-0.14119922630560922,0.16616314199395754,0.09861591695501715,0.053032708796443284,-0.3101301641199774,-0.09999999999999987,0.05765568798928
2018-09-30,-0.01606610052788615,0.06691517966267413,-0.0532541665711469,-0.07294721407624638,0.05486341823551122,-0.009206798866855492,0.15410016510731972,0.15410016510731972,0.15714285714285725,0.15107913669064765,0.40623013350286086,-0.6136233543216943,1.5182291666666665,-0.761223394741549,0.10087653014961462,0.06276686592655834,-0.26461843409316155,-0.2801204819277108,0.0568181818181821,0.006756756756756577,0.6646928201332345,0.0897637795275592,0.07207478890229191,-0.24282198523379817,-0.03703703703703709,0.15086853599173145
2018-12-31,-0.009797060881735487,0.02629016553067176,0.02041261078018297,0.04833926453143533,-0.06447661957044748,0.9438884917798427,-0.9985693848354793,-0.9985693848354793,-1.0061728395061729,-1.0,0.06012658227848111,0.3506172839506172,-0.42433643571182356,1.5250936329588014,0.23138170087171384,-0.06294361858845587,2.398921832884097,2.527196652719665,-0.05093378607809862,-0.11409395973154357,0.2963539350822588,0.08236994219653182,-0.0551336146272855,1.6706392199349946,0.3076923076923077,-0.021032504780114758
2019-03-31,-0.013160581075775446,-0.05056367898202929,-0.033103153698298526,-0.1139085337105139,0.026371160050497888,-0.5145247288104431,657.3333333333334,657.3333333333334,-156.0,inf,-0.3842217484008529,-1.0405850091407678,0.4167664670658682,-1.300504301394245,-0.056465997770345555,-0.05673860225811056,0.063441712926249,0.09134045077105579,0.0292188431723317,-0.005050505050505083,-0.7278339907391529,0.08411214953271018,0.039892825245608776,-0.12778904665314406,0.2647058823529411,0.07146661931818166
