Quarter end,Assets,Current Assets,Liabilities,Current Liabilities,Shareholders equity,Revenue,Earnings,Earnings available for common stockholders,EPS basic,EPS diluted,Cash from operating activities,Cash from investing activities,Cash from financing activities,Cash change during period,Cash at end of period,Price,ROE,ROA,Book value of equity per share,P/B ratio,P/E ratio,Cumulative dividends per share,Equity to assets ratio,Net margin,Asset turnover,Current ratio
1994-01-02,0.03794177800714871,0.01426921247536872,0.0053137883646359185,0.019504067431147742,0.14291557113643005,0.16524396669828212,0.9206896551724137,0.9206896551724137,0.9285714285714286,0.23404255319148937,-1.177115987460815,-1.09411413205856,-1.0601727733095025,-1.3642172523961662,-0.3893034825870647,0.1577142857142857,0.029367469879517882,-0.05714285714285716,0.14498141263940534,-0.07692307692307698,-0.0061025223759153535,inf,0.1033519553072626,0.03898305084745779,0.012195121951219523,-0.00513033832501375
1994-03-27,0.03794177800714871,0.01426921247536872,0.0053137883646359185,0.019504067431147742,0.14291557113643005,0.16524396669828212,0.9206896551724137,0.9206896551724137,0.9285714285714286,0.23404255319148937,-1.177115987460815,-1.09411413205856,-1.0601727733095025,-1.3642172523961662,-0.3893034825870647,0.1577142857142857,0.029367469879517882,-0.05714285714285716,0.14498141263940534,-0.07692307692307698,-0.0061025223759153535,inf,0.1033519553072626,0.03898305084745779,0.012195121951219523,-0.00513033832501375
1994-06-19,0.035155242900813954,0.07161519394386007,0.020747896351650974,0.022591809267448637,0.06063084709370692,0.16524396669828212,0.9206896551724137,0.9206896551724137,0.9285714285714286,0.23404255319148937,-1.177115987460815,-1.09411413205856,-1.0601727733095025,-1.3642172523961662,0.23217922606924635,0.059230009871668265,0.029367469879517882,-0.05714285714285716,0.038961038961039085,-0.07692307692307698,-0.0061025223759153535,0.8333333333333335,0.025597749648382573,0.03898305084745779,0.012195121951219523,0.04794425087108012
1994-10-09,0.0935404102399886,0.20748937234308573,0.10061901077316837,0.22205509072106788,0.08647033306020147,0.3045129782038527,-0.3096947935368043,-0.3096947935368043,-0.3148148148148149,0.23404255319148937,12.424778761061948,-3.234920634920635,-3.5396039603960396,4.864035087719298,1.1049586776859504,-0.01491146318732528,0.029367469879517882,-0.05714285714285716,0.021874999999999867,-0.051724137931034475,-0.0061025223759153535,0.5454545454545456,-0.005485463521667566,0.03898305084745779,0.012195121951219523,-0.011903178614177445
1995-01-01,-0.020205306739982776,-0.10623867460522907,-0.056918043425357556,-0.17362874067235945,0.014994898185528571,-0.1170965058236273,-0.5448634590377113,-0.5448634590377113,-0.5945945945945946,0.23404255319148937,0.9973632168754121,1.6448863636363638,-5.132553606237817,-1.6985789080029918,-0.36670592854338435,0.009460737937559083,0.029367469879517882,-0.05714285714285716,0.00917431192660545,-0.012121212121212088,-0.0061025223759153535,0.3529411764705881,0.03612796469939328,0.03898305084745779,0.012195121951219523,0.08156672723601854
1995-03-26,0.014677802314576605,0.005618953831894702,0.006479729342278695,-0.010798733941537852,0.02408322042047284,-0.12359638790734195,1.2685714285714287,1.2685714285714287,1.3333333333333335,0.23404255319148937,-1.0914191419141914,-0.4462943071965628,-1.3231132075471699,-0.28800856531049246,-0.41227526348419097,0.029053420805998265,0.029367469879517882,-0.05714285714285716,0.021212121212121238,0.021472392638036908,-0.0061025223759153535,0.26086956521739113,0.009582113388341806,0.03898305084745779,0.012195121951219523,0.016551552485843946
1995-06-18,-0.01978367233394973,0.11059907834101379,0.05187443026435723,0.04573687182382824,-0.13674775928297056,0.1627990323447719,-4.7430730478589425,-4.7430730478589425,-4.771428571428572,0.23404255319148937,-6.740072202166065,0.11542192046556732,-0.02481751824817513,0.0,1.0516877637130801,0.04553734061930781,-1.351865398683248,-0.05714285714285716,-0.13946587537091992,0.02402402402402415,-0.0061025223759153535,0.2068965517241379,-0.12048510413920388,0.0,0.024096385542168752,0.06206769908795984
1995-10-08,-0.011802610931187618,-0.05726141078838176,-0.035125253893026454,-0.06848452123830095,0.02902205082567,0.2088149175527816,-1.2809555854643337,-1.2809555854643337,-1.2803030303030303,0.23404255319148937,0.36729559748427665,0.5443478260869565,-3.053892215568862,0.0,-0.43958868894601544,-0.12717770034843212,-0.043659043659043606,-0.05714285714285716,0.031034482758620863,0.014662756598240456,0.0,0.17142857142857149,0.04196642685851315,0.0,0.0235294117647058,0.012045415249841485
1995-12-31,0.011419883436101008,0.009187940140845008,0.006988885146514079,0.12559173026760706,0.021909383558353035,-0.1519632840387557,0.0,0.0,0.027027027027026973,0.23404255319148937,0.6094756209751611,-0.16948198198198194,-0.2631195335276968,-2.5924812030075186,0.9715596330275229,-0.04291417165668665,-0.4782608695652174,-0.48484848484848486,0.020066889632106788,-0.0722543352601156,0.0,0.14634146341463405,0.01064441887226697,0.0,0.02298850574712641,-0.10341685649202736
1996-03-31,0.011691804045364185,0.017717930545712246,0.00571396716559347,0.017852544845935903,0.014622220132587405,0.016686710763680113,-0.14011976047904195,-0.14011976047904195,-0.1842105263157895,0.23404255319148937,-0.8596741926264647,-0.10576271186440678,-1.5044510385756675,-1.47780925401322,-0.2354583527221964,0.13034410844629818,0.17500000000000004,0.15294117647058814,0.013114754098360715,0.10591900311526481,0.0,0.1276595744680853,0.003131226871619708,0.0,0.04494382022471921,-0.00012703252032519874
1996-06-30,-0.04619372306879532,-0.29794300407113783,-0.08092677789479519,-0.14596508980521128,0.0002780352177942369,-0.7052343634481739,-0.48467966573816157,-0.48467966573816157,-0.4838709677419355,0.23404255319148937,0.0,0.0,0.0,-0.7075098814229249,-0.256238587948874,0.12822878228782297,-5.641843971631205,-5.744897959183674,0.0,0.11549295774647894,0.0,0.1132075471698113,0.04880817253121461,-0.03262642740619903,-0.16129032258064513,-0.17799517215093386
1996-09-30,-0.008412234088588044,-0.007935296810621106,0.0012061998673180696,0.026560031595576516,-0.028537014731770616,1.2829194883370953,-1.535135135135135,-1.535135135135135,-1.5625,0.23404255319148937,3.4338085539714864,0.21910538286580739,-2.0862745098039213,-1.3581081081081081,0.04337152209492645,0.018806214227309992,-0.3758594346829641,-0.36989247311827955,-0.02265372168284785,0.017676767676767735,0.25419566107245184,0.10169491525423746,-0.02029220779220786,-0.2715008431703203,-0.1282051282051282,-0.0335394126738795
1996-12-31,-0.24567528409586814,0.0911398246423627,-0.08821757725438228,-0.22333365393863613,-0.5310920362422509,0.08778290485607565,-5.373737373737374,-5.373737373737374,-5.222222222222222,0.23404255319148937,0.234726688102894,-3.762437810945274,8.268953068592058,17.056603773584907,0.7505882352941176,0.11878009630818598,0.17747858017135854,0.09556313993174048,-0.5364238410596027,0.14640198511166247,0.796018276762402,0.0923076923076922,-0.38580502623584645,0.11342592592592582,-0.014705882352941235,0.40484567407644323
1997-03-31,-0.007358896628329448,-0.012194262352858254,-0.023288078485779407,-0.0854489164086687,0.033458761313942764,-0.045146954853045096,0.06235565819861422,0.06235565819861422,0.05263157894736836,0.23404255319148937,-0.9572172619047619,-1.1213417379558757,-0.8852969814995132,-2.2152560083594564,-0.5210573476702509,-0.04375896700143467,0.3201663201663203,0.21183800623052962,0.028571428571428692,1.0606060606060606,-0.04379429402144297,3.366197183098592,0.04226618705035978,0.2557172557172558,-0.02985074626865669,0.08008423928510444
1997-06-30,0.0514745308310991,0.049093763379477684,0.019615800865800948,0.11008801624915376,0.13855540247982678,0.09064946054580081,0.38043478260869557,0.38043478260869557,0.4249999999999998,0.23404255319148937,16.547826086956523,2.2393320964749535,-1.1103565365025467,-1.287188306104901,0.31244153414405984,0.24456114028507114,0.74251968503937,0.557840616966581,0.13888888888888884,0.2100840336134453,0.11269479285442796,0.019354838709677358,0.08628127696289911,0.2201986754966887,0.2615384615384615,-0.054911467116357415
1997-09-30,0.02494290845398317,-0.008026118895388401,0.0018243332891070274,0.0224444986582093,0.07813310285220387,0.006497914848220265,-0.11574803149606294,-0.11574803149606294,-0.14035087719298245,0.23404255319148937,-0.20317145688800797,0.017754868270332125,-7.7384615384615385,-2.8053892215568865,-0.4297933000712758,0.06509945750452095,0.7492092182557615,0.5544554455445545,0.0792682926829269,-0.06510416666666663,-0.28146883005977796,0.018987341772152,0.05440826052422554,0.41655359565807326,0.09756097560975618,-0.029831604773056797
1997-12-31,0.014947650774422394,-0.17779758639605048,0.018541204516107745,0.142567406346934,0.015151515151515138,-0.5158026594719599,-0.03383793410507574,-0.03383793410507574,-0.08163265306122447,0.23404255319148937,0.7412935323383085,0.7287563308947664,-1.2808219178082192,-1.4162520729684909,0.2124999999999999,-0.19807583474816082,-0.012916559028674723,0.030785562632696495,0.011299435028248705,-0.2562674094707521,-0.44473496553363445,0.01863354037267073,0.0007532956685498693,0.1982758620689653,-0.1333333333333333,-0.28036094028392433
1998-03-31,0.010017263795051079,-0.0329413726961888,0.0030556187627994724,-0.00344575545577952,0.03372028745163069,0.5816915422885571,-0.43317972350230416,-0.43317972350230416,-0.4,-0.5517241379310345,-1.029642857142857,-0.6233723958333333,8.699186991869919,-1.697211155378486,-0.18041237113402064,-0.09880028228652082,-0.12562156503533106,-0.09165808444902168,0.033519553072625774,-0.1098626716604244,-0.1879280821917808,0.018292682926829285,0.024463680843056057,-0.027977617905675323,-0.06410256410256421,-0.029630221228336362
1998-06-30,0.0006541602481588971,0.15082787167988965,-0.030268658651197433,-0.0831936295054484,0.07410236822001526,0.0768746854554605,1.013008130081301,1.013008130081301,1.0,1.0384615384615383,-24.156626506024097,-4.133967156439066,-4.503772003352892,-7.388571428571429,1.4062893081761008,0.010963194988253822,-0.05597126608799763,-0.020408163265306034,0.07567567567567557,-0.02103786816269282,0.08592514496573544,0.017964071856287456,0.07494489346069089,0.046875,-0.06849315068493145,0.2552263374485595
1998-09-30,0.003859131168283403,-0.04023979018358936,-0.005915182301239885,-0.02045714285714284,0.01251778093883349,0.05911905596448186,-0.15670436187399028,-0.15670436187399028,-0.16666666666666674,-0.16981132075471705,0.1472424557752341,-1.468284611141754,-0.8832535885167464,-1.8792486583184258,-0.5138525875588081,-0.24167312161115417,-0.052314521242866285,-0.02662037037037046,0.02010050251256268,-0.2951289398280803,-0.22524271844660193,0.01764705882352935,0.008885850991114053,0.021995286724273422,-0.044117647058823595,-0.02019539702314599
1998-12-31,0.04655168791882858,0.02303247970018729,0.04629193841188739,0.2538793606346983,0.07017420623770732,0.022393822393822482,-0.0009578544061302763,-0.0009578544061302763,-0.022222222222222254,0.20454545454545459,0.05759637188208622,0.19434628975265023,0.006147540983606481,-0.515768056968464,-0.5118279569892473,0.23901940755873352,-0.05654064904650391,-0.024970273483947536,0.06896551724137945,0.21544715447154483,0.2593984962406015,0.01734104046242768,0.02371273712737132,-0.13066871637202138,0.10769230769230753,-0.18409957839791202
1999-03-31,0.037034063309179244,0.09776387086926652,-0.07052662018442957,-0.14524983716385964,0.26288152280932064,-0.03733275787656454,-0.1706615532118888,-0.1706615532118888,-0.15909090909090906,-0.3207547169811321,-0.7860205831903945,-0.16666666666666663,-5.6680244399185336,-3.2373949579831933,2.345814977973568,0.46248969497114567,-0.042198581560283555,0.040243902439024426,0.20276497695852536,0.3678929765886285,0.5044776119402983,0.017045454545454586,0.22203838517538044,0.034482758620689724,0.01388888888888884,0.2843667979002624
1999-06-30,0.06273227005264781,0.12124582869855405,0.08407079646017701,0.26681907250163284,0.034823284823284784,0.1432414256893073,0.408092485549133,0.408092485549133,0.32432432432432434,0.33333333333333326,0.6533066132264529,0.6289940828402367,-0.4672774869109948,-1.711737089201878,-0.49901250822909804,0.10992108229988751,-0.09107737874861166,-0.041031652989449,0.03065134099616862,-0.0782396088019559,0.050264550264550456,0.016759776536312776,-0.02545356079068517,-0.04871794871794877,0.0,-0.11494986908487137
1999-09-30,0.033384937619524546,0.011904761904761862,0.01926020408163276,0.047263040302483406,0.06278252134605733,0.11431372549019603,0.0944170771756978,0.0944170771756978,0.12244897959183687,0.12500000000000022,3.164848484848485,-0.19070105339629495,-1.7510237510237512,-1.3350923482849604,0.33377135348226017,0.154393092940579,-0.030142566191445952,0.023227383863080764,0.0631970260223047,0.1206896551724137,0.18608312342569278,0.016483516483516425,0.028896915809947243,0.008086253369272267,0.027397260273972712,-0.03376867017822349
1999-12-31,0.15019916105608244,0.21580882352941178,0.17788762357652366,0.2751292360712234,0.17022684310018898,0.48891430582438855,0.3068267066766692,0.3068267066766692,0.0,0.09259259259259256,0.08527357392316648,0.19299820466786355,-1.6793893129770994,5.5,1.7625615763546798,0.4267487901451825,0.025619487610247793,0.07885304659498216,0.04195804195804209,0.34201183431952664,0.3522697106450756,0.01621621621621605,0.019173642992168505,-0.030303030303030276,0.10666666666666669,-0.04652378463146889
2000-03-31,0.3812902237205027,0.764237476060881,0.062045152722443486,-0.185971685971686,0.9702770373960101,-0.20144182473556693,-0.5585533869115958,-0.5585533869115958,-0.49090909090909085,-0.5254237288135593,-1.1386430678466077,3.888261851015802,37.30818619582664,5.254996971532405,3.6829529243937236,0.6635831020659884,-0.2731367731367732,-0.16057585825027687,0.9597315436241611,0.5961199294532629,0.612877895563408,0.015957446808510634,0.4311075781664018,-0.10569852941176472,-0.06024096385542166,1.167371553884712
2000-06-30,0.3238853821150838,0.04167856938810499,0.046966438253388754,0.11201581027667995,0.5588464376486022,0.3138966997188102,0.9401820546163848,0.9401820546163848,0.8928571428571428,0.857142857142857,-7.6228239845261125,-0.6632032632956207,-0.9311572948965054,-0.935702527355476,0.05056735968319237,0.28155699721964766,-0.29408450704225353,-0.15039577836411622,0.4743150684931505,-0.3458563535911603,0.3358081791626095,0.015706806282722585,0.1784854656545083,-0.07913669064748197,-0.07692307692307698,-0.06327467206302173
2000-09-30,0.021300664493585586,0.0189771013300426,0.00045385056373015153,0.04435913840904249,0.03363443914112518,0.0789592250506872,0.6997319034852547,0.6997319034852547,-0.4339622641509434,-0.4807692307692307,0.7079439252336448,0.03884826325411339,-2.6183810103469263,-3.13855421686747,-0.10293584632113084,0.37894127856522997,-0.08379888268156421,0.02329192546583858,0.03135888501742179,-0.06503378378378377,0.35034168564920254,0.015463917525773141,0.012254516889238065,0.0837053571428572,-0.05555555555555547,-0.024303680271584027
2000-12-31,0.43793536318212034,0.24724816319939724,0.6104386027743953,0.3264583758763868,0.3537036801465443,0.08795281344607986,-1.2275236593059937,-1.2275236593059937,-1.2666666666666666,-1.2962962962962963,-0.06686046511627908,8.585569731632203,-17.409176382098533,-4.9176056338028165,0.44953535353535345,-0.1674008810572688,-0.5252613240418118,-0.4946889226100152,0.29054054054054057,-0.19241192411924124,-0.2695681511470984,0.015228426395939021,-0.05835790780692218,-0.3903192584963955,-0.17647058823529405,-0.05970267278190722
2001-03-31,-0.020124731109171123,-0.1209218021750389,-0.06982950333580429,-0.15943962641761178,0.011032175612689876,-0.07834764669193495,-3.287694974003466,-3.287694974003466,-2.75,-2.75,-0.677478468022723,-0.8432623462456398,-1.0291070773744042,-2.1594463419018517,-0.35946036347418886,-0.4315948601662888,-0.04954128440366978,-0.027027027027027195,0.008726003490401313,-0.5592841163310962,-0.08729792147806004,0.014999999999999902,0.03181143893192684,0.04729729729729715,-0.07142857142857151,0.0458329829282651
2001-06-30,-0.26332032842252373,0.0009818360333824216,0.04590372967803624,0.156898656898657,-0.4474393530997305,-0.027589796980739156,-37.02272727272727,-37.02272727272727,-37.64285714285714,-37.64285714285714,1.9204545454545454,-0.12005856515373348,-2.9921259842519685,-1.2511627906976743,0.14099216710182771,-0.5600620567375886,-10.720077220077219,-10.179012345679013,-0.448961937716263,-0.5634517766497462,-0.6008097165991904,0.014778325123152802,-0.25031948881789134,0.0,0.0,-0.13477002251527836
2001-09-30,0.0026084894474744935,-0.03187837175085828,-0.00883876866808897,-0.04696569920844329,0.015811606391926025,-0.19218415417558887,-0.953732912723449,-0.953732912723449,-0.9532163742690059,-0.9532163742690059,0.03891050583657596,-0.4043261231281198,-0.6205533596837944,0.7530864197530864,0.21662852784134246,-0.365743073047859,0.1674280039721947,0.09784801613987892,0.0015698587127157548,0.15116279069767447,0.0,0.014563106796116498,0.013211165565736094,0.0,-0.05769230769230771,0.01579925650557623
2001-12-31,0.008593503626616261,0.04027355623100304,0.1151599015990159,0.10409745293466233,-0.10233482364629909,-0.35453943008614974,1.977272727272727,1.977272727272727,1.9583333333333335,1.9583333333333335,-0.5861423220973783,1.047486033519553,6.104166666666667,-0.44718309859154926,-0.34984326018808776,-0.3121525019857029,0.32987410683906093,0.2180704441041348,-0.10188087774294663,-0.31313131313131304,0.0,0.014354066985646119,-0.10998948475289161,0.0,-0.08163265306122447,-0.05777676120768527
2002-03-31,-0.039474712733526096,-0.10007304601899192,-0.05514959327174962,-0.18104312938816447,-0.018262313226341975,-0.07802874743326493,-0.8625954198473282,-0.8625954198473282,-0.8591549295774648,-0.8591549295774648,-1.7737556561085972,-1.2987721691678036,-1.1774193548387097,-1.5031847133757963,-0.07618129218900671,-0.021939953810623525,0.0,0.1410611013326628,-0.02443280977312401,0.08823529411764697,0.0,0.0,0.02197542533081287,0.0,-0.06666666666666676,0.09884934699228065
2002-06-30,-0.03271484375,-0.09848484848484851,-0.022763753100831785,-0.13104715248009802,-0.045095828635851154,-0.00222717149220486,3.1111111111111107,3.1111111111111107,2.9,2.9,-1.1345029239766082,0.7990867579908676,2.834710743801653,-0.7721518987341772,-0.018789144050104345,-0.3553719008264463,-0.6870922348727133,-0.7628911414720141,-0.046511627906976716,-0.33783783783783783,0.0,0.0,-0.012716763005780285,0.0,-0.19047619047619035,0.037467414836742874
2002-09-30,0.02490324751808859,0.054921968787515096,-0.007466029565477039,0.03946441155743474,0.06198347107438007,-0.0658482142857143,-0.6405405405405405,-0.29729729729729726,-0.35897435897435903,-0.35897435897435903,-1.0434782608695652,-2.0,-1.9439655172413794,-3.388888888888889,0.04574468085106376,-0.48901098901098905,0.060915780866721114,-0.055762081784386686,-0.11819887429643527,-0.4693877551020408,0.0,0.0,0.03629976580796246,0.0,-0.1470588235294119,0.01490566841275931
2002-12-31,-0.0520439993432934,0.08819345661450928,0.02271701519482483,0.13898305084745766,-0.13081341486010745,-0.3632019115890084,4.330827067669173,1.726923076923077,1.4,1.4,0.0,0.0,0.0,10.348837209302326,0.49643947100712116,0.08960573476702516,0.07591522157996144,0.06988188976377963,-0.1680851063829787,0.25,0.0,0.0,-0.08203389830508478,0.0,-0.10344827586206884,-0.0446057655994293
2003-03-31,-0.04771388985105651,-0.10588235294117643,-0.06001765225066191,-0.07202380952380949,-0.02195693881901517,0.39962476547842396,-0.7108603667136812,-0.7108603667136812,-0.7166666666666666,-0.7166666666666666,-24.0,-0.7766497461928934,-1.5730593607305936,-1.612704918032787,-0.23385452073419444,0.6019736842105263,0.12034383954154726,0.11867525298988024,-0.025575447570332477,0.9230769230769229,0.0,0.0,0.02708025603151154,0.0,0.0,-0.036498594518622585
2003-06-30,-0.011639538055833398,-0.0827485380116959,-0.06134585289514871,0.038486209108402836,0.05296425457715781,0.008042895442359255,-0.8926829268292683,-0.8926829268292683,-0.8823529411764706,-0.8823529411764706,0.08695652173913038,-0.18181818181818177,0.3984063745019921,0.27090301003344486,-0.3371783496007098,0.4127310061601641,-0.21579283887468037,-0.22861842105263164,0.005249343832020914,0.44799999999999995,0.0,0.0,0.06543624161073813,0.0,-0.03846153846153855,-0.11674340155900997
2003-09-30,-0.005060263133682907,-0.053873127191584325,-0.08369456485495164,-0.10562075355157508,0.09335541295797967,0.02659574468085113,-2.5,-2.5,-2.5,-2.0,-0.28,-1.9861111111111112,-0.9373219373219374,-1.1631578947368422,0.08299866131191425,0.2514534883720929,-0.24052181002853645,-0.12899786780383793,0.036553524804177506,0.24309392265193375,0.0,0.0,0.09876265466816636,0.0,0.0,0.05785507844756399
2003-12-31,-0.005733308673941173,-0.13803908355795147,-0.044395924308588075,-0.17500000000000004,0.034456645210147574,0.06217616580310881,-1.878787878787879,-1.878787878787879,-2.0,-2.5,2.7222222222222223,-0.8450704225352113,2.8181818181818183,-0.6129032258064516,0.02966625463535233,0.2531939605110336,-0.7627482555018786,-0.7490820073439413,0.02015113350125941,0.2088888888888889,0.0,0.0,0.04054054054054057,0.0,0.1200000000000001,0.044835829633604884
2004-03-31,0.02985491071428581,0.1495915256224838,0.003998476770753934,0.4205591829901223,0.0560029282576866,0.029268292682926855,-2.896551724137931,-2.896551724137931,-2.3333333333333335,-2.3333333333333335,-0.32835820895522383,-13.818181818181818,-4.261904761904762,6.375,0.21248499399759901,0.10750695088044493,-1.1561085972850678,-1.1658536585365853,0.0370370370370372,0.08455882352941169,0.0,0.0,0.025383707201888983,-0.8129032258064517,0.03571428571428559,-0.19074523720582737
2004-06-30,0.01589451819741705,0.04216252975178514,-0.01062014033756875,0.033588685916323024,0.04020797227036388,0.15047393364928907,0.9636363636363636,0.9636363636363636,1.0,0.7500000000000002,4.822222222222222,1.2198581560283688,-0.9671532846715328,-1.2598870056497176,-0.045544554455445585,-0.026778242677824138,3.304347826086957,3.4705882352941178,0.026190476190476097,-0.06101694915254241,28.487829614604465,0.0,0.023987718288236426,3.224137931034483,0.06896551724137945,0.008251110726444022
2004-09-30,-0.21157436216552583,0.0016313213703098572,0.01035077630822312,-0.013683010262257711,-0.4055314895034988,0.036045314109165894,-24.064814814814813,-24.064814814814813,-23.25,-26.428571428571427,0.28244274809160297,-0.6517571884984026,-6.0,-4.978260869565217,0.18983402489626555,-0.04041272570937238,-16.25925925925926,-15.789473684210526,-0.4106728538283062,-0.06498194945848379,-0.9040412725709372,0.0,-0.2460644677661169,0.0,0.12903225806451601,0.015565983747281686
2004-12-31,0.09482467019957164,0.06872964169381102,0.11269208878770631,0.35028901734104045,0.06950672645739919,0.026838966202783254,-1.0654355680449619,-1.0654355680449619,-1.0674157303370786,-1.0730337078651686,0.08928571428571419,2.9357798165137616,-1.6,-0.9617486338797814,-0.12031386224934615,0.03584229390681015,-0.0024271844660194164,-0.05827402135231319,0.0669291338582676,0.7567567567567568,0.0,0.0,-0.023117076808352066,0.0,0.08571428571428585,-0.20855404034712044
2005-03-31,-0.005252317198764178,-0.07711063700091436,-0.05217391304347829,-0.1014554794520548,0.06682389937106925,0.01645692158760892,0.5337423312883436,0.5337423312883436,0.5,0.3076923076923077,-0.6120218579234973,-0.6526806526806527,-5.814814814814815,-24.142857142857142,-0.16055500495540143,-0.005190311418685201,-0.001548330015483268,-0.057156353330184206,-0.03690036900369009,-0.068131868131868,0.0,0.0,0.07251908396946583,0.0,0.07894736842105265,0.027127091491633948
2005-06-30,0.07920074541878042,0.1981505944517834,0.016909516100017896,0.07575035731300628,0.16507000736919686,0.08666666666666667,-0.33999999999999997,-0.33999999999999997,-0.38888888888888884,-0.3529411764705883,2.823943661971831,2.1073825503355703,-3.9,-3.802469135802469,0.5360094451003541,0.21913043478260863,0.04652193176783337,-0.008517034068136309,0.1685823754789273,0.266509433962264,0.0,0.0,0.07947805456702262,0.0,0.07317073170731714,0.11375294606959652
2005-09-30,0.04691097467382965,0.07469680264608591,0.022465947284627585,0.05447298494242703,0.07653383934218838,0.04119193689745826,0.23030303030303023,0.23030303030303023,0.27272727272727293,0.18181818181818188,0.09576427255985265,0.2613390928725703,-0.7718832891246684,-0.7929515418502202,0.07225211375864715,0.35449358059914404,-1.3727773073666385,-1.3875694795351188,0.07540983606557372,0.16014897579143406,0.0,0.0,0.028351648351648384,2.6122448979591835,-0.022727272727272707,0.019169726769154183
2005-12-31,0.02694034637588194,-0.010002564760194899,-0.017820069204152245,-0.004619907601847939,0.07461809635722672,0.010101010101010166,-1.1625615763546797,-1.1625615763546797,-1.2142857142857142,-1.2307692307692308,0.1075630252100841,-0.11643835616438358,-3.1627906976744184,-1.5638297872340425,-0.037992831541218686,0.006845708267509298,-0.3151618398637138,-0.2777053455019557,0.08231707317073167,-0.06420545746388451,-0.6827060931899642,0.0,0.04637743107501602,-0.2779661016949152,0.0,-0.005374045801526672
2006-03-31,0.04907647006335325,0.04766839378238341,-0.001056896248018302,0.005485232067510504,0.1007836704938947,0.05166666666666675,-8.787878787878789,-8.787878787878789,-6.666666666666667,-6.333333333333334,-0.725341426403642,-0.06976744186046513,-2.17741935483871,0.509433962264151,-0.05961251862891204,0.24581589958159,-0.08126036484245447,-0.03429602888086636,0.09295774647887334,0.15094339622641506,0.7701214346229881,0.0,0.049223856209150485,-0.032863849765258135,0.0,0.04193528581076911
2006-06-30,0.03759462447903372,-0.002225519287833877,-0.034561805678010926,-0.004616030214015909,0.10662251655629129,-0.0007923930269413404,1.0,1.0,0.9411764705882353,1.0,2.2099447513812156,-0.07499999999999996,-2.3789954337899544,1.0625,-0.1299524564183835,0.04953820319059621,0.4566787003610109,0.5271028037383176,0.10567010309278357,-0.04023845007451554,0.07801531589023591,0.0,0.06657582246447347,0.5501618122977345,0.0,0.0024160282852092596
2006-09-30,0.05311910812361664,0.11177199504337043,0.026118721461187322,-0.021922428330522714,0.07540394973070019,0.016653449643140306,-0.14785992217898836,-0.14785992217898836,-0.1515151515151515,-0.15625,-0.28915662650602414,0.7792792792792793,-1.8609271523178808,-0.2787878787878788,-0.10837887067395269,-0.15200000000000002,0.14745972738537816,0.19951040391676877,0.07226107226107215,-0.23291925465838503,-0.459079473138967,0.0,0.021171746669100155,0.22651356993736949,-0.023255813953488413,0.1366762682969842
2006-12-31,0.016968942165486167,0.06954971020954082,0.027767888928444284,-0.0004310344827586077,0.008069003895381233,0.06786271450858039,0.4748858447488584,0.4748858447488584,0.4999999999999998,0.5185185185185184,0.5205811138014529,-0.40886075949367084,-0.9884615384615385,-2.495798319327731,0.18181818181818188,0.04198113207547172,0.4751619870410366,0.5183673469387753,0.004347826086956719,-0.028340080971660075,-0.16060191518467848,0.0,-0.008757819481680085,0.5255319148936171,0.0,0.07002482416218458
2007-03-31,0.007347876004592413,-0.03522300958732805,-0.05247661932802217,-0.03794739111686074,0.054926856196522156,-0.04528853177501824,-0.49380804953560375,-0.49380804953560375,-0.5,-0.5121951219512195,-0.6926751592356688,-0.9635974304068522,-74.33333333333333,-1.1910112359550562,-0.029386343993085595,-0.061566319601629726,-0.020131771595900405,0.009408602150537737,0.051948051948051965,-0.06458333333333321,-0.4175358539765319,0.0,0.0472412549585286,0.028730822873082484,-0.023809523809523836,0.0028516191396810164
2007-06-30,0.028797203859889153,0.08165910563836687,-0.025589471760190108,-0.011653966831017493,0.06828885400313967,0.08492731446059687,0.49541284403669716,0.49541284403669716,0.4761904761904763,0.4999999999999998,1.4611398963730569,-13.823529411764707,-1.2454545454545454,-23.08823529411765,0.6687444345503117,0.1842739990352147,-0.06126260739633904,-0.03794940079893483,0.06378600823045266,0.12472160356347439,0.14493564633463896,0.0,0.038395316804407775,-0.041757049891540166,0.0,0.09436599354185748
2007-09-30,0.05413589364844906,0.023766726582784115,0.01875820671543793,0.0226757369614512,0.07739407298554979,0.0952045133991537,0.26175869120654394,0.26175869120654394,0.25806451612903225,0.26666666666666683,0.4252631578947368,-3.4174311926605503,-4.518518518518519,-0.9946737683089214,0.002134471718249653,-0.00773930753564156,0.03899721448467952,0.06505190311418696,0.079303675048356,-0.06732673267326728,0.008797653958944274,0.011792452830188704,0.02205272757419996,0.04187889077532558,0.024390243902439046,0.001100982076011725
2007-12-31,0.0659987388776011,0.032774092859929826,0.04455901307309884,0.11396895787139694,0.07933621277563074,0.018673535093367777,0.16207455429497575,0.16207455429497575,0.17948717948717952,0.21052631578947367,0.08124076809453462,-0.5540796963946869,-0.0368421052631579,83.5,0.17997870074547384,-0.021756978653530434,-0.0340865568747607,-0.005198180636777128,0.08064516129032251,-0.09341825902335466,-0.10513565891472876,0.011655011655011593,0.012491888384166261,-0.003530689842476953,0.0,-0.07289283828963589
2008-03-31,0.06887939533355247,0.008500188893086458,-0.03472589458840125,-0.25875796178343946,0.13100252737994955,0.022123893805309658,0.4351464435146444,0.4351464435146444,0.4347826086956521,0.3913043478260869,-0.5969945355191257,0.5957446808510638,-0.29508196721311475,-1.272189349112426,-0.041516245487364656,-0.04993705413344518,0.21609833465503558,0.25669497060744595,0.13101160862354888,-0.12177985948477743,-0.08500270709258262,0.011520737327188835,0.05816375580836408,0.2597437994003815,0.0,0.36052194543297755
2008-06-30,0.17936420094693473,0.05787600674283566,-0.004565376186997816,0.05155746509129977,0.2738361266294227,0.04638218923933213,2.120505344995141,2.120505344995141,2.1060606060606055,2.1406249999999996,1.3389830508474576,0.44266666666666676,-0.4031007751937985,-1.5543478260869565,0.024011299435028333,0.12853356890459366,0.7019889142484514,0.7848232848232848,0.27126099706744866,0.0,-0.15088757396449703,0.011389521640091216,0.08010296789824367,0.8714842059714409,-0.04761904761904756,0.006033550727164716
2008-09-30,-0.009906152241918709,-0.07542492917847021,0.011557512383048918,0.05107252298263543,-0.018492800233900986,-0.08096926713947994,-0.7608221737776394,-0.7608221737776394,-0.7609756097560976,-0.7562189054726368,0.10579710144927534,-1.656192236598891,6.48051948051948,7.254901960784315,0.1935632183908047,-0.26575342465753415,-0.07337164750957859,-0.042516016307513116,-0.0034602076124566894,-0.42399999999999993,-0.6250871080139373,0.011261261261261257,-0.008691994953035298,0.026705202312138798,-0.07500000000000007,-0.12036330860431255
2008-12-31,0.014007372301211074,-0.11547299885101492,0.04552049328980767,-0.002915451895043719,0.0011170688114388039,-0.3028938906752412,-0.67578125,-0.67578125,-0.673469387755102,-0.6530612244897959,-0.5019659239842726,-4.205633802816902,-0.9722222222222222,-2.7173396674584325,-0.2785053929121726,-0.3869936034115139,-0.15236716973330588,-0.13199513381995132,0.0,-0.3842592592592593,-0.40706319702602234,0.011135857461024523,-0.012728044123886173,-0.004841797094921718,-0.1351351351351351,-0.11287144320958464
2009-03-31,-0.05598255089322812,-0.03896947391210215,-0.04891587163920208,-0.2241715399610137,-0.05921297329465147,-0.08763837638376382,-0.9437751004016064,-0.9437751004016064,-0.9375,-0.9411764705882353,-0.3052631578947368,-0.8892794376098418,7.9375,-0.8713692946058091,-0.04965296316070478,0.018260869565217552,-0.2219512195121951,-0.21373510861948142,-0.05787037037037035,0.022556390977443552,0.10971786833855801,0.011013215859030812,-0.003437902879243726,-0.09775967413441955,-0.12499999999999989,0.23869391381608174
2009-06-30,0.07844647375948943,0.13268754223924306,0.049060733175269045,-0.03831658291457285,0.09140507630268058,0.4105156723963599,42.642857142857146,42.642857142857146,38.0,38.0,0.39393939393939403,0.8968253968253967,-2.937062937062937,-5.881720430107527,0.25505617977528083,0.26985482493595203,-0.6137931034482759,-0.6149732620320856,0.09090909090909083,0.34558823529411753,0.5677966101694916,0.01089324618736387,0.012074169900819332,-0.5900426385753699,-0.07142857142857151,0.17781443890542614
2009-09-30,0.058304427667822845,-0.03599840891010342,-0.003998609179415857,-0.007184846505551956,0.08432949358835029,0.06021505376344094,0.05237315875613757,0.05237315875613757,0.07692307692307687,0.0512820512820511,0.44565217391304346,2.2384937238493725,-1.3140794223826715,-1.5991189427312775,-0.12175470008952549,0.04841963685272366,-0.10227272727272729,-0.09722222222222232,0.08333333333333326,-0.03825136612021862,1.6504504504504505,0.010775862068965747,0.024570373526487943,-0.061792597124503024,-0.03846153846153855,-0.029018604792789504
2009-12-31,0.02641345736733025,0.13905508561997104,-0.00506196543899462,0.012499999999999956,0.03848466626578473,0.03583502366463831,0.15085536547433898,0.15085536547433898,0.1428571428571428,0.14634146341463405,0.7161654135338347,-0.7015503875968992,-0.28735632183908044,-3.1286764705882355,0.2951070336391437,0.08017960230917254,0.27486437613019876,0.2897435897435896,0.03638253638253652,-0.005681818181818232,0.16791298436437785,0.010660980810234477,0.011782644857222024,0.21356374307140524,0.08000000000000007,0.125
2010-03-31,0.02028645221883063,0.09617822858177871,-0.05719298245614035,-0.16959064327485385,0.04883227176220806,0.013707571801566676,0.10270270270270276,0.10270270270270276,0.08333333333333348,0.1063829787234043,-0.29572836801752467,-1.3333333333333333,0.7903225806451613,-0.07772020725388606,0.21015348288075564,0.11638954869358664,0.31489361702127683,0.3399602385685885,0.04714142427281831,0.07999999999999985,-0.14493597206053555,0.010548523206751037,0.027949034114262084,0.26706072004298775,0.07407407407407396,0.32003679545074415
2010-06-30,0.037464905417222916,0.0674157303370786,0.023260141421659775,0.1400625978090766,0.04232609495767381,0.10238248551191242,0.11887254901960786,0.11887254901960786,0.13461538461538458,0.1153846153846152,0.04510108864696738,-5.987012987012987,-0.4414414414414415,-0.7397003745318351,0.04520325203252029,-0.02659574468085102,0.05231930960086295,0.06973293768545985,0.042145593869731934,-0.07407407407407407,-0.30428863172225995,0.010438413361169019,0.004664800746368103,0.0515267175572518,0.0,-0.06371027346637104
2010-09-30,0.09445011312719043,0.1397832817337461,0.12802327695944715,0.16266300617707619,0.08380414312617712,-0.06425233644859818,-0.140197152245345,-0.140197152245345,-0.15254237288135586,-0.13793103448275856,-0.36309523809523814,1.3489583333333335,-6.580645161290323,-0.36690647482014394,0.027380211574362212,-0.04808743169398899,-0.008200922603792904,0.0,0.08272058823529393,-0.08571428571428563,-0.13894324853228956,0.010330578512396604,-0.00968426638365616,0.025408348457350183,-0.0344827586206895,-0.01968965672786327
2010-12-31,0.04714227807053106,0.20317805242428366,0.032887312590681894,0.17237308146399055,0.052074283231972274,-0.2946317103620475,0.329936305732484,0.329936305732484,0.3400000000000001,0.30000000000000004,3.88785046728972,-0.37915742793791574,-1.5057803468208093,13.727272727272727,0.39248940036341606,0.057405281285878296,0.03462532299741583,0.04160887656033285,0.05008488964346358,-0.025000000000000022,0.011363636363636243,0.010224948875255713,0.0046885465505692725,0.16676499508357945,-0.1071428571428572,0.026274013574140165
2011-03-31,0.03201331630085558,0.020092561237159856,-0.01592008740440143,-0.046324269889224556,0.04794838709677429,0.7017699115044247,-0.28352490421455934,-0.28352490421455934,-0.28358208955223885,-0.27692307692307694,-0.7260994263862333,0.17321428571428577,-0.6742857142857143,-1.021604938271605,-0.006089604175728569,0.14983713355048844,-0.07142857142857129,-0.0679094540612516,0.045270816491511656,0.09615384615384603,0.05730337078651693,0.010121457489878471,0.01546666666666674,-0.07618405528400474,0.040000000000000036,0.06965274508485209
2011-06-30,0.04369842460615159,0.0323116078344583,0.03394131641554332,0.0997888067581838,0.046838061465721115,0.04264170566822667,0.009358288770053402,0.009358288770053402,0.0,0.0,-0.04712041884816753,-0.2313546423135464,0.26315789473684204,-2.392857142857143,0.008533916849015277,-0.07318224740321067,-0.09628832705755785,-0.09357142857142853,0.04640371229698381,-0.11111111111111105,-0.05207226354941552,0.01002004008016022,0.003019957983193322,-0.08721036307243213,-0.03846153846153855,-0.06136563691998154
2011-09-30,0.012506738544474372,-0.006967520634580393,-0.005675717134529856,-0.035525684109457556,0.018113385085862133,0.034912718204488824,0.07417218543046356,0.07417218543046356,0.08333333333333348,0.08510638297872353,0.6721611721611722,-0.17227722772277232,-0.36111111111111116,6.487179487179487,0.06335430679106091,-0.22007131940906766,-0.03154761904761905,-0.024428684003152235,0.017738359201773912,-0.25657894736842113,-0.1782511210762332,0.009920634920634885,0.005498101845791359,-0.058964621227263536,0.040000000000000036,0.029607466619032685
2011-12-31,-0.011535867674724032,-0.06336355785837655,0.03656278926257328,0.04380288700846191,-0.025970425138632125,-0.09060240963855426,-0.3945745992601726,-0.3945745992601726,-0.3846153846153846,-0.33333333333333326,0.26725082146768897,0.13875598086124397,16.5,-1.821917808219178,-0.048969598041216034,-0.10973220117570215,-0.1819299323909036,-0.1801292407108238,0.007988380537400142,-0.12389380530973448,-0.11459754433833558,0.015717092337917515,-0.01458143470902229,-0.24490229396771457,0.1153846153846152,-0.10266308119361545
2012-03-31,0.023017810973858133,0.12953785870692647,0.059979163566006743,-0.15069146399618505,0.01133883670177438,0.01748807631160565,-0.05906313645621186,-0.05906313645621186,-0.0625,-0.11764705882352955,-0.341400172860847,0.26890756302521,-1.7354037267080744,-4.454166666666667,0.17785882857755841,-0.0044020542920030215,-0.11269722013523664,-0.11625615763546804,0.012247838616714635,-0.010101010101010055,0.16795069337442214,0.01547388781431347,-0.011362135024441833,-0.10154711673699002,-0.0344827586206895,0.32995794866837436
2012-06-30,0.009301835796272195,-0.04315886134067948,0.03229429935411399,0.06232453677709149,0.0017357038982970252,-0.006249999999999978,0.0,0.0,0.03333333333333344,0.0,-0.25196850393700787,-0.11423841059602646,-1.560810810810811,-1.5814234016887818,-0.0877959927140255,-0.014001473839351464,-0.11685012701100761,-0.12374581939799334,0.020640569395017794,-0.030612244897959218,0.08970976253298146,0.01333333333333342,-0.007617265802485562,-0.1051972448340639,0.0,-0.09928949137758725
2012-09-30,0.022814217152396177,0.014715291106845774,0.023394994559303495,0.05021141649048633,0.022712372389247948,0.06813417190775684,0.12770562770562766,0.12770562770562766,0.12903225806451601,0.16666666666666674,0.11228070175438587,-0.09906542056074763,-0.5,-0.8838174273858921,-0.011182108626198062,-0.10239162929745893,-0.13231064237775658,-0.13994910941475835,0.030683403068340276,-0.11578947368421055,0.002421307506053294,0.015037593984962516,0.0,-0.12631210636808954,-0.0357142857142857,-0.03381281901264943
2012-12-31,-0.0011900714042842875,0.018810424548129534,0.04226475279106867,-0.015601409159537005,-0.016163743761161253,0.05299313052011767,-0.45681381957773515,-0.45681381957773515,-0.4285714285714285,-0.4285714285714285,0.9558359621451105,1.0892116182572615,0.25903614457831314,-1.6428571428571428,0.007269789983844976,0.02747710241465451,-0.11160220994475134,-0.11834319526627213,-0.012855209742895779,-0.011904761904761862,0.1557971014492754,0.01851851851851838,-0.015082143819014293,-0.13616339607529038,0.03703703703703698,0.03495437556117009
2013-03-31,-0.02655319148936175,-0.04394017534811756,-0.08122927824534554,-0.08231083844580778,-0.006608954668156031,-0.15470643056849953,0.7455830388692579,0.7455830388692579,0.6499999999999999,0.6499999999999999,-0.4975806451612903,-0.8788480635551142,2.0095693779904304,-6.305555555555555,-0.038291900561347236,0.01701782820097253,0.017412935323383172,0.016778523489932917,-0.008224811514736086,0.03614457831325302,0.1400208986415883,0.016363636363636358,0.020508613617719273,0.03198887343532686,-0.0357142857142857,0.04182386764854229
2013-06-30,-0.007204056653261071,-0.023303484734059743,-0.03747397640527417,-0.11030640668523672,0.0015929535232384051,0.0926130099228224,0.2914979757085021,0.2914979757085021,0.303030303030303,0.303030303030303,-0.3659711075441413,0.8688524590163935,-0.43561208267090623,0.02617801047120416,-0.04085887012716283,0.15856573705179278,0.10024449877750619,0.10396039603960405,0.011748445058742174,0.16279069767441867,0.12923923006416138,0.017889087656529634,0.008842443729903504,0.08984725965858043,0.03703703703703698,0.09779619659940342
2013-09-30,0.011448096093557458,0.008284546559151673,-0.002739726027397249,-0.01189730745147155,0.017354289456450456,0.04288597376387493,-0.3605015673981191,-0.3605015673981191,-0.34883720930232553,-0.34883720930232553,0.2278481012658229,-0.013157894736842146,0.022535211267605604,-0.7908163265306123,-0.008911106281243253,0.009628610729023324,-0.057777777777777706,-0.05231689088191338,0.026639344262294973,0.0,-0.09009740259740251,0.017574692442882123,0.005843293492695745,-0.0618301731244848,0.0,0.0204099633079311
2013-12-31,-0.008218987253604482,-0.025964066608238356,0.050751879699248104,0.10646387832699622,-0.02698974665501863,-0.053701015965166854,0.031862745098039325,0.031862745098039325,0.10714285714285698,0.0714285714285714,1.647422680412371,0.9066666666666667,0.9724517906336088,-4.512195121951219,0.03157894736842115,0.0865122615803815,0.08018867924528306,0.08359621451104093,0.011310711909514382,0.06000000000000005,0.1471900089206064,0.017271157167530138,-0.018880380248217588,0.1019332161687172,-0.0357142857142857,-0.11968190854870786
2014-03-31,0.037432403960952376,0.08120571364300977,0.07678546855648816,0.17182130584192445,0.02306020224931471,0.17024539877300615,-0.28503562945368166,-0.334916864608076,-0.32258064516129037,-0.33333333333333326,0.3528037383177569,-0.29836829836829837,0.6438547486033519,0.8333333333333333,0.05612244897959173,0.17680250783699059,-0.08842794759825323,-0.10625909752547302,-0.026973684210526372,0.1603773584905659,0.08942457231726286,0.01697792869269965,-0.11855739469788718,-0.16028708133971292,0.07407407407407396,-0.07733396174541451
2014-06-30,0.009748172217709072,0.02611047539789868,0.022364217252396124,0.06402737047898333,0.00521939953810624,0.08431629532546969,-0.43853820598006643,-0.4821428571428571,-0.47619047619047616,-0.45000000000000007,-0.5722510074841681,-0.06312292358803984,-0.7349192863211556,-0.43181818181818177,0.030193236714975757,0.12892914224826857,-0.26467065868263473,-0.2736156351791531,0.019607843137255054,0.16260162601626016,0.24982155603140632,0.016694490818029983,-0.003969465648855031,-0.32288698955365625,0.034482758620689724,-0.035629150349054894
2014-09-30,-0.0005698578707428181,0.015105433901054344,-0.004375000000000018,-0.017914561322921463,0.0007351927583514328,0.023368251410153196,5.0,5.827586206896552,6.0,5.545454545454545,0.5033647375504711,-0.3971631205673759,0.14423076923076916,0.5666666666666667,0.045916373583430925,-0.018404907975460127,0.5048859934853418,0.452914798206278,0.007957559681697646,-0.034965034965035,0.3346659051970302,0.016420361247947435,0.0013795217657879277,0.3892005610098177,0.06666666666666665,0.03361288898697845
2014-12-31,0.008317960758007725,0.022470787975631623,0.05599497802887643,0.0869971936389149,-0.009183158088066468,-0.053543307086614145,-0.02564102564102566,-0.027272727272727226,-0.025974025974025983,-0.11111111111111105,-0.004476275738585445,0.22941176470588243,1.0728291316526612,-1.1872340425531915,-0.008219689893517623,-0.02548076923076925,0.32683982683982693,0.279320987654321,-0.002631578947368318,-0.03623188405797084,-0.3478818998716303,0.016155088852988664,-0.01836828409612734,0.2357395254921757,0.03125,-0.05935985309503977
2015-03-31,-0.02461497521870737,-0.09767532721234617,-0.05469028652954466,-0.18459552495697074,-0.013021919458732989,-0.43261231281198,-0.5880566801619433,-0.6022845275181723,-0.6000000000000001,-0.546875,-0.45953237410071945,2.411483253588517,-0.22432432432432436,21.84090909090909,-0.18930118666415519,0.16033547113961522,0.048123980424143564,0.04463208685162834,-0.00395778364116095,0.16541353383458635,-0.07611548556430447,0.019077901430842648,0.010291595197255754,0.15318627450980404,-0.09090909090909094,0.10659886954350428
2015-06-30,0.019268151280564805,0.06819657934617873,0.11092944283737904,0.06701846965699199,-0.014790121138135048,0.04398826979472137,0.21867321867321876,0.23237597911227148,0.26666666666666683,0.24137931034482762,-0.08985024958402665,-1.1262272089761571,-0.9390243902439024,-1.6606965174129353,0.15427509293680308,-0.09566326530612246,0.14319066147859916,0.12702078521939963,0.009271523178808083,-0.09032258064516141,-0.1413352272727273,0.018720748829953227,-0.035190615835777206,0.2865745660644705,-0.1333333333333333,0.0011077150300518035
2015-09-30,-0.033123661670235505,-0.06232265910012158,-0.0005660590965697043,-0.027695351137487667,-0.046990420816851786,-0.024578651685393305,-0.5725806451612903,-0.6016949152542372,-0.5789473684210527,-0.5833333333333333,0.2742230347349177,-3.2111111111111112,27.0,-1.7951807228915664,-0.106280193236715,-0.16690173953925724,-0.26820966643975497,-0.2704918032786886,-0.01837270341207342,-0.17730496453900713,-0.2704714640198511,0.018376722817764257,-0.02031674932010863,-0.16079295154185025,-0.15384615384615385,-0.035612564801344115
2015-12-31,-0.012146169285071617,-0.10634388846860476,0.0969642048028998,0.43133265513733465,-0.060459068860329035,2.5521958243340532,0.05660377358490565,0.05319148936170204,0.0625,0.26666666666666683,0.3830703012912482,-1.6884422110552764,0.03469387755102038,-1.1136363636363635,0.013513513513513598,0.0056433408577878375,-0.35720930232558146,-0.3553370786516853,-0.009358288770053513,0.02586206896551735,0.40362811791383235,0.018045112781954753,-0.05682560418027438,-0.5531496062992127,0.40909090909090917,-0.3756506958461703
2016-03-31,-0.021088030265877356,-0.1319385657274157,0.028294093349855443,-0.08884150675195446,-0.046306152863529904,-0.7332792865828942,-2.642857142857143,-2.97979797979798,-3.117647058823529,-2.894736842105263,-1.0860995850622406,-1.5547445255474452,-0.09960552268244571,-17.0,-0.21333333333333337,0.043771043771043905,-0.6063675832127351,-0.5729847494553377,-0.020242914979757165,0.05882352941176472,0.5177705977382874,0.019202363367799125,-0.03237534626038785,-0.6226138032305433,0.0,-0.04730304577165212
2016-06-30,0.09690463410270178,0.4972137085539148,0.10273147218316936,-0.04524180967238689,0.09437437213974764,-0.31762917933130697,-6.997282608695652,-6.5688775510204085,-6.722222222222222,-6.194444444444445,-7.337349397590361,-57.76315789473684,0.32530120481927716,-4.754166666666666,1.0180790960451978,0.06236559139784936,3.772058823529412,3.0,0.14944903581267233,0.07936507936507953,2.0931346460883447,0.020289855072463725,0.010377527285739818,3.9610894941634243,-0.06451612903225812,0.5681728880157171
2016-09-30,-0.06015724398916911,-0.21103563785242396,0.0037337218832529384,-0.06290849673202614,-0.09628231934315878,1.791759465478842,-0.8713185319438151,-0.8808978469995419,-0.8689320388349515,-0.8609625668449198,0.23954372623574138,-1.0653685674547984,1.2603305785123968,-1.6445615982241955,-0.3251679731243001,0.10323886639676116,0.06933744221879823,0.03316326530612246,-0.028759736369083355,-0.03676470588235292,-0.7973158981417756,0.01846590909090917,-0.052063042323357456,-0.08666666666666667,0.13793103448275867,-0.15806018086148377
2016-12-31,-0.031587351174980016,0.06710697016157563,-0.0982580293957539,0.19921534437663468,0.009705998532814286,0.8623853211009174,4.535211267605634,4.946153846153846,5.111111111111111,4.153846153846154,1.187116564417178,0.042553191489361764,-0.8361974405850091,-1.2023245802841154,0.09749014727235017,0.09128440366972468,0.6210374639769451,0.5827160493827162,0.03639728562615674,0.12213740458015265,0.03056027164685915,0.019525801952580135,0.044087427610685515,0.6449119793902962,0.0,-0.11016719874465675
2017-03-31,0.014552492920893112,-0.036472148541114024,-0.0013079786698863005,-0.11995637949836424,0.02319342759738441,-0.4913257656885843,-0.94529262086514,-0.9598965071151359,-0.9575757575757575,-0.9477611940298507,-0.8660589060308556,0.10884353741496589,-0.1339285714285714,-1.951063829787234,-0.0844830844830845,0.10298444724674227,0.11955555555555564,0.11934477379095143,0.03571428571428559,0.061224489795918435,-0.30477759472817145,0.02188782489740082,0.01198783324387187,0.012007308796658789,0.09090909090909083,0.0948616600790515
2017-06-30,-0.016781487369722625,-0.032920394585914226,-0.017731210961112187,0.1598513011152416,-0.016167795499235305,0.05136842105263151,4.104651162790698,5.693548387096774,5.571428571428571,4.999999999999999,0.46596858638743455,-0.05521472392638038,0.9329896907216495,0.46532438478747196,-0.13521882741535918,0.08422256097560976,-0.42199285430726474,-0.41184668989547035,0.0,0.0512820512820511,-0.04739336492891,0.02008032128514059,-0.0017680339462518013,-0.5112200154758835,0.19444444444444442,-0.1662038322688143
2017-09-30,0.009486166007905084,-0.02099395089550471,0.09856410256410264,0.0915242165242165,-0.038585387519431524,0.044052863436123246,-0.11161731207289294,-0.11807228915662649,-0.10869565217391308,-0.0714285714285714,1.3035714285714284,0.8961038961038961,-0.3906666666666667,-0.5053435114503817,-0.07734542850322268,0.052372583479789236,0.0528846153846152,0.05094786729857814,-0.006896551724137834,0.04878048780487809,0.7823383084577116,0.0209973753280841,-0.05331207934821114,0.037994722955145166,0.0,-0.10308076602830973
2017-12-31,-0.021356873353741035,0.06942088684274283,0.09457566987209409,0.04698205546492651,-0.09349194433215913,0.011507479861910141,-4.62051282051282,-4.9289617486338795,-5.048780487804878,-5.256410256410256,0.3767441860465117,-0.15753424657534243,-0.936542669584245,-2.3950617283950617,0.11694695989650716,0.040748162992651826,-1.258317025440313,-1.2006764374295378,-0.09548611111111116,0.04651162790697683,-0.02023726448011176,0.020565552699228773,-0.08830682881197371,0.0,-0.16279069767441867,0.021425919049387288
2018-03-31,-0.024005237506365074,-0.13186813186813184,0.05305356533606287,-0.0666874415705827,-0.0818575614727991,-0.051952976867652656,-0.5828611898016998,-0.5737134909596662,-0.5662650602409638,-0.5662650602409638,-0.6396396396396397,0.3089430894308942,32.06896551724138,-3.7013274336283186,-0.28283530229325926,-0.0003209242618742447,1.2803030303030303,1.3876404494382024,-0.06653870761356373,0.10555555555555562,0.0,0.022670025188916698,-0.07367124974348449,0.0,0.0277777777777779,-0.06983676882248158
2018-06-30,-0.025862711485428957,-0.15385619209187007,-0.012716669366596434,-0.029048414023372326,-0.03718864913619646,0.0988,-2.2529711375212225,-2.164763458401305,-2.2083333333333335,-2.0833333333333335,1.234375,0.7251552795031055,-0.3545359749739312,-0.12121212121212122,-0.3465762273901809,-0.11364365971107537,-0.1749723145071983,-0.24235294117647066,-0.020562028786840325,-0.05025125628140703,0.0,0.022167487684729315,-0.018830305715551665,0.0,0.05405405405405417,-0.12854686156491846
2018-09-30,0.009640397857689331,0.022825416409623767,0.018459266551809073,0.07015130674002745,0.0009368019024285079,0.09501274117218794,-0.15311653116531165,-0.15826330532212884,-0.13793103448275856,-0.14102564102564097,0.3188811188811189,-0.54005400540054,-0.13085621970920835,-0.8881640260950606,-0.05931784478497282,0.15501629844259335,-0.18791946308724827,-0.2577639751552795,0.013296011196641144,0.17989417989418,0.0,0.02168674698795181,-0.008579814856626844,0.0,0.0512820512820511,-0.044221195676548364
2018-12-31,0.04217187026371638,0.060615199034981915,0.09706782664733371,0.06394601542416445,-0.007055435565154755,0.008976063829787329,-0.5327999999999999,-0.5574043261231281,-0.5466666666666666,-0.5522388059701493,-0.0021208907741251393,0.2152641878669277,-1.224907063197026,-4.766666666666667,0.23751970572779824,-0.002822201317027262,-2.368595041322314,-2.6694560669456067,0.008977900552486151,-0.013452914798206206,0.0,0.021226415094339535,-0.04850831245729903,-0.5643111337061515,0.024390243902439046,-0.003143916287363324
2019-03-31,-0.006689692783130363,-0.09738413420528858,-0.00029370732065492344,-0.07610993657505283,-0.013413573085846897,-0.07347611202635917,0.7089041095890412,0.7857142857142858,0.7941176470588234,0.8333333333333335,-1.030818278427205,-0.2222222222222222,-4.24793388429752,-2.9889380530973453,-0.38174097664543527,-0.004402515723270439,1.1606280193236715,1.0125313283208022,-0.01368925393566045,-0.01363636363636378,1.1894586894586894,0.023094688221708903,-0.009334609861177623,1.0676779463243875,0.023809523809523725,-0.023018263980418063
2019-06-30,0.009296877859521935,-0.005985194518821846,0.03224384869629082,0.1167048054919908,-0.013375468508855737,0.045519203413940224,-0.7895791583166333,-0.8568421052631578,-0.8524590163934427,-0.8363636363636364,-6.275862068965517,0.14078674948240155,-1.3333333333333333,-0.6907675194660734,-0.19093406593406592,0.009791535060012624,-0.30743432084963673,-0.3038605230386052,-0.011103400416377474,0.023041474654378113,-0.5478204294079375,0.02257336343115135,-0.02536844648465819,-0.32562076749435664,0.0,-0.10985304745844371
