Quarter end,Assets,Current Assets,Liabilities,Current Liabilities,Shareholders equity,Revenue,Earnings,Earnings available for common stockholders,EPS basic,EPS diluted,Cash from operating activities,Cash from investing activities,Cash from financing activities,Cash change during period,Cash at end of period,Price,ROE,ROA,Book value of equity per share,P/B ratio,P/E ratio,Cumulative dividends per share,Equity to assets ratio,Net margin,Asset turnover,Current ratio
1994-01-29,0.009934111009082258,-0.014149375077109005,-0.07678726819782544,0.046590112581234244,0.058945826582924576,0.028551092899809838,-0.3013012382242667,-0.3013012382242667,-0.31818181818181823,0.0,0.20463955970475523,-0.8269368144893637,3.6292306820114515,-0.5487306203669283,-0.29803055186256877,0.16578483245149922,-0.07661612130885875,0.03409090909090895,0.052173913043478404,-0.07478260869565212,0.05776892430278879,inf,0.04852089528877768,-0.0662790697674418,0.005050505050504972,-0.05804456043690498
1994-04-30,0.009934111009082258,-0.014149375077109005,-0.07678726819782544,0.046590112581234244,0.058945826582924576,0.028551092899809838,-0.3013012382242667,-0.3013012382242667,-0.31818181818181823,0.0,0.20463955970475523,-0.8269368144893637,3.6292306820114515,-0.5487306203669283,-0.29803055186256877,0.16578483245149922,-0.07661612130885875,0.03409090909090895,0.052173913043478404,-0.07478260869565212,0.05776892430278879,inf,0.04852089528877768,-0.0662790697674418,0.005050505050504972,-0.05804456043690498
1994-07-30,-0.0027804734498761974,-0.05095105021184532,-0.06769475768856459,-0.09780685435528547,0.029204208987354985,0.028551092899809838,-0.3013012382242667,-0.3013012382242667,-0.31818181818181823,0.0,0.20463955970475523,-0.8269368144893637,3.6292306820114515,-0.5487306203669283,-0.19159247258919532,-0.02571860816944027,-0.07661612130885875,0.03409090909090895,0.03305785123966953,-0.07478260869565212,0.05776892430278879,2.0,0.032094342439169976,-0.0662790697674418,0.005050505050504972,0.051975371985633734
1994-10-29,0.09721509663053207,0.12944663037805793,0.15268409834150898,0.172871469059233,0.072457488028554,0.27836809027189435,1.1114493145743145,1.1114493145743145,1.1333333333333333,0.0,1.3364859094790775,3.426030099357101,-0.6742024370828485,-0.39309654181001763,-0.14383603595326688,-0.13975155279503115,-0.07661612130885875,0.03409090909090895,0.07200000000000006,-0.16729323308270683,0.05776892430278879,0.6666666666666667,-0.022562915822967988,-0.0662790697674418,0.005050505050504972,-0.03701897283324396
1995-01-28,0.028712151697065647,0.04451073513406545,-0.004151138159123824,-0.02354883134895447,0.044477355753529846,0.22405817395932193,0.2681986609288072,0.2681986609288072,0.28125,0.0,1.8260523935271058,-0.5615225267605866,1.4021350975453895,-6.078857720764359,0.8532510037826284,-0.09747292418772568,-0.07661612130885875,0.03409090909090895,0.05970149253731338,-0.15801354401805867,0.05776892430278879,0.40000000000000013,0.01538916839301585,-0.0662790697674418,0.005050505050504972,0.06969205834683967
1995-04-29,-0.03468439970382853,-0.07305669199298659,-0.12468760532390477,-0.15410514944184373,0.006481815431868876,-0.29848494742489007,-0.5780419827724124,-0.5780419827724124,-0.5731707317073171,0.0,-1.0961698880647686,-0.4637956671497675,-0.0806678768152228,-1.6092709332243376,-0.28051301970870013,-0.018000000000000016,-0.07661612130885875,0.03409090909090895,0.0,-0.07238605898123329,0.05776892430278879,0.2857142857142856,0.042553191489361764,-0.0662790697674418,0.005050505050504972,0.09578598484848477
1995-07-29,0.03397790283698798,0.035214937837357185,0.07178585569451967,0.07400627676909588,0.018938753570793887,0.02336076390852715,-0.3531818091114082,-0.3531818091114082,-0.37142857142857133,0.0,-1.8855567509413662,1.1479921370401573,-0.7587703620487157,-0.5785549028545872,-0.16431268400968424,0.014256619144602967,-0.07087294727744164,0.03409090909090895,0.021126760563380254,0.014450867052023142,0.05776892430278879,0.11111111111111116,-0.014537321778026357,-0.06226650062266492,0.0,-0.03612323380719862
1995-10-28,0.1431186533537685,0.23601461764897502,0.3541550162174254,0.437579411654603,0.054819336906889005,0.3309273080226687,2.605695070031468,2.605695070031468,2.681818181818182,0.0,5.116932422171602,-0.044025362792521894,0.9380468529494779,-2.5298667374135224,0.3008021122154587,0.0742971887550199,0.04651162790697683,0.03409090909090895,0.05517241379310356,0.05128205128205132,0.11676082862523529,0.19999999999999996,-0.07716312056737584,0.03452855245683928,0.0,-0.14018021248935308
1996-02-03,0.024619004097482522,0.022310340145833774,-0.12076161157309206,-0.154849234492636,0.10270926109533329,0.31679540871454903,0.32309732620320863,0.32309732620320863,-0.33333333333333337,0.0,1.0566720456802385,0.2810865328729186,-0.99865287992427,2.4067097979056893,0.7877797039934358,0.2392523364485981,0.06266666666666665,0.06851971557853909,0.10457516339869266,0.17344173441734423,0.14333895446880285,0.16666666666666674,0.07608361512450035,0.034659820282413545,0.03015075376884413,0.2095933263816474
1996-05-04,0.012908716264316666,-0.00858329199364083,-0.08380076715604301,-0.11761070351467351,0.05432823338146986,-0.26868279940766904,-0.4724871796529938,-0.4724871796529938,-0.4814814814814815,0.0,-0.801077945867321,0.04750403650872026,380.6756756756757,-1.1050848917708236,-0.04630533882249821,0.20060331825037703,0.028858218318695172,0.0362976406533575,0.059171597633136175,0.0877598152424941,0.07374631268436582,0.1428571428571428,0.0409941436937582,0.02605459057071946,0.009756097560975618,0.12357758620689663
1996-08-03,0.03623035131465957,0.027457373894652637,0.2550406467438331,0.31763797285833717,-0.04520590634696986,0.006451039119474977,-0.19348313780294946,-0.19348313780294946,-0.1785714285714286,0.0,1.792754524629458,0.13511929784333954,8.527333238918,0.4351827700562656,-0.06968333487115752,0.17839195979899514,0.04634146341463419,0.033858727378867526,-0.033519553072625774,0.11252653927813161,0.08562271062271076,0.125,-0.07862239297475304,0.03143893591293834,0.004830917874396157,-0.22024015038170874
1996-11-02,0.06866018785833372,0.10328682424996338,0.23275293325460988,0.2770430369012433,-0.011616141125547985,0.2344486247417068,1.0414956680346559,1.0414956680346559,1.0869565217391304,0.0,0.21766527242109834,0.3077613682273197,0.09185031030510249,-0.04089209679094408,-0.07183987958297433,-0.01279317697228155,0.01903651903651893,0.005081874647091977,0.0,0.02099236641221358,-0.09405314213412064,0.16666666666666674,-0.07505584512285923,-0.004689331770222682,0.009615384615384581,-0.13608186559086877
1997-02-01,-0.0004676282534218368,-0.07599443617625445,-0.02356892552689449,-0.054102815123691084,0.013628014747957717,0.20600204194372207,0.27455885637703825,0.27455885637703825,0.27083333333333326,0.0,0.6095021413276231,0.3025778326983146,0.35822277285011195,-1.2266316558837065,0.017541360063024758,-0.018358531317494542,0.03583682805947386,0.008988764044943975,0.034682080924855585,-0.01869158878504662,-0.06657355679702048,0.09523809523809534,0.01400740621478036,0.00942285041224955,0.0,-0.023120728929384993
1997-05-03,-0.04739834795561504,-0.1448322556620062,-0.0911958060870558,-0.14336891660300222,-0.021655273289935772,-0.26183287207355854,-0.5075298213638966,-0.5075298213638966,-0.4918032786885246,0.0,-1.160560553901759,-0.34590755771055126,-0.5814802006745954,-29.786550406115623,-0.49625033975504695,0.05500550055005493,0.022819285977180748,-0.006681514476614692,-0.005586592178770999,0.020952380952381056,0.008977556109725615,0.08695652173913038,0.026992696093998125,-0.016336056009334854,0.00952380952380949,-0.0016905677975983524
1997-08-02,0.029704905061710418,0.0566120893505615,0.1505081055881996,0.17884151852967767,-0.03625322955909949,0.09262207335041173,-0.1761007781362688,-0.1761007781362688,-0.16129032258064513,0.0,-2.84185540671178,-1.061509175513164,0.6431034895696117,-0.8983614175874789,-0.1001254889778167,0.1637122002085507,0.022310183519251625,-0.0033632286995515237,-0.03370786516853941,0.16977611940298498,0.1423628274839348,0.08000000000000007,-0.06400742115027824,-0.03202846975088958,0.028301886792452935,-0.10370802919708033
1997-11-01,0.2516065786772401,0.4678021362280398,0.7232835163278875,0.28703219746586317,-0.05583408815989632,0.3127500983109839,1.3686688358432435,1.3686688358432435,1.3846153846153846,0.0,1.327803552181452,-17.541509742917963,-2.8890670437070454,-17.64062053480302,1.8515362392572268,0.26971326164874543,0.09292502639915523,0.007311586051743424,-0.04069767441860472,0.31419457735247214,0.24664647338814372,0.11111111111111094,-0.24562272877436409,-0.002450980392156965,0.00917431192660545,0.14046517688448756
1998-01-31,0.03485995368791306,0.0385635303333427,0.0007430599230460189,-0.015463866343898736,0.07544766583698959,0.22624790550522977,0.3105523239911745,0.3105523239911745,-0.06451612903225812,0.0,1.2044933867493408,0.18447024817113622,-1.5406003927514593,-0.29980226293632184,0.454646680259972,0.16302046577275942,0.1030595813204509,0.02400893355667222,0.08484848484848495,0.212378640776699,0.07254425546685184,0.06666666666666665,0.03919421940004386,0.0073710073710073765,0.0181818181818183,0.0548986003998857
1998-05-02,0.04321315762507405,0.007366133481744752,0.019192297076274123,0.00753972576214168,0.06980490989188026,-0.20585145365067037,-0.36894293558919555,-0.36894293558919555,-0.39655172413793105,0.0,-0.6699730968240372,0.6201380647533723,-0.5448823168381839,-1.2692802259213969,-0.08416295340731017,0.22633495145631066,0.08379562043795596,0.011995637949836269,0.07262569832402233,0.13013013013013008,0.07152103559870548,0.0625,0.025495153813737792,0.02073170731707319,-0.008928571428571397,-0.00021661431820640953
1998-08-01,0.02913009237372499,-0.005645634378893427,0.14921915654358564,0.2662158266468073,-0.09752230082688329,0.10772617740644952,0.0059382946511252754,0.0059382946511252754,0.0,0.0,0.1828596095098951,0.1148532931660613,3.977905663927743,3.1780886084184505,-0.383955069507386,0.2968827313211282,0.12042025862068972,0.03286637931034497,-0.08333333333333326,0.2090345438441099,0.18212020537601936,0.0588235294117645,-0.123073762071091,0.032258064516129226,0.0,-0.2147112988841946
1998-10-31,0.04789418469619888,0.004049026701439029,0.21662487523431606,0.3340590365065059,-0.17871129190563784,0.2598350630193651,0.7369916857840058,0.7369916857840058,0.19999999999999996,0.17647058823529416,-0.7162320223825431,-0.06740668421856277,-0.6682889642811016,-0.24109720435867177,-0.47299240887643224,-0.03891644410530326,0.151959605674441,0.07042253521126751,-0.1647727272727273,0.0483516483516484,-0.1346448645886562,0.08333333333333348,-0.21626054358013114,0.02662037037037024,0.04054054054054057,-0.24734446130500765
1999-01-30,0.055704743923781,0.016496266251485814,-0.043431455138838615,-0.07967429860188513,0.25293313036028775,0.2624573532426535,0.32008967440451896,0.32008967440451896,0.30952380952380976,0.30000000000000004,14.483001384950208,0.0661066816172422,3.0999601147176694,-2.20536831781492,1.081825146030834,0.3775307661770544,0.13713212273011877,0.08723196881091622,0.24489795918367352,0.649895178197065,0.38854443460289345,0.0,0.1868460388639761,0.027057497181510737,0.06060606060606055,0.10447214076246336
1999-05-01,0.04136133962374111,0.024952666490011932,-0.04189495615503047,-0.100163350402388,0.16781821451515833,-0.24823092501498434,-0.3552015293930222,-0.3552015293930222,-0.5636363636363637,-0.5769230769230769,-0.8488086681042515,0.03194851007785848,-0.9348117127675838,-1.371579825352784,-0.19309229672376793,0.31671469740633995,0.055433186490455144,0.03496190049305237,0.1693989071038251,0.057602710715798366,0.17520731448011917,0.0512820512820511,0.12141057934508814,0.01756311745334793,0.01632653061224487,0.1390640557583802
1999-07-31,0.13341280931191668,0.15787964854359915,0.20130203864371055,0.31871096262787657,0.0488140252512419,0.07709635980320795,-0.03232198448386614,-0.03232198448386614,-0.04166666666666663,0.0,0.07453162417241854,0.6359237311830868,-7.22701108584423,-0.6779268136257857,-0.07707182744399887,0.007441453272050813,0.001913043478260823,-0.004330879168471191,0.051401869158878455,-0.13856627953544243,-0.07001990229781085,0.04878048780487809,-0.0745732255166216,0.008629989212513456,-0.012048192771084487,-0.12194055944055948
1999-10-30,0.14250917425211873,0.17819933844355962,0.24575452100484796,0.20653191893431733,-0.004853487455122707,0.24132294803123422,0.6086330420928463,0.6086330420928463,0.6086956521739129,0.5909090909090908,0.48590736880743557,-0.11455453159587925,-0.15880469949159215,-2.8412653258612353,0.15376026834285939,-0.14447099717575496,-0.017358097552508056,-0.013484123531970371,0.0,-0.1864249186424919,-0.20564202334630355,0.04651162790697683,-0.12912621359223309,0.016042780748663166,-0.028455284552845517,-0.023477683756429446
2000-01-29,-0.029290647302202877,-0.1602786857373194,-0.13757240241958524,-0.21168540073701037,0.16418116650374714,0.2671428186771727,0.3137354491979798,0.3137354491979798,0.29729729729729737,0.19999999999999996,3.220214122182864,0.1608665060180947,-5.101307810231852,-1.5458084849983005,-0.07273925218250699,0.037582529202640824,0.006006006006005871,0.02777777777777768,0.1644444444444444,0.03771428571428581,-0.11951996081312755,0.06666666666666665,0.19955406911928653,0.020000000000000018,0.008368200836819994,0.06516013932546083
2000-04-29,0.09035595429810162,0.09379422055792408,0.09273098756948839,0.15754538676086605,0.08721230427510407,-0.2920359715455466,-0.4310098610845985,-0.4310098610845985,-0.41666666666666663,-0.3571428571428571,-0.957842275421687,-0.0026443674437066633,-1.537104939772387,-0.5986186594202898,-0.03148648168543722,0.08614782183064129,-0.04214223002633888,-0.04590304590304595,0.09160305343511443,-0.06718061674008802,0.020305980528511736,0.04166666666666674,-0.0030204460966543056,-0.009287925696594423,-0.03734439834024905,-0.05503270059020571
2000-07-29,0.12670498804173014,0.15799087327834016,0.19985714272444977,0.18287591601335995,0.029387583954816554,0.07896222167723899,-0.21894375647624387,-0.21894375647624387,-0.2142857142857143,-0.22222222222222232,-0.29482792819597337,0.27657697871905595,0.04644552973708693,6.63836389280677,-0.24832405564777194,-0.23591707976566034,-0.07259395050412465,-0.08498201438848918,0.027972027972027913,-0.2998819362455727,-0.2663576881134133,0.06000000000000005,-0.08622698671638307,-0.04999999999999993,-0.0387931034482758,-0.021100607697501772
2000-10-28,0.15484083611475596,0.21969775075088127,0.22346634256230824,0.34963391093450724,0.0484266393932955,0.15841224759254113,0.013201391909525961,0.013201391909525961,0.0,0.0,-1.691782989346366,0.09532245290013819,0.6777055519099311,-1.224730408449664,0.0742420545354725,-0.16691241521675015,-0.17572642814785533,-0.1847665847665848,0.04761904761904767,-0.1897133220910624,-0.1601635079895949,0.037735849056603765,-0.0923233868910992,-0.13706140350877194,-0.053811659192825156,-0.09622348680807025
2001-02-03,-0.04734808683985059,-0.2200854826719697,-0.13849049193964602,-0.13586796964116754,0.1175776649265734,0.34100533346140827,0.458309184965763,0.458309184965763,0.40909090909090917,0.3333333333333335,-64.13123252858958,-0.02246585985472771,-2.1913518424648286,1.325007189515632,0.1606838140720781,-0.017699115044247815,-0.1964028776978417,-0.19891500904159132,0.11363636363636376,-0.06243496357960454,0.10619469026548667,0.036363636363636154,0.1730823264962067,-0.1842439644218553,-0.018957345971563955,-0.09750047700820463
2001-05-05,0.07450760797090172,0.15634334699118213,0.09198199413465336,-0.050068163695758394,0.05013217841849649,-0.3056136942552753,-0.5750552891780403,-0.5750552891780403,-0.5483870967741935,-0.5357142857142858,-0.9468266421491869,-0.3781533600757023,-1.7438801935724182,3.493400243846412,0.6220614783974325,-0.031351351351351364,-0.18710832587287385,-0.19413092550790056,0.0437317784256559,-0.1298557158712541,0.10840000000000005,0.03508771929824572,-0.022514970059880124,-0.16510903426791268,-0.033816425120772875,0.21733615221987312
2001-08-04,0.04156024154184834,0.06743543143411856,0.031249096210304694,0.0481828479621631,0.0565166999562281,0.020619526137418687,-0.22280048493245586,-0.22280048493245586,-0.2857142857142857,-0.23076923076923073,4.698971944221539,-0.12342409890885164,-1.0677208989342226,-0.7645923042136102,0.09027898215774965,0.1227678571428572,-0.17951541850220254,-0.1671335200746965,0.05307262569832405,0.07525510204081631,0.31216167448574517,0.033898305084745894,0.0142122028914482,-0.14179104477611948,-0.030000000000000027,0.018322334143800134
2001-11-03,0.06288002811203075,0.14553015316290474,0.14972972549919916,0.23555297702210964,-0.06008380250237855,0.027164268420713622,-2.9925906118037684,-2.9925906118037684,-3.0999999999999996,-3.0999999999999996,-1.1317136025504781,-0.24353606952605067,-10.762486483327,0.278886791507275,0.1058963803959323,-0.34526176275679255,-0.5664429530201343,-0.5650224215246638,-0.06366047745358094,-0.37841043890865955,-0.24532453245324526,0.032786885245901676,-0.11572843682048806,-0.5478260869565217,-0.036082474226803996,-0.07282339899377521
2002-02-02,-0.0790319771348208,-0.16242937777661448,-0.1163371775308264,-0.37631746992342663,-0.01442415854981638,0.2268729002124874,-0.8089992563060217,-0.8089992563060217,-0.8095238095238095,-0.8095238095238095,-19.657220081892813,-0.2945352531989809,-2.598015824310044,2.0857519788918206,0.2954797313354429,-0.2742914979757086,-1.0257997936016512,-1.0257731958762886,-0.016997167138810054,-0.22519083969465659,0.7419825072886295,0.031746031746031855,0.07021857923497277,0.0,-0.05882352941176472,0.3429596247585762
2002-05-04,0.1680286009452514,0.42132021618298454,0.26162223141878815,-0.08954477518123782,0.02269751171342449,-0.2931283430632393,-2.0737748111716146,-2.0737748111716146,-2.0,-2.0,-0.9206600437420065,-0.3426256560082238,-3.437141957939776,4.432811686470058,1.2391438466269338,-0.03207810320781024,10.16,9.5,0.020172910662824117,-0.01477832512315258,0.0,0.04615384615384621,-0.12432984426857296,0.0,-0.0625,0.5610875222572251
2002-08-03,0.02870770848820614,0.0806862498533314,0.029152969216057478,0.34552002340171795,0.027854787580196883,0.1305741583761122,0.548066961121108,0.548066961121108,0.7500000000000002,0.5,0.8609017945957731,-0.11923622970720771,-0.9943165091036549,-0.9472995273646959,0.029164480200207787,-0.05475504322766578,0.39426523297491034,0.33333333333333326,0.025423728813559254,-0.07250000000000001,0.0,0.02941176470588225,-0.0008746355685129714,0.0,-0.036363636363636265,-0.19684141259048038
2002-11-02,0.07339601595558976,0.17365701938894396,0.0745958797234163,0.17996682688178,0.07109470939191587,0.11524216345516902,1.3823529411764706,1.3823529411764706,1.1428571428571428,1.5,-0.45986555950968766,-0.6251109657524646,8.728022721125237,0.6897158402081669,0.047883195654150335,-0.1692073170731706,-2.583547557840617,-2.55,0.05509641873278248,-0.19137466307277629,0.0,0.028571428571428692,-0.0020426028596439716,-0.32692307692307687,-0.02515723270440251,-0.005352851212584664
2003-02-01,-0.0006978561435410091,0.015256462708851615,-0.04241855954034557,-0.12174819707996043,0.07958290025621628,0.2759012728823065,0.838759518001035,0.838759518001035,0.9333333333333333,1.0,11.941800878477306,1.3818663343199877,-1.025108092702526,6.7644917708615875,0.3547997335591524,0.3302752293577982,1.3327922077922074,1.3133640552995391,0.07310704960835523,0.2633333333333334,0.44456066945606687,0.0277777777777779,0.08011695906432736,1.3571428571428572,-0.01935483870967747,0.15601317957166416
2003-05-03,-0.06091564899388047,-0.08516662383650786,-0.13098322301575704,-0.2963180166758723,0.05867483896504622,-0.27906762218412917,-0.18597348921919032,-0.18597348921919032,-0.2068965517241378,-0.2666666666666666,-1.030770793985999,-0.3604766763467022,273.3217054263566,-1.6430533831570122,-0.16840508848421465,-0.0006896551724138167,0.2713987473903967,0.3366533864541834,0.058394160583941535,-0.06860158311345654,-0.6183924692251991,0.027027027027026973,0.12750406063887376,0.3060606060606059,0.026315789473684292,0.3000807562586101
2003-08-02,0.040071871507956436,0.09187829420220406,0.025513273227226074,0.0809302000739065,0.06046879603352262,0.09918005136646668,0.03375775415859961,0.03375775415859961,0.0,0.0,-13.774229787234043,0.17832232199472275,1.4755492758742492,0.593742497498436,-0.3227464990412975,0.23740510697032424,0.15927750410509023,0.2235469448584202,0.05747126436781613,0.16713881019830046,-0.06793168880455414,0.03947368421052633,0.019687875150060208,0.20417633410672864,0.012820512820512775,0.010121309558608571
2003-11-01,0.05305043572631085,0.10255060972365992,0.039423700047120924,0.23877474363728157,0.07151250388357178,0.06625161214870223,0.25445876153210345,0.25445876153210345,0.26086956521739113,0.27272727272727293,-0.09580458529539526,0.21037373930251535,-0.9183431190371553,-1.195060134717601,0.06745709655090382,0.06748466257668717,0.08687440982058536,0.15103532277710108,0.06739130434782625,0.009708737864077666,-0.12418566775244289,0.025316455696202445,0.017424064045208354,0.1387283236994219,0.012658227848101333,-0.10996563573883156
2004-01-31,0.015561668541408835,0.05816975390473966,-0.038688134351286485,-0.0300165504399178,0.08686044125670422,0.24354974327235124,0.3545266541492267,0.3545266541492267,0.3793103448275863,-0.0357142857142857,3.379220909361525,11.1873906433755,0.16805128409953274,2.025394731650122,0.10988445126006985,0.08725182863113878,0.04257167680278018,0.10370370370370363,0.08553971486761713,0.019230769230769162,-0.051603905160390706,0.024691358024691246,0.07012265679240914,0.09983079526226746,0.006250000000000089,0.09091648039016453
2004-05-01,-0.004447452383254391,0.014800418597697762,-0.06636690647482013,-0.0926966292134831,0.06753083838595031,-0.24935648895297513,-0.12274289056217558,-0.12274289056217558,-0.1250000000000001,0.18518518518518512,-0.8828944454951041,-1.143566908063047,0.46181333242148104,-0.7931813184970431,0.04909332153914203,0.012493993272465254,0.03249999999999997,0.07957813998082464,0.06378986866791747,-0.06839622641509435,0.04313725490196085,0.024096385542168752,0.07244809688581322,0.08461538461538454,-0.006211180124223614,0.11847105282765824
2004-07-31,0.0056327085558900425,0.016205067766646986,-0.03775765748410709,0.04688191065900038,0.04974539757148455,0.014449291166848344,-0.3782051282051282,-0.3782051282051282,-0.37142857142857133,-0.34375,-0.5344827586206897,1.4672131147540983,0.5146198830409356,0.1351351351351351,0.05311973018549754,0.11153298528713829,-0.07627118644067798,-0.030195381882770822,0.04585537918871241,0.04556962025316458,0.009868421052631415,0.0235294117647058,0.043758822343214154,-0.015602836879432536,-0.018750000000000044,-0.029311837985477318
2004-10-30,-0.011974891356832496,-0.019280951000289925,-0.012412412412412421,0.0211237853823405,-0.011567164179104528,0.06960494490728308,0.365979381443299,0.365979381443299,0.3181818181818181,0.3333333333333335,1.7037037037037037,-1.5946843853820598,0.2934362934362935,-3.253968253968254,-0.11369095276220975,-0.12724167378309137,-0.04193971166448229,0.0009157509157509125,0.018549747048903997,-0.16464891041162222,-0.11912517449976723,0.02298850574712641,0.00038639876352419833,-0.0014409221902017544,0.006369426751592355,-0.039564889163406725
2005-01-29,-0.017886814583129684,-0.06814486326681446,0.0362862355564566,-0.07240380637153498,-0.06832767081917701,0.23065326633165828,0.4301886792452829,0.4301886792452829,0.48275862068965525,-0.0357142857142857,4.232876712328767,-0.5307262569832403,2.0776119402985076,-1.1091549295774648,0.014001806684733609,0.06751467710371806,0.013223894208846287,0.02836230558096986,-0.04801324503311255,0.046376811594202705,0.06708927628103534,0.022471910112359605,-0.05137118578601774,0.02020202020202011,0.006329113924050667,0.004608953517453163
2005-04-30,-0.027468152866242046,-0.042671319796954266,-0.2666275430359938,0.006244424620874156,0.22021880064829813,-0.25969783585136785,-0.23218997361477578,-0.23218997361477578,-0.2325581395348837,0.14814814814814814,-0.8036649214659686,6.023809523809524,-0.48981571290009696,-29.741935483870968,-0.39688195991091313,-0.012373968835930338,-0.05985598559855987,-0.005338078291814985,0.1617391304347826,0.03878116343490312,-0.012376237623762387,0.05494505494505497,0.2548859934853418,-0.015558698727015652,0.012578616352201255,-0.0486165445622021
2005-07-30,-0.09302087597216535,-0.14664457332228664,-0.07095225393438254,-0.09884751773049649,-0.10675742985223313,0.024820739106453438,-0.06529209621993126,-0.06529209621993126,-0.09090909090909094,-0.032258064516129115,-0.7555555555555555,-2.4389830508474577,0.8726235741444868,-0.8978675645342312,-0.06720827178729694,-0.03944315545243626,0.06797510770703674,0.11001788908765664,-0.08233532934131738,-0.17333333333333334,-0.0300751879699247,0.04166666666666674,-0.015249837767683294,0.06896551724137923,0.03726708074534146,-0.05304474599080411
2005-10-29,0.0234683515739591,0.053786407766990285,0.05713465403387885,0.09985243482538131,0.0016728624535315983,0.038751345532830994,-0.22058823529411764,-0.22058823529411764,-0.19999999999999996,-0.19999999999999996,-0.12727272727272732,-0.6808009422850412,-0.783756345177665,-2.197802197802198,0.08630245447347584,-0.07971014492753614,-0.047960555804571925,-0.014504431909750148,0.011419249592169667,0.003225806451612856,-0.15142118863049092,0.050000000000000044,-0.021252059308072502,-0.03629032258064513,0.0239520958083832,-0.04188378335701881
2006-01-28,-0.027560357182229045,-0.03464160678091022,-0.07767517653449207,-0.13148479427549198,0.006680274633512617,0.24896373056994814,0.5943396226415094,0.5943396226415094,0.5833333333333335,0.45833333333333326,24.479166666666668,-1.900369003690037,0.483568075117371,5.08256880733945,0.48323615160349864,-0.06929133858267722,-0.05649717514124297,-0.003270645952575757,0.02580645161290329,-0.08038585209003213,-0.0359317904993911,0.03809523809523818,0.03517926275037886,-0.030683403068340165,0.023391812865497075,0.11149107988958029
2006-04-29,0.0088425348599932,0.020423744989501724,0.06595995288574796,0.121524201853759,-0.026912442396313407,-0.2862476664592408,-0.28402366863905326,-0.28402366863905326,-0.26315789473684204,-0.19999999999999984,-0.741618969746525,-0.47540983606557374,0.2911392405063291,-1.3212669683257918,-0.10466830466830468,0.03440496333897336,-0.010978043912175717,-0.020508613617719385,-0.004716981132075526,0.006993006993007089,-0.03474415666456099,0.07339449541284382,-0.035447154471544784,-0.03309352517985631,0.017142857142857126,-0.09015086925899851
2006-07-29,0.007753680188785195,0.015525626636737844,0.017955801104972302,0.02708907254361792,0.0007577192650123354,0.07991862830572516,-0.47107438016528924,-0.47107438016528924,-0.4642857142857143,-0.4642857142857143,-0.31329113924050633,-1.734375,-0.6200980392156863,-1.727699530516432,0.08507135016465428,-0.05179934569247546,-0.13118062563067612,-0.13819095477386933,0.00789889415481837,-0.04513888888888884,-0.027486910994764413,0.06837606837606836,-0.006911665542818635,-0.13541666666666663,-0.005617977528089901,-0.011244652678753297
2006-10-28,0.026650312221231154,0.029471357524405883,0.0892808683853461,0.29593205185516314,-0.017035775127768327,0.03767491926803013,0.4765625,0.4765625,0.5333333333333334,0.5333333333333334,-0.599078341013825,-1.1702127659574468,0.9096774193548387,-2.445161290322581,-0.11330298431967623,0.06095457159286943,-0.016260162601625994,-0.02818270165208936,0.004702194357366851,0.050909090909091015,0.21736204576043083,0.06400000000000006,-0.0426073671702597,-0.02409638554216864,-0.005649717514124353,-0.20561209773785483
2007-02-03,-0.0720104268491365,-0.10019681517266055,-0.16043846537120077,-0.21628147637116246,-0.0036587714230694734,0.27852697095435675,0.15873015873015883,0.15873015873015883,0.21739130434782616,0.13043478260869557,6.241379310344827,5.25,-0.17905405405405406,-2.236607142857143,0.15801483171705644,0.07804878048780495,-0.12219598583234947,-0.126,-0.01092043681747279,0.0726643598615917,0.08844665561083476,0.0601503759398494,0.07375886524822706,-0.1393298059964726,0.017045454545454586,0.14814046371699763
2007-05-05,0.03569756554307113,0.050109365679061435,0.04510385756676549,-0.0017605633802817433,0.029570931580981785,-0.2782961460446247,-0.18721461187214616,-0.18721461187214616,-0.2142857142857143,-0.15384615384615385,-0.553968253968254,-0.32999999999999996,-0.8641975308641976,-0.3068592057761733,0.0945812807881774,-0.0603318250377074,-0.08473436449226635,-0.08123569794050356,0.029968454258675115,-0.048387096774193505,0.031995937023869825,0.05673758865248235,-0.005944517833553542,-0.08811475409836078,0.011173184357541999,0.051953919132595505
2007-08-04,0.025652616114815174,0.020640030297292222,0.08603066439523,0.11331569664903007,-0.014266941993617444,0.03569421023046648,-0.1460674157303371,-0.1460674157303371,-0.13636363636363635,-0.13636363636363635,0.3807829181494662,1.5671641791044775,6.2727272727272725,-1.0677083333333333,-0.005850585058505886,-0.034242910647405034,0.03526818515797214,0.0298879202988791,0.007656967840734996,-0.06440677966101704,0.03297244094488172,0.05369127516778538,-0.03887043189368766,0.03370786516853941,-0.0055248618784530246,-0.08322954691861717
2007-11-03,-0.05420890260026445,-0.09814471243042666,0.03895424836601302,0.07485148514851492,-0.12207198628832605,0.04586160108548176,0.5657894736842106,0.5657894736842106,0.5789473684210527,0.5789473684210527,-0.1391752577319587,-1.7790697674418605,4.020833333333333,54.23076923076923,-0.32503395201448615,-0.032686980609418326,0.09723207948899915,0.0858524788391779,-0.06686930091185417,-0.03985507246376807,-0.07575035731300617,0.05095541401273884,-0.07189768406498442,0.06739130434782603,0.016666666666666607,-0.16095938539373222
2008-02-02,-0.08690587138863004,-0.1594322155934993,-0.1031706089582285,-0.10353721444362562,-0.07288503253796097,0.21069019200830308,0.11344537815126055,0.11344537815126055,0.13333333333333353,0.10000000000000009,2.2275449101796405,-2.2611940298507465,-0.4456431535269709,-1.3245125348189415,0.1562709590878606,0.0990836197021765,0.1073738680465719,0.0801781737193763,-0.05374592833876224,0.18113207547169807,0.019587628865979534,0.048484848484848575,0.015456238361266195,0.07535641547861505,0.005464480874316946,-0.06236391044609457
2008-05-03,-0.02424087777494255,-0.028389623103279527,-0.06425364758698093,-0.06370735717221532,0.009124941506785111,-0.27475353621945997,-0.060377358490566024,-0.060377358490566024,0.0,0.030303030303030276,-0.8367346938775511,-1.3846153846153846,-0.6721556886227544,-0.9141630901287554,0.011600928074245953,0.03335070349140157,0.14485981308411233,0.12474226804123711,0.025817555938038028,0.08945686900958472,-0.035894843276036426,0.046242774566473965,0.034109664404914586,0.09848484848484862,0.021739130434782483,0.0377515779445039
2008-08-02,0.00706066945606687,0.03425692695214111,0.042878560719640246,0.06979806848112369,-0.020635288662184115,0.03398345153664306,-0.08032128514056225,-0.08032128514056225,-0.05882352941176472,-0.05882352941176472,1.1931818181818183,-3.5538461538461537,0.6301369863013699,-7.9,-0.07912844036697253,-0.14170448814926873,0.1489795918367347,0.13198900091659027,-0.003355704697986517,-0.16129032258064524,-0.23072889355007864,0.04972375690607733,-0.027487143110480505,0.09827586206896566,0.03191489361702127,-0.033222400734450264
2008-11-01,0.06284082056608664,0.10983925962006813,0.11012075905692931,0.16659827656955284,0.023910984848484862,0.01771934838525291,0.07423580786026207,0.07423580786026207,0.09375,0.09375,-0.2953367875647669,0.5180722891566265,-0.6498599439775911,-0.08695652173913049,-0.07845579078455789,-0.06521739130434778,0.02531083481349894,0.021052631578947212,0.030303030303030276,-0.0629370629370628,-0.1595092024539877,0.04210526315789487,-0.03665207877461707,0.028257456828885363,-0.005154639175257714,-0.04866757671078403
2009-01-31,-0.07598338626924017,-0.12113232389730089,-0.17715617715617715,-0.24094266619767846,0.01433526011560704,0.14630721707385574,-0.012195121951219523,-0.012195121951219523,-0.02857142857142847,-0.05714285714285705,1.125,-0.8214285714285714,1.432,-2.865079365079365,0.15878378378378377,-0.24638592080452548,-0.029016890428756992,-0.013481363996827866,0.031045751633986818,-0.26865671641791056,-0.2741281427412815,0.045454545454545414,0.09786106378951342,0.016793893129771087,-0.031088082901554293,0.15783891696300456
2009-05-02,-0.045346377578001085,-0.05892634207240954,-0.15612212779351586,-0.21918443002780352,0.03487576931844094,-0.2339539441450269,-0.1152263374485597,-0.1152263374485597,-0.08823529411764708,-0.06060606060606066,-0.6505190311418685,0.0,-0.493421052631579,-1.0297872340425531,-0.004081632653061273,0.0592160133444537,-0.047279214986619134,-0.02170418006430863,0.033280507131537185,0.025510204081632626,0.05921787709497228,0.04347826086956541,0.08396551724137935,-0.018018018018018167,-0.005347593582887722,0.20523735115038533
2009-08-01,0.06702672760005535,0.13451843990448387,0.10406564714658706,0.16973293768545994,0.045154185022026505,0.037735849056603765,0.0604651162790697,0.0604651162790697,0.06451612903225823,0.06451612903225823,1.5643564356435644,2.7333333333333334,-0.6818181818181819,-47.142857142857146,0.18911007025761117,0.31574803149606323,-0.030430711610486938,-0.0016433853738702098,0.042944785276073594,0.2736318407960201,0.3459915611814346,0.03703703703703698,-0.02051853030062034,0.016819571865443583,-0.016129032258064502,-0.030087625178826904
2009-10-31,0.09409474367293957,0.1819457436856875,0.16520270270270276,0.25520040588533743,0.04973656480505806,0.1060092449922958,0.3464912280701755,0.3464912280701755,0.33333333333333326,0.33333333333333326,-0.16602316602316602,0.2738095238095237,0.653061224489796,-0.5603715170278638,0.06991629739044813,0.18491921005385992,0.02800579430226935,0.057613168724279795,0.061764705882352944,0.13671875,0.17554858934169282,0.0401785714285714,-0.04043520623579089,0.06315789473684208,-0.005464480874316946,-0.05840055312283943
2010-01-30,-0.0527876631079478,-0.07716660071230708,-0.10292838503914181,-0.13864187550525464,-0.01806866091146353,0.18027305656171633,0.14657980456026065,0.14657980456026065,0.15909090909090917,0.13636363636363646,0.7962962962962963,-0.485981308411215,5.012345679012346,0.232394366197183,0.08053382420616662,0.055050505050505016,0.0807891028651948,0.0941634241245135,0.015235457063711877,-0.0068728522336769515,-0.01200000000000001,0.03862660944205998,0.03655440852936209,0.09759547383309775,-0.005494505494505475,0.07137262580771475
2010-05-01,-0.0050093926111458575,0.0,-0.018099547511312264,-0.0187705302674801,0.003271314659578861,-0.21411709159584513,-0.14204545454545459,-0.14204545454545459,-0.11764705882352944,-0.09999999999999998,-0.5760309278350515,1.772727272727273,-0.3572895277207392,-2.6685714285714286,-0.12436115843270867,0.08568693154619433,0.05867014341590626,0.05476529160739685,0.028649386084584005,0.0692041522491349,-0.03171390013495279,0.04132231404958686,0.008326530612244865,0.06443298969072164,-0.0055248618784530246,0.01914465868591786
2010-07-31,-0.08017621145374454,-0.13100343053173247,-0.018762343647136248,-0.02965088474414157,-0.1181984919502751,-0.00360468609191944,-0.22516556291390732,-0.22516556291390732,-0.20000000000000007,-0.20000000000000007,-0.3586626139817629,-0.760655737704918,1.7220447284345046,1.4075342465753424,-0.3419260700389105,-0.041446208112874805,0.027093596059113212,0.01753202966958889,-0.07294429708222805,-0.06796116504854366,-0.11916376306620202,0.039682539682539764,-0.04128886010362709,0.0,0.016666666666666607,-0.10446088321004265
2010-10-30,0.05747126436781613,0.1046138662718974,0.13518953371351894,0.18876293740758987,0.003928819043216958,0.10159782936388306,0.29487179487179493,0.29487179487179493,0.36111111111111116,0.33333333333333326,0.8767772511848342,-0.2191780821917808,-0.642018779342723,-1.0711237553342816,0.03695491500369541,-0.15547378104875798,0.03077537969624311,0.019218025182239806,0.011444921316166035,-0.08680555555555558,-0.17009493670886078,0.03816793893129766,-0.05066711704104021,-0.008474576271186529,0.027322404371584508,-0.07078848560700879
2011-01-29,-0.08579192546583847,-0.1230734867098503,-0.1179078014184397,-0.13142620232172475,-0.06077348066298338,0.19430760810071157,0.20462046204620465,0.20462046204620465,0.22448979591836737,0.25,1.0404040404040402,-1.1052631578947367,1.1540983606557376,2.16,0.11261582323592312,0.12745098039215685,0.057386583947266256,0.042262678803641096,-0.012729844413012725,0.11406844106463887,0.10200190657769315,0.03676470588235281,0.02739726027397249,0.0024420024420024333,0.037234042553191626,0.009643876946285213
2011-04-30,0.13616418966737442,0.24044829342842577,0.4257956448911222,-0.0023866348448687846,-0.07573529411764701,-0.24495875343721352,-0.3616438356164383,-0.3616438356164383,-0.33333333333333326,-0.33333333333333326,-0.7141089108910892,-14.166666666666666,-2.0487062404870624,4.417721518987341,0.5483664317745036,0.021739130434782483,0.007700770077007757,-0.05988771054273234,-0.018624641833810962,0.03412969283276435,-0.032006920415225015,0.03900709219858167,-0.1864935064935065,-0.054811205846528654,-0.00512820512820511,0.24338313767342568
2011-07-30,-0.027532079232590045,-0.03880903490759757,0.10009398496240607,0.032535885167464196,-0.17157252718111904,0.027617602427921106,-0.18884120171673824,-0.18884120171673824,-0.1250000000000001,-0.1250000000000001,0.41991341991342,1.0253164556962027,-1.7097242380261248,-1.3656542056074765,-0.12949937939594536,-0.027423167848699692,0.035662299854439805,-0.05507631055076312,-0.10656934306569332,-0.009900990099009799,-0.0008936550491509543,0.03754266211604085,-0.14814814814814814,-0.04381443298969068,-0.010309278350515427,-0.06909574696364962
2011-10-29,-0.019087881117089367,-0.02713095492416151,0.06749252456215293,0.15013901760889703,-0.1488476312419974,0.0587714116952156,0.021164021164021163,0.021164021164021163,0.08571428571428585,0.08571428571428585,-0.7591463414634146,-0.3375,0.39877300613496924,1.2747603833865813,-0.33840304182509506,-0.15508021390374338,0.010189739985944968,-0.0990168539325843,-0.10947712418300648,-0.053333333333333344,-0.15026833631484793,0.03947368421052633,-0.13218390804597702,-0.09703504043126687,0.0,-0.15411921995297584
2012-01-28,-0.030690871098341344,-0.05379885814668428,-0.06622649059623853,-0.14262691377921033,0.036103798420458855,0.19470013947001386,0.1295336787564767,0.1295336787564767,0.1578947368421053,0.13157894736842102,8.177215189873417,0.028301886792452935,-0.827485380116959,-1.6924157303370788,0.35416666666666674,0.09436133486766396,-0.05843478260869561,-0.15978176149649248,0.03669724770642202,0.22887323943661975,0.1568421052631579,0.034810126582278444,0.06881658508494093,-0.14477611940298518,-0.02083333333333337,0.10360802267277092
2012-04-28,0.02021018593371049,0.03156184729635636,-0.02399828583672592,-0.03477443609022557,0.09509981851179683,-0.18585103899136124,0.0688073394495412,0.0688073394495412,0.09090909090909083,0.09302325581395343,-0.49793103448275866,1.1192660550458715,-0.6440677966101696,-0.8235294117647058,0.04615384615384621,0.24342797055730814,0.0653860362024381,0.014842300556586085,0.09203539823008833,0.20057306590257884,0.37943585077343034,0.03669724770642202,0.07327586206896552,-0.0139616055846421,0.03191489361702127,0.06874413551286462
2012-07-28,0.011753829899630253,0.021372328458942658,0.0456641053787048,0.0895813047711782,-0.03944315545243615,0.025236593059936974,0.0429184549356223,0.0429184549356223,0.04166666666666674,0.042553191489361764,0.6648351648351649,-0.36363636363636365,8.30952380952381,-0.22988505747126442,0.033975659229208865,0.1665961945031713,0.0859916782246879,0.06946983546617935,-0.02269043760129652,0.06682577565632442,0.11675461741424797,0.03834808259587019,-0.05045180722891551,0.051327433628318486,0.015463917525773141,-0.06261263342729073
2012-10-27,0.04516381673410774,0.06453744493392066,0.017425992021834924,0.1742627345844503,0.09075224292615602,0.08083916083916076,0.2674897119341564,0.2674897119341564,0.28,0.2857142857142858,-0.5792079207920793,-0.09523809523809523,0.13043478260869557,-5.7611940298507465,-0.15644923982344283,0.21855744835085167,0.08173690932311617,0.11709401709401712,0.09286898839137647,0.24832214765100669,0.12167749556999397,0.03409090909090917,0.04361617763679604,0.10942760942760943,0.0050761421319796,-0.09346347234545993
2013-02-02,-0.06706631697264898,-0.14504448582660878,-0.05571605447791994,-0.10806697108066976,-0.08446694084150586,0.22282608695652173,0.13961038961038952,0.13961038961038952,0.15625,0.17460317460317465,1.788235294117647,1.5037593984962405,0.37104072398190047,-0.1849529780564263,-0.15116279069767447,-0.01873884592504449,0.11953955135773331,0.13083397092578397,-0.05614567526555392,-0.10215053763440862,-0.14007372301211163,0.03571428571428559,-0.018743667679837817,0.10015174506828517,0.030303030303030276,-0.041435562805872794
2013-05-04,-0.004149933065595746,-0.0002420135527589906,-0.0651223776223776,-0.10324232081911267,0.09225984796129927,-0.21079365079365076,-0.05128205128205132,-0.05128205128205132,-0.027027027027027084,-0.04054054054054057,-0.4992967651195499,-0.6876876876876876,-0.858085808580858,-1.5769230769230769,0.10273972602739723,0.06577750833585916,0.07513841286580525,0.09336941813261168,0.08681672025723475,0.12774451097804396,-0.07593386405388847,0.039787798408488007,0.09679917398038196,0.07172413793103471,0.019607843137254832,0.11487406398910838
2013-08-03,0.06465922839091265,0.11014282256112318,0.043010752688172005,0.08372978116079932,0.09395760835178746,0.037275408956824796,-0.09009009009009006,-0.09009009009009006,-0.09722222222222221,-0.09859154929577463,0.4073033707865168,0.5865384615384615,-0.7790697674418605,1.1,0.19565217391304346,0.20648464163822533,0.002206964198136374,0.03960396039603964,0.09467455621301779,0.1115044247787611,0.09410205434062302,0.03826530612244916,0.027535890797834695,0.029601029601029616,0.009615384615384581,0.024372869282043297
2013-11-02,-0.01691919191919189,-0.042738770170082874,0.08247422680412364,0.15496049165935033,-0.1451706188548294,0.02792140641158225,0.11221122112211224,0.11221122112211224,0.12307692307692308,0.125,-0.8083832335329342,0.030303030303030276,44.1578947368421,-3.9492063492063494,-0.4825974025974026,-0.025695426685525824,0.03914851969659905,0.029761904761904656,-0.11081081081081079,-0.10987261146496818,-0.07995154451847375,0.04914004914004888,-0.13032524049473204,0.014999999999999902,0.014285714285714235,-0.17117027617723024
2014-02-01,0.008091446185461093,0.009111617312072884,-0.008902691511387117,-0.07069555302166475,0.035859269282814576,0.1506539235412474,-0.08902077151335308,-0.08902077151335308,-0.06849315068493145,-0.06944444444444431,6.833333333333333,0.08823529411764697,-0.9522144522144522,-1.5532831001076426,0.5160642570281124,-0.04621340430679888,-0.045914763362373434,-0.04508670520231195,0.04103343465045595,0.07155635062611809,-0.07636603028308098,0.04683840749414525,0.02739004477218865,-0.023399014778325067,-0.023474178403755763,0.0858803787606377
2014-05-03,-0.019620333800484113,-0.02483069977426633,-0.02673908502193445,-0.09897750511247438,-0.00849118223383405,-0.17508196721311475,-0.15309446254071657,-0.15309446254071657,-0.1470588235294119,-0.1343283582089554,-0.31781914893617025,-0.11891891891891893,6.7560975609756095,-0.933852140077821,0.02251655629139071,0.035007610350076046,-0.04763079960513328,-0.064769975786925,0.005839416058394109,-0.005008347245409106,0.06129722024233786,0.04921700223713654,0.01127915918995126,-0.060529634300126145,-0.004807692307692402,0.08228930956454539
2014-08-02,-0.0022092267706302904,-0.017592592592592604,0.015668598411676227,0.026781661370858023,-0.029644268774703608,0.054848966613672445,0.2769230769230768,0.2769230769230768,0.3103448275862071,0.2931034482758621,-0.05847953216374269,-0.7239263803680982,0.4559748427672956,-1.7647058823529411,-0.016839378238341918,-0.010294117647058676,0.06763410209898923,0.03171521035598701,-0.01741654571843254,-0.016778523489932806,0.03895231699126933,0.04690831556503183,-0.027376425855513364,0.01744966442953033,0.01449275362318847,-0.043243243243243135
2014-11-01,0.018364157332638742,0.018614514608859656,0.04902789518174133,0.11494252873563227,-0.0308893414799728,-0.0022607385079125297,0.05722891566265065,0.05722891566265065,0.06578947368421062,0.06666666666666665,-0.7556935817805384,3.0,0.06911447084233258,20.692307692307693,-0.37154150197628455,0.019316493313521477,0.019902912621359237,0.010664993726474226,-0.004431314623338123,0.03754266211604085,-0.02197802197802201,0.044806517311609007,-0.048475371383893684,0.01187335092348274,0.0,-0.0863980385886367
2015-01-31,-0.016498273436500788,-0.001387925052047212,-0.051772763900080565,-0.11419508326724825,0.0448336252189141,0.18529707955689823,-0.09116809116809121,-0.09116809116809121,-0.07407407407407418,-0.07500000000000007,7.601694915254237,0.15555555555555545,-0.5333333333333333,-1.9946808510638299,0.5880503144654088,-0.016520894071914483,0.016420752022846097,0.014897579143389184,0.05637982195845703,-0.011513157894736836,-0.044282881692002674,0.04288499025341119,0.06244864420706664,0.0013037809647977738,0.014285714285714235,0.12735546350854676
2015-05-02,-0.025357607282184613,-0.046096826499884225,-0.019332908434246843,-0.026857654431513,-0.03486423064029498,-0.22323704333050132,-0.2507836990595611,-0.2507836990595611,-0.2400000000000001,-0.2432432432432432,-0.7921182266009852,-0.27884615384615385,0.48484848484848486,-1.500891265597148,-0.18547854785478546,0.02840909090909105,-0.003512058066026724,-0.010397553516819591,-0.030898876404494402,-0.0266222961730449,0.003457814661134151,0.04299065420560755,-0.00979633926269663,-0.00911458333333326,0.0,-0.019768163941212946
2015-08-01,-0.02775183455637087,-0.041525012141816364,0.0,0.004599816007359703,-0.07224730809308788,0.0659010117582719,-0.08368200836820083,-0.08368200836820083,-0.07017543859649111,-0.07142857142857151,1.042654028436019,0.01333333333333342,0.34985422740524785,-0.32028469750889677,-0.15478119935170176,-0.08455440787893354,-0.06907894736842102,-0.07911001236093951,-0.047826086956521796,-0.05641025641025643,-0.07856650585802893,0.04121863799283143,-0.0458214006769071,-0.08672798948751637,0.0046948356807512415,-0.045929680076021606
2015-10-31,0.07122272540139973,0.10488978971370666,0.12586655112651646,0.26739926739926734,-0.023212280044927036,-0.010518214468958398,0.13242009132420085,0.13242009132420085,0.15094339622641506,0.1730769230769229,-0.7865429234338748,0.36184210526315796,-1.2462203023758098,-0.9947643979057592,-0.0009587727708533222,-0.1805300446077145,-0.07117617364967188,-0.09127516778523492,-0.0121765601217656,-0.13949275362318836,-0.10845175766641735,0.03958691910499157,-0.0881309686221009,-0.08489208633093526,-0.004672897196261738,-0.1282093846834883
2016-01-30,-0.042659492697924684,-0.08621875716578764,-0.05176063113334617,-0.08417630057803471,-0.024530471444998092,0.13689395903551982,-0.13709677419354838,-0.13709677419354838,-0.13114754098360648,-0.11475409836065564,8.347826086956522,0.06763285024154597,-3.6140350877192984,-329.0,0.3147792706333974,-0.19596541786743515,-0.06576086956521743,-0.09601181683899551,-0.012326656394452962,-0.1852631578947368,-0.13338926174496646,0.038079470198675525,0.0191502094554159,-0.08490566037735847,-0.014084507042253391,-0.0022215169787369593
2016-04-30,0.004549712297604813,-0.010037641154328703,0.011566558441558517,0.007889546351084853,-0.009037328094302577,-0.21596351197263397,-0.40654205607476634,-0.40654205607476634,-0.39622641509433965,-0.40740740740740744,-0.8046511627906977,-0.36651583710407243,-0.674496644295302,-1.173780487804878,-0.04160583941605844,0.04579848665870179,-0.09133216986620118,-0.12173202614379086,-0.01092043681747279,0.05943152454780343,0.14036786060019346,0.036682615629984205,-0.01350557839107458,-0.10824742268041232,-0.014285714285714457,-0.01781170483460548
2016-07-30,0.030638071133608724,0.09024081115335858,0.038716148445335996,0.08845401174168299,0.014670896114195031,0.12012798138452596,-0.015748031496062964,-0.015748031496062964,-0.03125,-0.03125,2.369047619047619,-0.06428571428571428,-0.35051546391752575,-7.456140350877193,0.28027418126428016,-0.18202589489718202,-0.10691421254801536,-0.12930232558139532,0.012618296529968376,-0.173170731707317,-0.08404074702886255,0.03538461538461535,-0.01577380952380958,-0.11368015414258192,-0.01449275362318836,0.0016839378238342473
2016-10-29,0.03489724699495933,0.0860265054638456,0.01989185013518724,0.04818410643653359,0.06525986713559995,-0.013762659049597503,0.6319999999999999,0.6319999999999999,0.6451612903225807,0.6451612903225807,-0.88339222614841,-0.13740458015267176,0.6984126984126984,-1.4320652173913042,-0.09458655562165375,0.1382681564245809,-0.07204301075268815,-0.06837606837606836,0.06386292834890961,0.12389380530973448,0.27340129749768316,0.03417533432392261,0.02963410946477185,-0.05869565217391304,-0.014705882352941346,0.03607914134229939
2017-01-28,-0.04958161608592482,-0.07621494326696643,-0.10888089377011934,-0.1584905660377358,0.0652971386647101,0.1661400737230121,0.07843137254901955,0.07843137254901955,0.07843137254901977,0.07843137254901977,12.924242424242424,0.2831858407079646,3.766355140186916,-2.6415094339622645,0.17148488830486208,0.08343558282208585,-0.024719969100038708,0.004587155963302614,0.06295754026354317,0.018372703412073532,0.1477438136826783,0.033045977011494365,0.12070484581497798,0.006928406466512715,0.0,0.09779081377933108
2017-04-29,-0.02614980289093294,-0.04542294322132101,-0.033361665958350994,-0.06155727680391354,-0.01446280991735538,-0.22330097087378642,-0.35,-0.35,-0.34545454545454557,-0.34545454545454557,-0.9009793253536452,-0.3172413793103448,-0.6215686274509804,-1.7662835249042146,-0.11217049915872124,-0.07965269913174777,-0.007920792079207928,0.02739726027397249,-0.004132231404958553,-0.134020618556701,-0.08497146480659479,0.03198887343532686,0.012054507337526221,0.022935779816513735,0.004975124378109541,0.01716786993348851
2017-07-29,0.027796518688436134,0.033746054867686226,0.02703890965047262,0.042137271937445764,0.0290006988120195,0.10436046511627906,0.8951048951048952,0.8951048951048952,0.9166666666666665,0.8888888888888891,3.3406593406593403,0.21212121212121215,0.3264248704663213,-1.13,0.016424510423246996,-0.017637407711238673,0.170059880239521,0.2155555555555555,0.03872752420470249,-0.014880952380952328,-0.04088704088704087,0.030997304582210283,0.0010357327809424888,0.2152466367713004,0.0,-0.008047839937405654
2017-10-28,0.0364973086517002,0.05284170972287461,0.04259417808219168,0.08211754897874113,0.026825127334465293,0.01026585943669378,-0.15498154981549817,-0.15498154981549817,-0.14492753623188404,-0.1470588235294119,-0.7113924050632912,0.5583333333333333,-0.2890625,-10.846153846153847,-0.15910503418272215,0.0772442588726514,0.003752985329239067,0.033820840950639974,0.03595206391478034,0.0392749244712991,-0.11199421965317924,0.030065359477124076,-0.009311950336264974,0.027675276752767486,0.004950495049504955,-0.02704377711420347
2018-02-03,0.011906269791007063,0.018960517510595576,-0.005337712995278188,-0.052003081664098616,0.039682539682539764,0.24491922876498173,-0.10480349344978168,-0.10480349344978168,-0.11864406779661008,-0.10344827586206884,5.842105263157895,0.4010695187165776,-0.4505494505494505,-2.6796875,0.3178122690317813,0.1829457364341085,-0.03704962610469076,-0.030061892130857637,0.03856041131105403,0.13953488372093026,0.144019528071603,0.029187817258883086,0.027415143603133352,-0.03949730700179532,0.009852216748768461,0.07487405176906603
2018-05-05,-0.05056953310802348,-0.08340630472854638,-0.09432404540763673,-0.16375457131247462,0.016857506361323216,-0.20824612808706566,-0.19999999999999996,-0.19999999999999996,-0.1923076923076924,-0.1923076923076924,-1.0846153846153845,0.17938931297709915,0.9299999999999999,-2.325581395348837,-0.3107122826696579,0.02916120576671033,-0.0031768443346276154,0.019143117593436454,0.021039603960395947,-0.007653061224489721,0.04409672830725464,0.0295930949445129,0.0711562897077509,0.0018691588785046953,0.014634146341463428,0.0960564594332507
2018-08-04,0.05603164139749506,0.09625029854310974,0.06426618049225152,0.13751214771622933,0.044729433844229005,0.07983082209886327,0.8109756097560976,0.8109756097560976,0.8333333333333335,0.8095238095238095,-10.272727272727273,0.0,-0.051813471502590636,-1.194736842105263,0.09031733116354768,-0.016555237185609695,-0.0021246458923512845,0.016994633273702986,0.05212121212121201,-0.03856041131105392,-0.043596730245231696,0.029940119760478945,-0.010676156583629748,0.013059701492537323,0.004807692307692291,-0.036274268862128256
2018-11-03,0.020349563046192287,0.02701525054466236,0.013490364025696033,0.022212729602733905,0.029940119760478945,0.0009791921664625836,-0.10437710437710435,-0.10437710437710435,-0.10389610389610393,-0.0921052631578948,-0.9656862745098039,-0.3689320388349514,0.02732240437158473,-4.2792792792792795,-0.27164179104477615,-0.05697636775655557,0.008161816891412377,0.03254177660510127,0.03917050691244239,-0.10160427807486638,-0.08974358974358976,0.027906976744185963,0.00935251798561132,0.025782688766114115,0.009569377990430672,0.004692201764675774
2019-02-02,-0.015171907500305837,-0.0982180738226559,-0.050073948869638674,-0.09151692436272463,0.03284883720930232,0.13059427732942042,0.03759398496240607,0.03759398496240607,0.05797101449275366,0.04347826086956519,37.76190476190476,-0.03589743589743588,-0.015957446808510634,-2.21978021978022,0.45491803278688514,-0.09577754891864054,0.043646603308693965,0.07410562180579205,0.03991130820399125,-0.13095238095238093,-0.13771517996870108,0.02714932126696845,0.04870515561891198,0.08617594254937155,-0.01421800947867291,-0.007360779735011924
2019-05-04,0.6921356690272082,-0.00917431192660545,1.2350978647686834,0.30220791168353256,0.0050661412890515845,-0.1983560458576682,-0.17753623188405798,-0.17753623188405798,-0.17808219178082196,-0.16666666666666663,-0.9643734643734644,0.8085106382978724,-0.1837837837837838,-2.0405405405405403,-0.32535211267605635,0.05770690964312841,0.03440134907251258,-0.10705789056304504,0.00746268656716409,0.017123287671233056,-0.023593466424682408,0.026431718061673992,-0.4059809696420481,0.06776859504132249,-0.16346153846153855,-0.23913265827963592
