Quarter end,Assets,Current Assets,Liabilities,Current Liabilities,Shareholders equity,Revenue,Earnings,Earnings available for common stockholders,EPS basic,EPS diluted,Cash from operating activities,Cash from investing activities,Cash from financing activities,Cash change during period,Cash at end of period,Price,ROE,ROA,Book value of equity per share,P/B ratio,P/E ratio,Cumulative dividends per share,Equity to assets ratio,Net margin,Asset turnover,Current ratio
1994-12-31,0.02104206713995671,,0.018721093575208902,,0.04793528920117285,0.03953238407840609,0.07995543589267484,0.07995543589267484,0.024390243902439046,-0.0652173913043479,-0.5386429094813514,1.6604329849096717,3.5919284029478487,-0.6417656047960503,-0.0191027736859124,0.01123595505617958,0.03279702970297027,-0.007751937984496027,0.04999999999999982,0.03797468354430378,0.00918196994991649,inf,0.026448362720403074,0.024273776362912836,0.0,
1995-03-31,0.02104206713995671,,0.018721093575208902,,0.04793528920117285,0.03953238407840609,0.07995543589267484,0.07995543589267484,0.024390243902439046,-0.0652173913043479,-0.5386429094813514,1.6604329849096717,3.5919284029478487,-0.6417656047960503,-0.0191027736859124,0.01123595505617958,0.03279702970297027,-0.007751937984496027,0.04999999999999982,0.03797468354430378,0.00918196994991649,inf,0.026448362720403074,0.024273776362912836,0.0,
1995-06-30,0.06757927757013382,,0.06802549643490963,,0.06255305860914806,0.03953238407840609,0.07995543589267484,0.07995543589267484,0.024390243902439046,-0.0652173913043479,-0.5386429094813514,1.6604329849096717,3.5919284029478487,-0.6417656047960503,-0.006976541878709996,0.08717948717948731,0.03279702970297027,-0.007751937984496027,0.006435006435006496,0.03797468354430378,0.00918196994991649,0.9285714285714286,-0.0036809815950921143,0.024273776362912836,0.0,
1995-09-30,0.04142127973449483,,0.05009381289951942,,-0.0567694395127869,0.03717848228629883,0.13369783875793062,0.13369783875793062,0.1428571428571428,-0.0652173913043479,0.5329202899690217,-0.5267238822695774,-0.2845159593685561,-43.920262510254304,0.3015387062602948,0.17767295597484267,0.03279702970297027,-0.007751937984496027,-0.03069053708439895,0.1707317073170731,0.00918196994991649,0.4814814814814814,-0.09482758620689657,0.024273776362912836,0.0,
1995-12-31,0.004038441233462642,,0.0024291704625241106,,0.024322919020042466,1.323110565610981,0.00908442907623952,0.00908442907623952,-0.02083333333333337,-0.0652173913043479,-0.16898330991044597,-0.49132529083116483,-0.8952025666920863,-1.2700965982285866,-0.06257561023995128,0.08878504672897192,0.03279702970297027,-0.007751937984496027,-0.0026385224274406704,0.11979166666666674,0.00918196994991649,0.32499999999999996,0.020408163265306145,0.024273776362912836,0.0,
1996-03-31,-0.005757507505209425,,-0.005351325192347711,,-0.010767908931998527,-0.5738339189597613,-0.055774317662618755,-0.055774317662618755,0.0,-0.0652173913043479,0.41468954450067885,-2.506246385465693,-12.448161138062147,2.7301895070552105,-0.2490002257935604,-0.10729613733905574,0.03279702970297027,-0.007751937984496027,0.021164021164021163,-0.10232558139534886,0.00918196994991649,0.26415094339622636,-0.005333333333333301,0.024273776362912836,0.0,
1996-06-30,0.009096442731947985,,0.011290188947186364,,-0.018112358653187055,0.024767617490539573,0.03602069239952255,0.03602069239952255,-0.04255319148936165,-0.0652173913043479,-0.3493159052040068,-0.49253791910798406,-1.3917076222475773,-2.937874671806468,0.6425184765858414,0.0439560439560438,0.043738765727980855,-0.007751937984496027,-0.10103626943005173,0.020725388601036343,0.00918196994991649,0.17910447761194037,-0.02680965147453085,0.017871017871017747,0.0,
1996-09-30,0.012038630066798284,,0.011612676941950673,,0.017479882003340386,0.012721086997865783,0.02112524582104225,0.02112524582104225,0.022222222222222143,-0.0652173913043479,0.0615654879242602,-4.870471866984074,-0.541189111747851,-1.8311457178994193,-0.32512661994257397,0.005921052631578938,-0.0011481056257175437,-0.007751937984496027,0.02161383285302576,0.11675126903553301,-0.00992555831265507,0.17721518987341778,0.005509641873278293,-0.0034351145038168385,0.0,
1996-12-31,0.013892381066532566,,0.014439130790321997,,0.006948312019847025,1.4314449660928532,0.018988008365556697,0.018988008365556697,-0.08695652173913049,-0.0652173913043479,0.8824562289987621,-0.564451352566945,0.33518934505886655,-1.1003130660925158,0.04832676629201238,0.15631131458469594,0.005747126436781658,0.0,0.02961918194640334,0.13181818181818183,0.1687552213868002,0.12903225806451601,-0.006849315068493178,-0.027192646495595496,0.0,
1997-03-31,0.03606285069097859,,0.03590501736840834,,0.038082346574361825,-0.5462017386528444,-0.018826135105204922,-0.018826135105204922,0.11904761904761907,-0.0652173913043479,-0.009743723954663497,0.2851101250857502,-0.2484592851560402,-2.846914334022168,-0.08514081701582243,0.09671945701357476,0.0028571428571428914,0.0,0.013698630136986356,0.06827309236947787,0.1272337383845603,0.1333333333333333,0.0013793103448276334,-0.011811023622047223,0.0,
1997-06-30,-0.0008904121827050249,,-0.004516680857257427,,0.04541080228108774,0.0645615760286311,0.09173814898419863,0.09173814898419863,-0.02127659574468077,-0.0652173913043479,-0.7892482736655214,-1.6582894882548191,-2.088806153797303,-2.5992956045213544,0.14883747898185185,-0.014440433212996484,0.0005698005698007158,0.0078125,0.04729729729729715,-0.03007518796992481,-0.014584654407102104,0.10924369747899165,0.04683195592286493,-0.005577689243027928,0.0,
1997-09-30,0.1849447851817081,,0.18482987766743664,,0.18634188629232296,0.14203175308093696,-0.43164337110247286,-0.43164337110247286,-0.5217391304347827,-0.0652173913043479,3.302025723472669,-2.2655656247169396,-3.6404584493795475,0.6102573479723015,0.3823497300403962,0.27734170591313445,-0.15261958997722103,-0.13953488372093015,-0.012903225806451535,0.22093023255813948,0.23938223938223957,0.11363636363636354,0.001315789473684159,-0.14342948717948723,0.0,
1997-12-31,0.04513602231142433,,0.045492951714555696,,0.04080183310200303,1.6295920391045158,1.726886883973613,1.726886883973613,0.9545454545454546,-0.0652173913043479,-0.9169164306054876,1.3256296649739272,1.707952286282306,0.5278977797307238,0.23058198172421807,0.08316263826300707,0.09543010752688175,0.10810810810810811,0.0352941176470587,0.09841269841269851,0.22689511941848384,0.10204081632653073,-0.003942181340341633,-0.0009354536950419989,0.19999999999999996,
1998-03-31,0.002915728601068368,,0.0011833970319303777,,0.02404622119877109,-0.6231289317941847,-0.20410904077911685,-0.20410904077911685,0.09302325581395343,-0.0652173913043479,-0.4115689096797409,-0.06924466889324299,-0.9911146187667735,-3.0029987236036386,-0.37531462506259194,-0.01021180030257185,0.00797546012269934,0.016260162601626105,0.022727272727272707,-0.046242774566474076,-0.04104951333051199,0.09259259259259256,0.02110817941952492,0.04588014981273392,0.0,
1998-06-30,0.05142925117087027,,0.05332596706972903,,0.028810169645155925,-0.029111584597817486,0.03154683414165338,0.03154683414165338,-0.06382978723404253,-0.0652173913043479,0.6281914080415838,-4.0656906723685395,-130.7062198760615,-2.3349025099296936,0.8020172315696934,0.012991975544516698,-0.00121728545343891,0.0,0.02839506172839501,-0.009090909090909038,-0.008384819064430782,0.0847457627118644,-0.021963824289405576,0.04610564010743068,-0.16666666666666663,
1998-09-30,-0.029521287644588168,,-0.03517099707254767,,0.03945921196860702,0.016513894951258656,-0.038501121234115865,-0.038501121234115865,-0.045454545454545525,-0.023255813953488413,11.455399061032864,-0.9222237630067898,-0.1285889972218781,-1.846982899268838,-0.3769635873385898,-0.12900792153904195,0.10481413772090176,0.11999999999999988,0.042016806722688926,-0.15290519877675846,-0.13618157543391185,0.08854166666666674,0.07133421400264206,0.14591356439880188,0.0,
1998-12-31,0.03440821410387307,,0.04019939175830789,,-0.031222935110991723,1.8050287459147403,-0.6482677032279871,-0.6482677032279871,-0.6666666666666666,-0.6666666666666666,-0.8674104787033547,-6.571433288209462,-2.0349814858247512,-1.2757463943062286,0.16683832257786024,-0.012992637505413684,-0.22338665195808038,-0.22142857142857142,-0.027649769585253448,-0.05054151624548742,-0.14374034003091185,0.07655502392344515,-0.06411837237977813,-0.22778192681105291,0.0,
1999-03-31,0.009950828969517378,,0.011179253911486331,,-0.004997219371787431,-0.6321494987980224,2.093471715036197,2.093471715036197,2.2857142857142856,2.2857142857142856,13.327154878326132,0.03540671557762742,-0.7521000613120785,-2.9088655803532157,-0.27293578321044,0.14962702939885908,0.015624999999999778,0.00917431192660545,-0.0035545023696681444,0.17870722433460084,0.3543922984356198,0.0755555555555556,-0.014492753623188248,0.02030947775628622,0.0,
1999-06-30,-0.014585672261244631,,-0.016073199504793023,,0.0038095336092536236,0.006269266337854518,0.08701279874083578,0.08701279874083578,-0.021739130434782594,-0.021739130434782594,-0.24160866079861576,-1.327601384184445,-2.795297246174363,-1.0640129684950148,0.02403010530343419,0.07022900763358786,0.03986013986013992,0.036363636363636376,0.007134363852556502,0.0741935483870968,0.039537983118613784,0.06611570247933884,0.018716577540107027,0.03127962085308056,0.0,
1999-09-30,0.02888887784133276,,0.030773890233119605,,0.006039972006362859,0.027888507239217653,0.00582995951416998,0.00582995951416998,0.022222222222222143,0.022222222222222143,0.31221743134628266,-4.36582025039572,-2.5179521994723117,-2.0088930295587364,-0.0236748955080901,-0.050285306704707544,0.059179556153328816,0.043859649122807154,0.008264462809917106,-0.05705705705705699,-0.09102564102564104,0.06976744186046502,-0.022309711286089384,0.040441176470588314,0.0,
1999-12-31,0.0021512273740793564,,0.00145960592802874,,0.010740726160344494,2.0780464180605747,0.08858098061314368,0.08858098061314368,0.08695652173913038,0.06521739130434767,-0.43133947441879017,-1.1841809117844306,-1.1068872883570993,-11.34280557421088,0.2508025657676438,-0.10927525347352607,0.2425396825396826,0.23529411764705865,0.0187353629976581,-0.1146496815286625,-0.15702867889045602,0.06884057971014501,0.00939597315436247,0.1541519434628975,0.19999999999999996,
2000-03-31,-0.02166115707801708,,-0.020310898726203175,,-0.03827652317037189,-0.7086923896204493,-0.09367496084913873,-0.09367496084913873,-0.07999999999999996,-0.061224489795918324,-0.3225598339445874,1.5009497612914497,8.730033012267521,-1.7139082899430615,-0.14314811605029287,-0.199831365935919,0.022994379151762834,0.020408163265306145,-0.011494252873563204,-0.21582733812949628,-0.3597322922476296,0.0610169491525423,-0.01728723404255328,0.029850746268656803,0.0,
2000-06-30,0.00620895981372005,,0.0003250959475857851,,0.07996434191925661,-0.032759981719223896,-0.06385531759669016,-0.06385531759669016,-0.13043478260869568,-0.13043478260869568,0.8961854976450494,0.35258203159334767,-0.2180257966149971,-2.269151621265178,0.2120280843975464,-0.0674394099051634,-0.03096903096903092,-0.020000000000000018,0.04883720930232549,-0.05504587155963303,-0.08797909407665505,0.057507987220447365,0.07307171853856564,0.0003716090672611916,-0.16666666666666663,
2000-09-30,-0.00025083644508716585,,-0.00091501125724891,,0.007460776986695006,0.422327699147355,-0.4818551901641698,-0.4818551901641698,-0.5,-0.5,-0.1484269656787549,-1.351520140233478,-0.7965982459147526,-1.7564667045897366,-0.13233372093387696,-0.06271186440677967,-0.14278350515463922,-0.12925170068027203,0.008869179600886845,-0.10679611650485432,-0.058261700095511126,0.06042296072507547,0.007566204287515754,-0.16381872213967308,0.19999999999999996,
2000-12-31,0.0007762833809463743,,-0.0022932552327886713,,0.03611983893604953,0.9067451868629672,0.5084504254898081,0.5084504254898081,0.4999999999999998,0.4999999999999998,-0.10159495358736348,-2.876134090499711,0.6449902561491598,-3.06375230922268,0.31475698520779516,-0.12899336949969864,-0.12387251954299461,-0.10156250000000011,0.03626373626373636,-0.13586956521739135,0.0010141987829614951,0.056980056980056926,0.03504380475594493,0.015992892047978602,-0.16666666666666663,
2001-03-31,-0.005531204403508516,,-0.00752470235383762,,0.01657152203654455,-0.6149284651971662,-0.10962714177009258,-0.10962714177009258,-0.09999999999999987,-0.09999999999999987,-1.917855919625528,-0.49945299689484146,0.9361185523549314,-1.8416063441239676,-0.2014832235832138,0.06020761245674744,-0.13932738503774866,-0.11304347826086947,0.01590668080593849,0.018867924528301883,0.17730496453900702,0.0539083557951483,0.022974607013301007,-0.1119370354175776,0.0,
2001-06-30,-0.01733535181441792,,-0.016949806137149248,,-0.021508729216349498,0.020191425739234825,-0.96497509798721,-0.96497509798721,-0.962962962962963,-0.962962962962963,-2.032830088935879,-0.6272884666831555,0.10477182711945687,-0.33817874382960156,-0.16699195817459422,0.007180156657963455,-0.331738437001595,-0.32352941176470595,-0.02192066805845516,-0.006172839506172867,0.1351118760757315,0.051150895140664954,-0.004728132387706863,-0.33284096504185123,0.0,
2001-09-30,0.013168134563468437,,0.012390920469717237,,0.02162036301339021,0.33323119597471296,16.933950357593606,16.933950357593606,16.0,16.0,0.6367242482405631,-4.490675659204486,-1.612449167976449,-2.056924012032802,0.2118800798421332,0.11535968891769288,-0.05250596658711215,-0.02898550724637672,0.02134471718249742,0.1428571428571428,0.6724791508718726,0.038929440389294134,0.008313539192399189,-0.039852398523985366,0.0,
2001-12-31,0.006497487743312824,,0.006635980739099656,,0.0050049783605596865,1.0679047066081213,0.540007975791128,0.540007975791128,0.5294117647058822,0.5294117647058822,-1.37428890718198,-1.1205751354035725,-0.5993571987225446,-0.7658574860980472,0.04093650466343668,-0.0703079604880884,-0.0617128463476071,-0.059701492537313494,0.005224660397074032,-0.09239130434782616,-0.03309156844968275,0.0374707259953162,-0.0011778563015312216,-0.08839354342813222,0.0,
2002-03-31,-0.13172575633700856,,-0.1445998939031662,,0.007241230901656959,-0.6449022627200314,0.4886289204709897,0.4886289204709897,0.5,0.5,-7.5212562048459235,-60.517279104189456,7.253078197919738,-11.557438128343358,-0.41518825907120016,0.15500000000000003,0.16510067114093974,0.20634920634920628,0.022869022869022926,0.14970059880239517,0.22034692920768895,0.036117381489842115,0.1603773584905661,0.16694772344013487,0.0,
2002-06-30,0.02567943026160968,,0.032159353058907714,,-0.033722305169646916,0.48189223470497144,-0.1584720701546144,-0.1584720701546144,-0.15384615384615385,-0.15384615384615385,-0.5892186934764259,-0.7521033390676648,-0.4327306998145901,-1.4336558158241837,0.30787480928852373,0.09199134199134185,0.3824884792626728,0.42105263157894735,-0.0060975609756097615,0.06770833333333326,-0.06607760276603925,0.034858387799564294,-0.05792682926829262,0.2875722543352601,0.19999999999999996,
2002-09-30,0.053487795952755324,,0.05947444232098964,,-0.005133808985228749,0.08047765806374518,0.1931298638132295,0.1931298638132295,0.2424242424242422,0.2424242424242422,-1.2618943872894144,1.1212420588446967,1.5510347238962692,-0.34121979495805965,0.1550774038538718,-0.09762140733399405,0.20083333333333342,0.2037037037037035,0.015337423312883569,-0.09268292682926815,-0.34882764294529,0.03368421052631576,-0.056094929881337796,0.1515151515151516,0.0,
2002-12-31,0.025930988026034774,,0.03456511284415331,,-0.06410543528339774,1.8287619792282883,-0.5348593092343283,-0.5348593092343283,-0.5121951219512195,-0.5365853658536586,-6.926285924447013,0.15024813627909706,-0.38715381236315094,-1.4176891968364826,-0.05607776244872775,-0.007688083470620555,-0.03539208882720324,-0.0461538461538461,-0.04431017119838865,-0.021505376344086002,-0.17877447883765007,0.03258655804480659,-0.08799999999999997,-0.24561403508771928,0.3333333333333335,
2003-03-31,0.015998319650051496,,0.01872308021665603,,-0.015411045701580028,-0.5683981971546175,1.0098157358515372,1.0098157358515372,0.95,1.0526315789473686,-0.5576754288753933,-0.5682397947782872,-0.6876594881654051,0.7930903443262176,-0.10652624800861432,0.03984504703929148,0.011510791366906359,-0.048387096774193505,-0.006322444678609096,0.08791208791208782,0.09461538461538455,0.03155818540433919,-0.03007518796992481,-0.11627906976744184,0.125,
2003-06-30,0.01552423925827795,,0.015031067025826461,,0.021406315078620786,0.009920304708616046,0.05189142047312756,0.05189142047312756,0.07692307692307687,0.07692307692307687,-0.5426387664020952,-0.9189647427072616,0.28100316658364766,-3.9241465100207327,0.3486373893421282,0.07982969664715278,0.06258890469416789,0.016949152542372836,0.021208907741251393,0.08585858585858586,0.08011243851018968,0.030592734225621365,0.0051679586563306845,-0.006578947368421129,0.0,
2003-09-30,0.0632863637714236,,0.06712182416693091,,0.017826272739202897,0.028884503704692532,-0.05812001243652187,-0.05812001243652187,-0.04761904761904756,-0.0714285714285714,7.299973705737992,42.05403126916003,1.6113925237214048,-2.1500553029372007,-0.29730176664513386,-0.01182848693937888,-0.010709504685408433,-0.04999999999999993,0.016614745586708057,-0.03255813953488362,-0.07482108002602461,0.03153988868274582,-0.0424164524421593,-0.061810154525386296,0.0,
2003-12-31,0.012912962225918756,,0.01274773612008162,,0.01496616484999036,-0.04544247312154959,0.02617680068660455,0.02617680068660455,0.02499999999999991,0.0512820512820511,-0.02832186109052892,-0.6771211417267002,-0.8325586775189388,-1.3668436713959262,0.1552064121008232,0.05735660847880286,0.13531799729364025,0.12280701754385959,0.013278855975485282,0.043269230769230616,0.07243319268635728,0.03237410071942448,0.0013422818791946067,0.5223529411764705,-0.2222222222222221,
2004-03-31,0.0182154431907513,,0.01652317599308195,,0.03919864685833252,-0.04354271757022243,0.11700496456182119,0.11700496456182119,0.09756097560975618,0.09756097560975618,-0.6488513668942257,-0.5274905816410916,-0.5393154045877897,-1.0390636670550626,-0.005248353492162128,0.05613207547169807,0.010131108462455352,0.0,0.03931451612903225,0.041474654377880116,-0.08786885245901643,0.03135888501742157,0.02144772117962468,0.04688304997424009,-0.14285714285714302,
2004-06-30,0.01231112520087585,,0.012552301401145272,,0.009385922131953661,-0.02139126495589838,0.057154924980561184,0.057154924980561184,0.06666666666666665,0.04444444444444429,-0.18243013215313675,0.5342257969165669,9.366580489486385,-70.88413001912046,0.3687117474197319,-0.016971862438588614,0.014749262536873031,0.015625,0.007759456838021261,-0.05752212389380529,-0.05248023005032354,0.028716216216216228,-0.003937007874015852,0.057086614173228245,0.0,
2004-09-30,0.012293831115202991,,0.010736722923569308,,0.03123909169118444,-0.05387448348162316,-0.1511073578686426,-0.1511073578686426,-0.14583333333333337,-0.14893617021276584,0.08500369087502135,-1.4090992055243183,-0.6640342228776546,0.4649323928710185,0.3946322397287081,0.08677873693775551,-0.016860465116279033,-0.007692307692307665,0.025024061597689995,0.07981220657277,0.055386949924127515,0.03284072249589487,0.01976284584980248,0.04981378026070771,0.0,
2004-12-31,0.0238309885032435,,0.02321507626647823,,0.031175777159489826,0.012133378422780616,-0.02510536336991631,-0.02510536336991631,-0.024390243902438935,-0.025000000000000022,-0.9774440025120369,-6.906623538378599,1.7836227501942368,-1.7224760190054984,-0.20443549303426556,0.013377926421404451,-0.03193376700177408,-0.023255813953488413,0.027230046948356623,-0.008695652173913104,0.007189072609633307,0.031796502384737746,0.006459948320413522,0.02261640798226172,-0.16666666666666663,
2005-03-31,-0.011757781556350877,,-0.014487646288734779,,0.02054469550030391,-0.044454133570927534,0.05903071133104376,0.05903071133104376,0.04999999999999982,0.0512820512820511,104.66073730342872,-0.5540235311396814,-1.7652192463933014,0.1521336190739626,-0.2960627358239889,-0.032178217821782096,-0.041539401343921756,-0.031746031746031744,0.019195612431444298,-0.06140350877192968,-0.020699500356887834,0.03081664098613257,0.033376123234916566,0.00823937554206422,0.0,
2005-06-30,0.02505624235009729,,0.025863464340985853,,0.015832275647325034,-0.01284073324604218,0.1026326422776862,0.1026326422776862,0.09523809523809534,0.09756097560975618,-2.253541470460501,-0.9035560458896231,-2.3773046613634676,-1.0854041343472125,0.035919368035036925,0.008525149190110826,-0.03314212874442324,-0.016393442622950838,0.022421524663677195,-0.009345794392523366,0.03279883381924198,0.03288490284005974,-0.00993788819875785,0.01634408602150539,0.0,
2005-09-30,-0.00685034945312335,,-0.007177171478452982,,-0.003078940616358272,0.010819705076996478,0.020192623913554142,0.020192623913554142,0.021739130434782483,0.04444444444444429,-1.8502532241802816,16.935266713822287,-0.8608417842371245,-6.674592123584583,-0.1967602587857621,0.008453085376162184,0.02307185234014497,0.02499999999999991,0.007894736842105177,-0.014150943396226578,0.02046577275935091,0.03039073806078152,0.0037641154328733606,0.04824375793482849,0.0,
2005-12-31,5.5458922122664234e-05,,0.0022226378339202935,,-0.024850200653912524,-0.028279449372106247,-0.07369167572346969,-0.07369167572346969,-0.06382978723404253,-0.06382978723404253,-0.217611563096617,-1.0808836328821967,-3.936156028024922,-1.736258750324086,0.1803527076835838,-0.04442581726739303,0.02126288659793807,0.024390243902439046,-0.003481288076588429,-0.05263157894736836,-0.08298755186721996,0.02949438202247201,-0.023749999999999938,0.043197416229309615,0.0,
2006-03-31,0.08854330126487864,,0.0787367518796116,,0.20437098558319233,0.0312431265633073,0.03860877173794153,0.03860877173794153,0.022727272727272707,0.022727272727272707,-0.9261097148140454,-4.5976192077476625,-2.2149677781585044,-0.3360834077446455,0.10144353828297348,0.03771929824561404,-0.02649842271293379,-0.007936507936507908,0.0969432314410481,0.045454545454545414,0.008295625942684737,0.034106412005457054,0.10627400768245843,0.01934984520123839,0.0,
2006-06-30,0.016819086259654892,,0.02273670170153319,,-0.04578433727899023,0.0545615975635767,0.06843072681320361,0.06843072681320361,0.022222222222222143,0.022222222222222143,-5.860695335392413,0.4691735367244312,0.8092919421810545,-0.09682705057776098,0.08318271112987596,0.004649196956889146,-0.01555411535968887,-0.008000000000000118,-0.015127388535031927,-0.08695652173913038,-0.017950635751682764,0.03298153034300788,-0.0625,-0.004555808656036553,0.0,
2006-09-30,-0.016650105139068172,,-0.023837370131223334,,0.06484514602151092,-0.16930533801803327,0.4107558868857748,0.4107558868857748,0.4347826086956521,0.4130434782608696,-2.157048357664234,-2.62067616314949,-2.267141309104158,-1.243369652988244,-0.018689503935289342,0.005889777029869592,0.06649111257406193,0.08870967741935476,0.06467259498787392,0.021164021164021163,0.0007616146230007281,0.03192848020434225,0.08395061728395059,0.14988558352402737,-0.20000000000000007,
2006-12-31,-0.009335693047390459,,-0.006685959960533894,,-0.036878392048428243,0.12845143153192184,-0.4428883553726357,-0.4428883553726357,-0.4242424242424243,-0.44615384615384623,0.26682391044145604,-0.15570416052477143,-0.543753223578513,-14.023699745766363,0.24804227472002593,0.0004182350480970154,-0.06358024691358022,-0.0444444444444444,-0.028094153378891318,-0.05699481865284972,-0.08980213089802125,0.030940594059405857,-0.028473804100227817,-0.03184079601990053,0.0,
2007-03-31,-0.009898944547540367,,-0.011968363740915033,,0.012285996935965215,0.005361331677517178,0.09132987516388313,0.09132987516388313,0.07894736842105265,0.11111111111111116,0.005580040794322061,-0.1588070235800917,0.605755643408687,-0.8396643737944223,0.03186591852556675,-0.0434782608695653,-0.016479894528675043,-0.015503875968992276,0.010156249999999867,-0.016483516483516536,-0.0033444816053512794,0.03241296518607428,0.022274325908558046,-0.0174717368961973,0.0,
2007-06-30,0.04120685780466893,,0.044744698365904556,,0.004188624088930837,0.022089576075781325,-0.1588387689864823,-0.1588387689864823,-0.1707317073170731,-0.15000000000000002,-4.670006798171679,-3.1131577492814504,-4.10612751891016,1.2028477094510936,0.06802799120829817,-0.032779720279720315,-0.07841823056300257,-0.07086614173228345,0.006187161639597871,-0.04469273743016766,-0.007550335570469802,0.03023255813953485,-0.03555045871559637,-0.059274755927475664,0.0,
2007-09-30,0.5184757091066323,,0.47060353522824383,,1.0396169758506546,0.49983153638814026,0.7163472882850437,0.7163472882850437,0.11764705882352944,0.11764705882352944,0.4245291543301537,-0.8393460846820336,-0.33175349894131345,-1.4002997658079626,-0.025497074208944537,-0.11929507455942168,-0.2392727272727273,-0.16101694915254228,0.3128362797847808,-0.12280701754385959,-0.058326289095519845,0.030474040632054278,0.343638525564804,-0.18235730170496667,0.25,
2007-12-31,-0.010965930140910296,,-0.006236462310413748,,-0.04808794826738161,-0.09899773240415621,-2.7313787065310198,-2.7313787065310198,-2.736842105263158,-2.736842105263158,-2.1483307661486837,6.161714425268642,-0.8347548441990953,-9.799517925676309,0.23023220927918686,-0.18163160595177008,-0.8432122370936902,-0.8282828282828283,-0.0491803278688524,-0.38,-0.032315978456014416,0.02957283680175249,-0.03716814159292048,-0.827742520398912,-0.20000000000000007,
2008-03-31,0.02476350459220522,,0.028658664970006686,,-0.007154143287937398,0.10674770367051378,-1.5310431293881646,-1.5310431293881646,-1.5303030303030303,-1.5303030303030303,-1.0050266014006357,0.17680236886825162,6.742734967117874,-0.2766467830254161,0.1353721744375751,-0.23197492163009403,0.22560975609756095,0.23529411764705888,-0.0067733990147782475,-0.19354838709677424,1.4703153988868274,0.02765957446808498,-0.03125,0.2789473684210526,0.0,
2008-06-30,-0.012811824683625295,,-0.023787111836202635,,0.08036563973833255,0.02239722091626173,-0.2023798281235244,-0.2901359901784871,-0.2857142857142857,-0.2857142857142857,-53.271794871794874,-0.32109871088761943,-1.385176218937156,-4.393763143575641,-0.40464361080499134,-0.31836734693877555,-0.03482587064676612,0.09523809523809534,-0.016119032858028515,-0.30666666666666664,-0.2350732256853173,0.01449275362318847,-0.003795066413662229,-0.006172839506172756,0.0,
2008-09-30,-0.012167093189861866,,-0.01360281836853694,,-0.0011532196202477252,-0.1114536896291849,-0.2593831399479043,-0.30187026751366397,-0.31999999999999995,-0.31999999999999995,1.4269176325489483,-0.7087785993452438,0.33565977173347683,-0.796992709269952,-0.13797719253809593,0.07065868263473063,-0.6391752577319587,-0.4782608695652174,-0.000630119722747291,0.0769230769230771,0.3716249386352479,0.013265306122448806,0.011428571428571566,-0.639751552795031,0.0,
2008-12-31,-0.005629833224080283,,-0.024043171488917547,,0.13386375638423287,-0.20310947307513305,-6.559183619093295,-7.6265800673315125,-8.117647058823529,-8.117647058823529,-0.6177979706981284,2.697733612784398,-1.245876637462446,0.7401304203976649,-0.278528953037263,-0.053691275167785046,-4.428571428571429,-2.75,-0.07881462799495587,-0.0535714285714286,1.752684323550465,0.013091641490433181,-0.07344632768361581,0.0,0.0,
2009-03-31,-0.048768989318482725,,-0.005057302256912033,,-0.333797970732825,0.30023406635036887,4.8309876368655775,4.9718803994354035,4.6115702479338845,4.6115702479338845,3.002417530115248,-2.14572361728046,-4.002511216163319,-5.379658989849428,1.6907980413606292,-0.46808510638297873,21.95,22.571428571428573,-0.4811772758384668,-0.41509433962264153,0.0,0.0009940357852882276,-0.4014227642276422,0.0,0.0,
2009-06-30,-0.005896720879460915,,-0.015156719432596222,,0.08428001036816979,0.06804808127546136,-0.9485884267142088,-0.9267471910112359,-0.9410898379970545,-0.9410898379970545,-0.5384976197936525,-1.6713354774652809,-0.8253888026442993,-1.1261949791445374,-0.07929626091865172,-0.14222222222222225,0.23965141612200447,0.10505050505050506,-0.17941952506596315,0.6451612903225807,0.0,0.0009930486593843213,0.16977928692699495,0.0,0.0,
2009-09-30,0.021701685529802228,,0.014310736165163762,,0.08707634983628076,0.0049152057988710585,0.32851033214756775,0.07048634316829738,-0.17500000000000004,-0.17500000000000004,-0.40698575650057767,2.107820133158354,-16.033471938248063,0.16794930837221944,-0.10059046049802067,0.06735751295336789,0.2089923842999415,0.09506398537477145,-0.10289389067524113,0.2941176470588236,0.0,0.0009920634920634885,0.10304789550072568,0.0,0.0,
2009-12-31,-0.018243105914709012,,-0.013213542560603031,,-0.05975289272129891,-0.00042335155468586905,1.2244840243095254,1.0417065394830436,0.696969696969697,0.696969696969697,-0.5595780413199485,-0.9606972128399385,-1.3188983056027581,0.7138757981149286,-0.19168081746637278,0.0024271844660193054,0.11326468806783763,-0.0033388981636059967,-0.08781362007168458,0.1212121212121211,0.0,0.0009910802775023875,-0.06842105263157894,0.0,0.25,
2010-03-31,0.006054408461387606,,0.006024600927984514,,0.0063125913371095965,0.026084327903409088,-1.1074882265267645,-1.0260166025024062,-1.0178571428571428,-1.0178571428571428,1.4753198553016897,0.7648398936843437,-0.038402468798593103,-0.4159505937399519,-0.13849859071978465,0.1452784503631963,-0.7755168661588683,-0.7989949748743719,0.007858546168958647,0.2567567567567568,0.0,0.000990099009900991,0.0014124293785311437,0.0,0.0,
2010-06-30,-0.0018501238499434303,,-0.003542370545508322,,0.012803355726945576,0.05443760880353521,0.22716863376701824,0.8630057803468207,2.0,2.0,0.4820218072773168,2.4879677439918404,-0.46266641085759985,-0.12263649479839012,-0.14104864798876882,0.3382663847780125,-0.2729035385361125,-0.2833333333333333,0.01754385964912286,0.32258064516129026,0.0,0.0009891196834816984,0.019746121297602226,0.0,0.0,
2010-09-30,0.028509061414072612,,0.029071900912885917,,0.023713986888877603,0.01166294884647967,1.0700926913296693,2.694849519081601,2.3333333333333335,2.3333333333333335,-0.8261169309052412,1.9043145712157834,-6.579664648000964,-1.0727561883330448,0.01194731456346565,-0.09162717219589256,-0.46799999999999997,-0.5930232558139534,0.03256704980842917,-0.10569105691056901,0.0,0.000988142292490224,0.004149377593360981,0.0,0.0,
2010-12-31,0.010758698329453864,,0.024323453246753113,,-0.10541018855649575,0.0035577938429047773,0.2174826144671409,-0.4521280317980154,-0.5,-0.5,-1.310469269765672,-0.2588118877301395,-0.43801551928608295,-22.66081784386617,-0.2557332785593025,0.08000000000000007,-1.4423558897243107,-2.685714285714286,-0.007421150278293154,0.04545454545454519,0.0,0.000987166831194486,0.18181818181818188,2.028735632183908,0.0,
2011-03-31,-0.016186153746619136,,-0.01902553486857861,,0.011656763460683672,-0.056274042918909695,0.028852725793327982,2.0333367393858888,1.8000000000000003,1.8000000000000003,-30.848614241094374,-1.3626187029592431,-2.0879739375915936,-2.2388771804570635,0.425683580850301,0.13365539452495967,0.6657223796033995,0.27118644067796605,0.013084112149532867,0.14782608695652177,-0.5182681055779483,0.0009861932938854956,0.029137529137529095,0.7685009487666037,0.0,
2011-06-30,0.0019175233055193086,,-0.0023484494126581046,,0.04248085628564602,0.02780242485673079,0.15399459057621434,0.1639759817420816,0.1428571428571428,0.1428571428571428,-0.42328941494991135,-2.219363505461186,-0.668763498809998,-1.6232143450843926,-0.1860806406247415,-0.08238636363636365,0.38435374149659873,0.24,0.04428044280442811,-0.09848484848484862,-0.4550607287449392,0.0009852216748769127,0.04416761041902606,0.4839055793991416,0.0,
2011-09-30,0.03635563774043593,,0.037257929281335755,,0.0281450690633267,0.009001614312764028,-0.01731794569552758,-0.018276006772107056,0.0,0.0,-0.5490084842694203,0.3033143959849942,-7.3729005519194075,-6.363228978651895,1.2261572017782618,-0.13312693498452022,0.10442260442260443,0.07526881720430123,0.030035335689045928,-0.16806722689075626,-0.38385339276869745,0.003937007874015741,-0.006507592190889366,0.18076644974692702,0.0,
2011-12-31,-0.009604718423079639,,-0.011006363519083462,,0.003262858720495032,-0.03106594069202162,-0.11530012343870955,-0.12184570485230828,-0.1875,-0.1875,0.059656038174975334,0.26470095339119615,-1.3835287345368192,-1.8905117233673243,-0.4904897830227789,-0.07857142857142851,0.160177975528365,0.010000000000000009,-0.0017152658662091813,-0.101010101010101,-0.18649517684887462,0.0039215686274509665,0.008733624454148492,0.2008573178199633,0.0,
2012-03-31,0.026188887508638015,,0.026396219393190146,,0.024312581901404506,0.09024530670709852,0.20820129593718972,0.21875708111283632,0.3076923076923077,0.3076923076923077,0.33256116843607764,0.16969205409876165,-1.8751269649131936,-0.9955776183366409,-0.004257290531628155,0.1705426356589148,0.025886864813039256,0.02970297029702973,0.025773195876288568,0.1685393258426966,0.011857707509881577,0.00390625,0.0,0.027536970933197402,0.0,
2012-06-30,0.013356293667834862,,0.012854019444818565,,0.01791100553026137,-0.028109871620958016,-0.0036797807790174275,-0.0034361421557488336,0.0,0.0,0.02248710643055496,-0.12747501179540355,0.006693422451070186,-23.59966322879394,0.09662469166688425,0.043046357615893927,-0.0065420560747663226,0.0,0.02680067001675046,0.019230769230769162,-0.0078125,0.0038910505836575737,0.005411255411255311,0.0034739454094292466,0.0,
2012-09-30,-0.0031781984406713537,,-0.006637379945998889,,0.028034435129312252,0.01257211316659368,0.09862742786792933,0.10407539973189972,0.11764705882352944,0.11764705882352944,-0.5982328353997284,-0.8453731803259041,-1.8128012165862786,-4.920863175345298,-0.3454711518577238,0.060317460317460325,0.02539981185324547,0.03846153846153855,0.034257748776509,0.028301886792452935,0.04330708661417315,0.003875968992248069,0.03336921420882666,0.03412462908011871,0.0,
2012-12-31,-0.0051346491150363605,,-0.005380070494560796,,-0.00299486672989413,0.05834978629233478,-0.0029087961279632424,-0.0029915385770790115,-0.052631578947368474,-0.052631578947368474,1.8748320939746979,-5.886339100346021,-0.08138283530473722,-2.105034122193797,0.5832552867912653,-0.019461077844311392,0.05137614678899083,0.05555555555555558,0.012618296529968376,-0.05504587155963303,-0.0641509433962264,0.0038610038610038533,0.002083333333333215,0.0373027259684362,0.0,
2013-03-31,-0.0017491260736145486,,-0.0034776738959061415,,0.013285698914944577,-0.07561370277133161,-0.09265359070773982,-0.09727191693972603,-0.05555555555555547,-0.05555555555555547,-0.35285476955401096,-1.9737969661433992,-0.667318353054078,-1.9331756967358475,-0.3437725192943334,0.07175572519083961,-0.016579406631762605,0.0,0.017133956386292892,0.058252427184465994,-0.003024193548387011,0.0038461538461538325,0.016632016632016633,0.006915629322268302,0.0,
2013-06-30,0.0010475610671141222,,0.0028362255485532284,,-0.014252775373614912,-0.00412047091941059,-0.007438397680853859,-0.007829775398094707,0.0,0.0,-0.06951096933117518,-0.8250042177237478,-1.4471253433170177,-1.3805831594174856,0.19937298476628107,0.05270655270655267,-0.009760425909494108,-0.008771929824561542,-0.003062787136294043,0.0366972477064218,0.05257836198179966,0.004789272030651492,-0.01635991820040905,0.0,0.0,
2013-09-30,0.009526445838427877,,0.007083226339858362,,0.030788197143086782,0.0026173113694936134,0.18477142534732605,0.1950884471980039,0.23529411764705865,0.17647058823529416,1.0499444667028435,5.7246404113384015,4.428716048111735,-0.3115035891973029,0.1144494549786399,0.128552097428958,0.010752688172043001,0.017699115044247815,0.030721966205837115,0.1327433628318586,0.1287223823246877,0.004766444232602307,0.022869022869022926,0.02335164835164827,0.0,
2013-12-31,0.04992374786646114,,0.05307803597758398,,0.023105288045331518,0.0028459106692035885,-0.11577313753942864,-0.12117053718038939,-0.1428571428571429,-0.10000000000000009,-0.5053240179512427,3.9890252041295557,7.600396345028777,-1.9364758421829946,-0.0961722842249142,0.06474820143884896,-0.0292553191489362,-0.02608695652173909,0.023845007451564815,0.03125,0.04936170212765956,0.004743833017077925,-0.023373983739837345,0.004921700223713632,0.0,
2014-03-31,0.02806845356869947,,0.029834898429419665,,0.01260976013239512,0.012866227555342835,-0.054998320903797304,-0.057914826035313394,-0.05555555555555547,-0.05555555555555547,-0.2199888972798335,-0.6840635956618603,-0.716037849566056,-0.7383925051161219,-0.027836489094345218,0.055180180180179894,-0.0182648401826484,-0.0267857142857143,0.017467248908296984,0.030303030303030276,0.05515004055150041,0.0047214353163362865,-0.014568158168574374,-0.00801424755120217,0.0,
2014-06-30,0.04336131080109529,,0.04705886183941321,,0.010452486094276958,0.03516664212795795,0.10376618413200744,0.10962678585342012,0.11764705882352944,0.11764705882352944,0.4531237977994922,1.499416634083206,2.1180725417569364,-9.798227357542702,0.25192445215275616,0.023479188900747072,0.0027906976744187517,-0.00917431192660545,0.025751072961373245,0.007352941176470562,0.023827824750192184,0.0046992481203007586,-0.03062302006335793,0.009425493716337385,0.0,
2014-09-30,0.00836269816786217,,0.008515085449692261,,0.006957291151073575,0.005025946501622913,-0.05833470012574493,-0.06130630170564799,-0.052631578947368474,-0.052631578947368474,0.08821232378052812,-0.9220595991947254,-1.1655603245934176,-2.3809387859977402,-0.2778859750848002,0.02085505735140769,-0.05102040816326536,-0.06481481481481488,0.009762900976290068,0.0,-0.006756756756756799,0.00467726847521055,-0.0010893246187364536,-0.051133837261004844,-0.20000000000000007,
2014-12-31,0.03058233738084537,,0.0331359114504548,,0.006995310468618898,-0.010024044254880349,0.05546524229756922,0.058475913282376224,0.05555555555555558,0.0,0.052439513921833436,6.8954088067190815,-4.891702579453122,-2.006237614112602,0.3872232236418893,-0.002042900919305368,0.0,-0.01980198019801971,0.013812154696132506,-0.014598540145985384,0.02569916855631149,0.005586592178770999,-0.022900763358778664,-0.0009372071227741197,0.0,
2015-03-31,0.02571194821684686,,0.026194283659919826,,0.021141024972464395,-0.010221788176015156,0.01369075995941671,0.014378320730351835,0.0,0.05555555555555558,-1.0703382647557405,-0.20553755426725695,-0.4418894387419202,-1.9412567544166033,-0.2627381581480708,0.07062436028659169,0.01564027370478982,0.0,0.023160762942779245,0.05925925925925912,0.07074428887251272,0.005555555555555536,-0.0033482142857141906,0.022983114446529118,0.0,
2015-06-30,0.012396382547441798,,0.013140619265228803,,0.0053086109867077624,0.10460483792549202,0.1830043291087342,0.19221731722919255,0.21052631578947367,0.21052631578947367,-6.7157254751602125,-0.6978993947669674,-0.15874899292915068,-2.4970672520728803,0.5335101725126572,0.07074569789674934,0.039461020211742026,0.030303030303030276,0.013315579227696439,0.04195804195804209,0.041982105987611984,0.005524861878453136,-0.006718924972004547,0.028885832187070193,0.0,
2015-09-30,0.019820134454976657,,0.020499815635726337,,0.013296731749262491,-0.030920734951628503,-0.22230716695717767,-0.23171729406389785,-0.21739130434782616,-0.21739130434782616,2.0160514412756823,3.9215059884394377,0.46456002568472,-1.7407127369072244,-0.2576949192336929,-0.022321428571428603,-0.015740740740740722,-0.02941176470588236,0.02233902759526929,-0.033557046979865834,-0.072655217965654,0.005494505494505475,-0.004509582863585049,-0.016042780748663055,0.0,
2015-12-31,0.011883932269763031,,0.01292528340832777,,0.001818268271514878,0.027454867521447435,0.16856502477259028,0.17782464389434383,0.22222222222222232,0.16666666666666674,1.0097670709272362,-0.03958351196275223,-0.1950325408669633,-0.501697079111726,-0.17298834977615252,0.008219178082191858,0.011288805268109048,0.010101010101009944,0.00385604113110527,-0.01388888888888895,0.007834757834757955,0.006375227686703067,-0.010192525481313663,0.0013586956521738358,0.0,
2016-03-31,0.022526935246589108,,0.016095467575651057,,0.08538250806795733,-0.031455184196087504,-0.03922965189642702,-0.04121829080000239,-0.045454545454545525,-0.04761904761904756,-0.6967919612480554,-0.04765719462522666,0.5906366526853839,-0.8255775894177266,-0.03648442553673703,-0.15579710144927528,-0.018604651162790753,-0.009999999999999898,0.08578745198463511,-0.1619718309859155,-0.1865724381625442,0.0063348416289590315,0.06407322654462244,-0.006784260515603768,0.0,
2016-06-30,0.018019830609875553,,0.014650413804680351,,0.048847460137167564,0.04303742752703932,0.018830918663973684,-0.05296480442822504,-0.09523809523809523,-0.050000000000000044,-0.5054590958861255,-0.3667278411368008,-0.29567402843983337,-2.647858159699754,0.06239770265899569,0.0032188841201716833,-0.10047393364928914,-0.0505050505050505,0.10731132075471694,-0.07563025210084018,-0.009556907037358786,0.00629496402877705,0.09139784946236551,-0.051912568306010876,0.0,
2016-09-30,0.36254142895307506,,0.36016731181270023,,0.3835546022913152,0.19409698671674014,-0.272350177609717,-0.2987017185418903,-0.368421052631579,-0.42105263157894735,3.208502024291498,-0.7377239083999801,-0.3148122754858025,14.6043155579989,0.9164867732189395,-0.019251336898395643,-0.18440463645943095,-0.12765957446808507,0.019169329073482455,-0.10909090909090913,0.03157894736842093,0.006255585344057124,0.015763546798029493,-0.10951008645533133,0.0,
2016-12-31,-0.010433292328522414,,-0.01076245365788664,,-0.007569151704115762,0.15252450676596907,0.881539164120815,1.0291701623535268,0.6666666666666667,0.8181818181818183,0.3264991181657848,1.2173458487692903,-1.3355124813329593,-1.3487459720493886,-0.16677447246860444,0.26608505997818965,-0.014211886304909438,0.0,-0.11076280041797293,0.23469387755102034,0.39030612244897966,0.007104795737122638,-0.10184287099903,-0.00916936353829556,0.0,
2017-03-31,0.00332359224995038,,0.0022639208882191397,,0.012514471564527785,-0.02513751755792004,-0.1291789942376016,-0.14031022544502902,-0.15000000000000002,-0.15000000000000002,-0.2525892546874764,0.2591558102110474,-2.1990971491059605,-0.7259542012274101,-0.054851708225914786,0.1670973298880276,-0.06159895150720851,-0.024390243902439046,0.12808460634547592,0.31404958677685957,0.1840978593272169,0.007054673721340388,0.12634989200863922,-0.040827436037016884,0.0,
2017-06-30,0.013606538208722707,,0.012769322112014203,,0.02079447573173021,0.026180933542330642,0.305856968485396,0.3363140537798073,0.3529411764705881,0.3529411764705881,-0.5881425441755043,0.14382274610042245,2.341676747349817,-3.7207893939992362,0.15790109053012147,-0.040590405904059046,0.0572625698324023,0.04999999999999982,0.017708333333333437,-0.15094339622641506,0.0020661157024792765,0.007005253940455258,0.007670182166826356,0.06413166855845631,0.0,
2017-09-30,0.00573282186588342,,0.005913659969422058,,0.0041924382369289415,0.017574528151963476,0.010403288425375523,0.011125085029977999,0.04347826086956519,0.0,2.3593528556441075,0.3306281536377589,-0.7152176952987559,-2.556824395271529,-0.2123016134864557,0.007692307692307665,0.18229854689564062,0.17857142857142883,0.013306038894575378,-0.007407407407407418,-0.04896907216494839,0.006956521739130528,-0.0019029495718364542,0.14613333333333345,0.0,
2017-12-31,0.02154048795837271,,0.022803587326033936,,0.010762933470694014,0.0181639458719558,0.5719129687363422,0.6125281129603191,0.5833333333333335,0.5652173913043477,0.5481754211023266,0.9290482056804223,5.5036807653774416,-2.0133462631084917,0.273311229097172,0.06717557251908413,0.19441340782122896,0.1717171717171715,-0.0818181818181819,0.05223880597014907,-0.08726287262872623,0.00949913644214151,-0.10867492850333649,0.19869706840390866,0.0,
2018-03-31,0.0005854969525362907,,-0.00463741418641761,,0.04568152395043468,-0.0219272364391655,-0.2446657414208162,-0.2383576662696747,-0.23684210526315796,-0.2222222222222221,-0.6531812363970957,-0.6414115998726457,-0.9811248149014107,-2.3832997987927564,-0.2967105263157894,0.11230329041487841,0.12160898035547252,0.09482758620689657,0.008800880088008833,0.2127659574468086,-0.06710213776722085,0.009409751924722043,0.036363636363636376,0.10170807453416142,0.0,
2018-06-30,0.010667075954952754,,0.010200348619509692,,0.014503006720905542,0.03321033210332103,0.08895705521472386,0.06369426751592355,0.034482758620689724,0.0714285714285714,0.04761904761904767,-0.12113402061855671,21.161290322580644,-1.6940133037694012,0.292797006548176,-0.032154340836012874,0.07589658048373638,0.04724409448818889,0.014176663031624903,-0.040935672514619936,-0.1292170591979631,0.009322033898305104,0.006191950464396356,0.05355884425651869,0.0,
2018-09-30,0.0027904857723191068,,0.008861811132650166,,-0.04689679218967924,0.021428571428571352,0.06478873239436611,0.07784431137724557,0.10000000000000009,0.10000000000000009,0.7597402597402598,-0.23900293255131966,-1.1542940320232897,-1.2651757188498403,-0.06005788712011573,0.03056478405315599,0.10542635658914734,0.06766917293233088,-0.013978494623655968,0.018292682926829285,-0.030701754385964897,0.011754827875734675,-0.055384615384615365,0.06588628762541804,0.0,
2018-12-31,0.029616098133494972,,0.03126121750881561,,0.015364916773367376,0.01573426573426584,-0.1164021164021164,-0.125,-0.09090909090909094,-0.12121212121212133,0.07380073800738018,2.2485549132947975,-24.367924528301888,-17.542168674698797,1.056966897613549,-0.13668600902643446,-0.07223001402524543,-0.07746478873239437,0.031624863685932425,-0.12574850299401197,-0.20512820512820518,0.011618257261410747,-0.011943539630836053,-0.07969877627863187,0.0,
2019-03-31,-0.005313427896415757,,-0.009295754461040806,,0.02972437398666905,-0.01807228915662651,0.0718562874251496,0.07619047619047614,0.06666666666666665,0.10344827586206917,-0.14604810996563578,-0.6945432977461448,-1.5320952765442066,-1.9730517115804806,-0.5,-0.017176997759522084,0.015873015873015817,0.015267175572518887,0.03382663847780121,-0.047945205479452135,0.04079696394686927,0.011484823625922846,0.03846153846153855,0.0064780088646436695,0.0,
2019-06-30,0.000406643069046142,,-0.0019840654741606345,,0.020643806857942648,0.039439088518843146,0.016759776536312776,0.020648967551622377,0.03125,0.03125,-0.2857142857142857,-0.8757281553398059,-0.9779969650986343,-1.1961077844311376,0.19610778443113763,0.013677811550151908,0.0037202380952381375,0.0,0.030674846625766916,-0.021582733812949506,-0.019143117593436676,0.011354420113544261,0.023280423280423124,-0.005758807588076009,0.0,
