Quarter end,Assets,Current Assets,Liabilities,Current Liabilities,Shareholders equity,Revenue,Earnings,Earnings available for common stockholders,EPS basic,EPS diluted,Cash from operating activities,Cash from investing activities,Cash from financing activities,Cash change during period,Cash at end of period,Price,ROE,ROA,Book value of equity per share,P/B ratio,P/E ratio,Cumulative dividends per share,Equity to assets ratio,Net margin,Asset turnover,Current ratio
1993-12-31,-0.027693424301623804,-0.0714023383956317,-0.05688682766650599,-0.15902337957509316,0.026402558543318078,-0.19971474824339053,-1.199997609256957,-1.199997609256957,-1.2,0.714285714285714,-0.6416017031401646,-0.07000526413575281,-0.7020403556949681,-11.59601798330122,0.05865511395743073,-0.027177269919703595,-0.7932489451476793,12.5,0.026728110599078425,-0.006896551724137945,4.274069104327407,inf,0.05563480741797444,-0.8,0.012499999999999956,0.10420584715335957
1994-03-31,-0.027693424301623804,-0.0714023383956317,-0.05688682766650599,-0.15902337957509316,0.026402558543318078,-0.19971474824339053,-1.199997609256957,-1.199997609256957,-1.2,0.714285714285714,-0.6416017031401646,-0.07000526413575281,-0.7020403556949681,-11.59601798330122,0.05865511395743073,-0.027177269919703595,-0.7932489451476793,12.5,0.026728110599078425,-0.006896551724137945,4.274069104327407,inf,0.05563480741797444,-0.8,0.012499999999999956,0.10420584715335957
1994-06-30,0.007466230401636187,0.08724588183285942,0.012298072109344638,0.11025034462244787,-0.0007607236299094211,-0.19971474824339053,-1.199997609256957,-1.199997609256957,-1.2,0.714285714285714,-0.6416017031401646,-0.07000526413575281,-0.7020403556949681,-11.59601798330122,-0.5870756529784358,0.019047619047619202,-0.7932489451476793,12.5,-0.0008976660682226134,-0.006896551724137945,4.274069104327407,1.0,-0.008108108108107914,-0.8,0.012499999999999956,-0.02074785166834414
1994-09-30,-0.003693695130458252,-0.00011382331336140528,-0.009158808669973095,-0.0960071304951865,0.0057331088160792465,0.03286953661774672,-0.8857211164903472,-0.8857211164903472,-0.8888888888888888,0.714285714285714,-0.8681936242822368,-0.204689802135966,-1.7183591018568876,-1.0313977451812342,0.04463977938641839,0.01495327102803734,-0.7932489451476793,12.5,0.0062893081761004055,0.01388888888888884,4.274069104327407,0.4999999999999998,0.009536784741144277,-0.8,0.012499999999999956,0.1060953435054155
1994-12-31,-0.011354212588594037,0.010244677567565308,-0.013383882949599912,-0.013687856450319225,-0.007905062434245824,0.1575869014241298,-5.550732217573222,-5.550732217573222,-5.5,0.714285714285714,11.528431935669156,0.8696084485519608,-2.1837010599178024,9.790862290862291,0.46111752736072154,-0.036832412523020275,-0.7932489451476793,12.5,-0.008035714285714257,-0.04109589041095896,4.274069104327407,0.3333333333333335,0.0032388663967610754,-0.8,0.012499999999999956,0.024229862054177653
1995-03-31,-0.01694927044329897,-0.06750515926189882,-0.0359915629293488,-0.06373406669141524,0.015231822905257264,0.10609878623637115,1.8918515113205379,1.8918515113205379,2.0000000000000004,0.714285714285714,0.3863575448941303,-0.0035772667219025056,1.659909086755905,-1.9141272586319995,-0.2884915780558953,0.0006373486297004405,-0.7932489451476793,12.5,0.015301530153015275,0.0071428571428571175,4.274069104327407,0.25,0.032822168415388875,-0.8,0.012499999999999956,-0.003977669225401326
1995-06-30,-0.006081898656250639,0.029309721945385725,0.002020287632560347,0.1267190176762445,-0.01908357648715764,-0.10123922451921663,-2.598402352754153,-2.598402352754153,-2.5925925925925926,0.714285714285714,-0.17854798911246217,-0.026731989055503447,-0.398817472551537,-1.6860199621632201,0.2781569063111675,0.06815286624203831,-1.5510204081632653,12.5,-0.019503546099290725,0.05673758865248235,4.274069104327407,0.19999999999999996,-0.013024225058609007,0.0,0.061728395061728225,-0.08645694668254744
1995-09-30,0.013026885389013865,0.12968450736613435,0.04438596373343917,0.20613043265566344,-0.03837806860138482,-0.06456290012255006,1.600338148636217,1.600338148636217,1.6279069767441858,0.714285714285714,-0.3682882191000275,-0.1036996842366551,-0.9369759302906935,2.8415747432483833,0.8360167211622036,-0.03100775193798444,12.37037037037037,12.5,-0.03797468354430378,-0.01342281879194629,0.0,0.16666666666666674,-0.05067300079176562,0.0,0.023255813953488413,-0.0634251092875221
1995-12-31,-0.060163622603174094,0.0512888914601366,-0.035688050304944374,0.0496863854384455,-0.10373800164672053,0.2656841743258542,1.6273199277129171,1.6273199277129171,1.610619469026549,0.714285714285714,0.5735000710808704,-0.7434612635009371,34.37749320036265,-1.80818357344423,-0.3680004508566276,-0.006153846153846287,2.68421052631579,2.614814814814815,-0.10338345864661669,0.03401360544217691,0.0,0.14285714285714302,-0.04642757853767043,0.0,0.05681818181818188,0.0015558467081560057
1996-03-31,-0.0032342448851717664,0.023160754612380652,-0.01271121084997684,-0.07882187239028282,0.014918831632584117,0.060515791488789716,-1.240114567297369,-1.240114567297369,-1.240677966101695,0.714285714285714,-0.3025674256892109,2.6733530829483834,-0.7969510300444308,-1.4784526325461729,0.27859321217741795,0.09907120743034059,-0.06842105263157905,-0.0901639344262295,0.014675052410901612,0.22368421052631593,0.0,0.125,0.01807580174927126,0.0,0.053763440860215006,0.11070231379282158
1996-06-30,-0.08983126218102966,-0.0937695157066889,-0.2197967561602624,0.0029605494606603777,0.1523395921463242,0.1393958830896358,4.70573078497052,4.70573078497052,4.690140845070423,0.714285714285714,0.5742236357788657,-5.735027372075699,16.088410690057742,-3.4033032456308816,-0.5236567538916477,0.051830985915493066,-1.1783696529459242,-1.1846846846846848,0.15185950413223148,0.037634408602150504,0.0,0.11111111111111116,0.26632302405498276,2.3636363636363638,0.13265306122448983,-0.09642988590357016
1996-09-30,0.03808322365948147,0.0922466174536698,0.045038196525819085,0.02715382332308014,0.02930884201919648,-0.2649074832649043,-0.7401307488172306,-0.7401307488172306,-0.7400990099009901,0.714285714285714,-0.7349153831311079,-1.2283120313503604,-1.106678016112027,-2.348196686377923,1.482108345534407,-0.08837707552222829,3.117647058823529,3.3414634146341458,0.02780269058295959,-0.20725388601036265,-0.7576326167154306,0.10000000000000009,-0.008593396653098107,3.0945945945945947,0.054054054054053946,0.06338085539714866
1996-12-31,0.06567296703681813,0.22100996643641913,0.0728159978625833,0.14069749496793604,0.056523620749089565,0.22119679383238422,0.22510145460864583,0.22510145460864583,0.21904761904761894,0.714285714285714,0.47749387169633595,0.3394530212798239,-0.13070532237126786,-0.4515746631366816,0.3274739276107781,0.10693301997649818,1.3406593406593408,1.4831460674157304,0.05933682373472937,0.07189542483660127,-0.7397979267812623,0.09090909090909083,-0.008439781021897907,1.4389438943894386,0.025641025641025772,0.07040527081896886
1997-03-31,-0.052107006234583864,-0.14240264310355344,-0.07747685106286284,-0.09529585832882359,-0.019110239857714983,0.05806278139233845,-0.9617181763567185,-0.9617181763567185,-0.9609375,0.714285714285714,3.4391346557894886,-0.02093716961184111,-3.1539020578016266,5.744181857482528,1.6637190949325467,0.01220806794055207,-0.136150234741784,-0.08144796380090513,-0.018121911037891292,-0.04268292682926822,-0.5925365607665154,0.08333333333333348,0.034736599953991254,-0.11096075778078485,0.03333333333333344,-0.05210420841683361
1997-06-30,-0.004207969935714928,-0.11495756166351556,-0.004454065951605579,0.000589263566902698,-0.003906936159994268,-0.22237260243582835,8.079555361813426,8.079555361813426,8.0,0.714285714285714,-0.7078042682090887,0.6614714900017356,-1.2442351157598923,-1.6023877567372666,-0.3762423805663153,-0.0933403251179864,-0.5657608695652174,-0.5640394088669951,0.007550335570469802,-0.07643312101910837,0.0,0.07692307692307687,0.0002223210315697166,-0.5251141552511416,-0.08870967741935487,-0.11544850498338877
1997-09-30,0.03948104229766569,0.12576988369700537,0.07577063998418532,-0.001001030921934265,-0.004885356996154222,0.011961205520048646,-0.4555776940250138,-0.4555776940250138,-0.4444444444444444,0.714285714285714,-0.277686236615596,-0.05640231075674096,1.6549081205881797,-0.499982264786734,-0.30160411217552696,0.12724117987275885,-0.28911138923654567,-0.29378531073446323,-0.004163197335553592,0.11724137931034484,1.5569306930693068,0.0714285714285714,-0.04267615025561233,-0.28525641025641024,0.0,0.12684592402902273
1997-12-31,0.03884769957831358,0.0626739973197239,0.08529495845611823,0.10761743182635652,-0.02253962261512754,0.1275602917376928,-3.708408659993827,-3.708408659993827,-3.68,0.714285714285714,1.5436520824633848,0.24620399126718118,-0.7366774064781022,-0.3009736286732757,-0.3018763881442904,-0.02668034889687021,-0.9595070422535211,-0.96,-0.019230769230769273,-0.01851851851851849,0.3567279767666989,0.06666666666666665,-0.05897376364058515,-0.9596412556053812,-0.0265486725663715,-0.04052723278539516
1998-03-31,-0.0325374161002564,-0.1729993937281724,-0.05118416925906777,-0.13610763220528654,-0.005173991719996218,-0.10301250987136557,-0.7949661370148476,-0.7949661370148476,-0.7910447761194029,0.714285714285714,-0.5184896941691494,-0.4786566258222751,0.1472077095909694,-0.7052973411812462,-0.12743269631612442,-0.03900896151818656,-2.3043478260869565,-2.3,-0.005115089514066584,-0.02515723270440251,23.389225829468426,0.0625,0.02812731310140637,0.0,-0.06363636363636371,-0.04271277435654508
1998-06-30,0.013214577004179162,-0.054795723233858507,0.03774166444438776,-0.021201641468912458,-0.021113382958311777,-0.14491005134722768,0.7245513736700016,0.7245513736700016,0.714285714285714,0.714285714285714,0.2809177462939112,0.843645433505767,2.498643195922509,2.3267906336088156,-0.48585581734516836,0.0005485463521666123,6.6000000000000005,6.230769230769232,-0.016281062553556103,0.006451612903225712,0.0,0.05882352941176472,-0.03383729301655869,0.0,-0.04854368932038844,-0.03430927835051534
1998-09-30,0.11150597694386954,0.3663248275081348,0.1920279702219152,0.3509890380287348,-0.007968020621308858,-0.05692423521856371,-0.7090565863990055,-0.7090565863990055,-0.7083333333333333,-0.7083333333333333,-0.23403259037272894,0.027465587792843804,0.8408905435391081,-1.6802349653245006,0.6428082359270308,-0.03453947368421051,0.41666666666666674,0.35106382978723394,-0.0017421602787456303,-0.019230769230769273,0.0,0.05555555555555558,-0.10755091902632885,0.0,-0.0714285714285714,0.01135878384148925
1998-12-31,-0.08816322734697257,-0.19835941868389795,-0.05399050988128229,-0.09597120868770703,-0.14908873656635657,-0.033077452854279654,65.19101123595506,65.19101123595506,66.14285714285714,66.14285714285714,-0.986377179040032,-1.1630217793779247,-1.2219295321069659,-0.7485449081294937,0.09839091409773593,0.014196479273140161,3.7027863777089784,3.5196850393700787,-0.1492146596858639,0.019607843137254832,0.0,0.05263157894736836,-0.06679654884497643,0.0,-0.08791208791208793,-0.11332545178179354
1999-03-31,0.011585208289806026,0.04029297622417061,0.007845107929637773,0.001699134626783172,0.01899855187159627,0.10046084178654557,-1.1687463091227726,-1.1687463091227726,-1.1680851063829787,-1.1680851063829787,49.706188001889466,-3.038545242766062,-1.1090053652496905,-3.909682299546142,-0.26064154165142095,-0.09518477043673013,-0.14549045424621465,-0.18815331010452951,0.019487179487179374,0.0641025641025641,0.0,0.050000000000000044,0.007456009543692188,0.0,-0.04819277108433728,0.03857142857142848
1999-06-30,0.029026590266316488,0.14135129337905883,0.029658134678211656,0.1304469816929188,0.02778849234472558,-0.0728305083924018,0.09742136582601302,0.09742136582601302,0.08860759493670889,0.08860759493670889,0.12099305976058505,-0.2370781363947343,0.33939118582462524,-2.441584776165965,0.5081931155834158,0.16831683168316824,-0.23959938366718025,-0.27467811158798294,0.02515090543259557,0.14457831325301207,0.0,0.04761904761904767,-0.001184132622853773,0.0,-0.03797468354430378,0.009628610729023324
1999-09-30,-0.032515145429268366,-0.08316321907220059,-0.07819151117716527,-0.08242412029676083,0.0571930135073877,0.29044590816719373,1.0461294154100393,1.0461294154100393,1.058139534883721,1.0348837209302326,0.799597782819343,-1.2984420114902884,-35.37030755314338,-3.0448315660390968,-0.689016090612999,0.08633474576271194,-0.5896656534954408,-0.5857988165680472,0.055937193326790924,0.05789473684210522,0.0,0.04545454545454519,0.09276822762299952,0.0,0.09210526315789469,-0.0008174386920980492
1999-12-31,-0.026609517312334408,-0.11017877539971044,-0.06436790186070185,-0.15430770911848957,0.03805115649289359,0.16863358489017788,-0.17282392655456358,-0.17282392655456358,-0.1694915254237288,-0.1657142857142857,0.5043846484200027,-8.257949479940564,-0.7017379947429195,-1.2705176823353028,0.5993590996131151,-0.05314480741101901,-4.782716049382715,-4.928571428571429,0.03810408921933095,-0.10447761194029836,0.0,0.04347826086956519,0.06644968809330076,64.22222222222223,0.1325301204819278,0.052177074811380786
2000-03-31,0.0396350174540665,0.21363340391886498,0.02014705129736094,0.24584349368211034,0.06971514637652909,0.24395252695736147,0.7086845417445364,0.7086845417445364,0.6938775510204083,0.6917808219178083,0.3414125042974314,-0.3084842611927736,2.3199872053649226,-1.9780269935450219,-0.36470703220446665,-0.025231719876416148,0.2878590078328982,0.3472727272727272,0.07072515666965096,-0.061111111111111116,-0.9829001067829088,0.04166666666666674,0.028738555442523017,0.16013628620102205,0.15957446808510656,-0.02583153347732181
2000-06-30,0.10530246452576542,0.2948602344454463,0.14381270903010024,0.31062531774275537,0.048615384615384505,-0.054355400696864065,-0.0982142857142857,-0.0982142857142857,-0.09638554216867479,-0.09311740890688258,0.0778032036613272,0.5986842105263157,-0.7541528239202657,-11.133333333333333,5.846153846153846,0.15530903328050716,0.14951849974657883,0.18623481781376539,0.05434782608695632,0.08284023668639051,-0.14200171086398639,0.040000000000000036,-0.051174289245982774,0.06461086637298097,0.11009174311926584,-0.012061014544164417
2000-09-30,0.021283783783783816,0.06511142061281339,0.009868421052631637,0.04732350659425921,0.039612676056338,0.0637435519528371,0.2722772277227723,0.2722772277227723,0.2844444444444445,0.2767857142857142,0.11040339702760082,-0.10699588477366251,2.054054054054054,-0.4736842105263158,0.4550561797752808,0.007315957933241801,0.08465608465608465,0.09897610921501698,0.05709754163362413,-0.04371584699453557,-0.16849451645064806,0.03846153846153855,0.0179781136008339,0.04137931034482767,0.05785123966942152,0.017055655296229766
2000-12-31,0.13287021722350856,0.34521085322000644,0.15653275425262403,0.3103703703703704,0.09596387242449911,0.31832351922410806,0.32295719844357973,0.32295719844357973,0.33217993079584773,0.3321678321678323,-0.21223709369024857,0.5529953917050692,-0.9070796460176991,-0.32499999999999996,0.20463320463320467,0.01679527916477519,0.18089430894308944,0.16873706004140776,0.09302325581395343,-0.040000000000000036,-0.10791366906474809,0.03703703703703698,-0.03276170975172765,0.10331125827814569,0.0546875,0.02656663724624897
2001-03-31,-0.002725326065797118,-0.022843256379100896,-0.06743858551087467,-0.055963821368004485,0.10378573268091684,0.11114030478192327,-0.008823529411764675,-0.008823529411764675,-0.0051948051948051965,-0.005249343832021025,0.8276699029126213,-0.014836795252225476,0.4761904761904763,6.185185185185185,1.2435897435897436,0.08392857142857157,0.034423407917383964,0.04605845881310899,0.10020590253946482,-0.005952380952380931,-0.13978494623655913,0.0714285714285714,0.10690658904472072,0.0,0.051851851851851816,0.03507866907402635
2001-06-30,0.06031622096427869,-0.0736135289728923,0.04748322147650996,0.020658682634730585,0.07816145590293977,-0.15701111373847243,0.05934718100890213,0.05934718100890213,0.052219321148825104,0.05013192612137196,-0.6440903054448871,2.5843373493975905,-9.96774193548387,-2.654639175257732,-0.9171428571428571,0.12438220757825369,0.052246256239600664,0.08128704487722271,0.07361197754210846,0.017964071856287456,0.0078125,0.06666666666666665,0.01673440114750191,0.06962785114045622,0.007042253521126751,-0.09236647562089872
2001-09-30,0.40749263622974974,0.054228187919463045,0.6772385071279834,0.10618949838662362,0.043064271802640164,-0.17699859747545577,-0.5322128851540616,-0.5322128851540616,-0.5285359801488834,-0.5326633165829145,1.466417910447761,1.696638655462185,8.194244604316546,-1.0109034267912773,0.1206896551724137,-0.13626373626373633,-0.13725490196078427,-0.19420516836335167,0.05229517722254484,-0.1941176470588234,-0.24031007751937983,0.0625,-0.25887608746767,-0.07295173961840618,-0.12587412587412583,-0.04694792715292384
2001-12-31,0.005101039827349441,0.004838298955946119,-0.0008595167605768284,-0.014054627419782584,0.018049792531120268,-0.01670074982958414,-0.6826347305389222,-0.6826347305389222,-0.6894736842105262,-0.6827956989247312,-0.5794251134644478,-0.8522904331567467,-0.9346635367762128,-5.0,-0.4307692307692308,-0.13273960983884647,-0.28079178885630485,-0.31389698736637517,0.01711761457758154,-0.17518248175182494,-0.06938775510204098,0.05882352941176472,0.013007614213197849,-0.1876513317191283,-0.15999999999999992,0.019108891876320255
2002-03-31,-0.07853471273342438,-0.3322351748606184,-0.10533358822404892,-0.34104357181280254,-0.021398002853067033,0.059618717504332785,1.6603773584905661,1.6603773584905661,1.7118644067796613,1.6779661016949157,0.47841726618705027,-0.580168776371308,-2.125748502994012,-1.8571428571428572,0.6486486486486487,0.12273838630806844,-0.23547400611620806,-0.26912181303116145,-0.023344191096634215,0.10619469026548689,0.47807017543859676,0.05555555555555558,0.06201064829314129,-0.14008941877794345,-0.1523809523809524,0.013379817205314337
2002-06-30,-0.02118344866544275,-0.09943074003795072,-0.04775641025641031,-0.09469387755102043,0.030612244897959107,-0.08603205757278376,0.05673758865248235,0.05673758865248235,0.04999999999999982,0.05063291139240489,0.4184914841849148,1.1055276381909547,0.010638297872340496,-2.083333333333333,-0.42622950819672134,0.15635888501742157,-0.30199999999999994,-0.32558139534883723,0.027793218454696955,0.18399999999999994,0.4747774480712166,0.05263157894736836,0.052786788557947606,-0.24263431542461,-0.10112359550561789,-0.005206880520687851
2002-09-30,-0.016952820660799284,0.04256215760640547,0.0034780657466622067,0.07303877366997291,-0.05374823196605372,0.03614889047959924,-1.912751677852349,-1.912751677852349,-1.9166666666666667,-1.927710843373494,-0.2572898799313894,-0.5751789976133652,0.27368421052631575,-1.5,0.37142857142857144,-0.09378531073446339,-0.5912129894937919,-0.5833333333333333,-0.0535424553812871,-0.1216216216216216,0.2766599597585513,0.050000000000000044,-0.0372549019607844,-0.5926773455377574,0.02499999999999991,-0.028413870455182733
2002-12-31,-0.026785059073897388,0.11398544866612781,0.007714669051878342,0.07268907563025206,-0.09267563527653211,0.15613126079447315,1.7352941176470589,1.7352941176470589,1.7402597402597402,1.7402597402597402,0.2424942263279446,0.6853932584269662,-0.6322314049586777,10.461538461538462,3.104166666666667,-0.16251039068994177,-2.091121495327103,-2.096551724137931,-0.09999999999999998,-0.11538461538461553,1.0803782505910164,0.04761904761904767,-0.0677916787896421,0.0,0.07317073170731714,0.03848003848003834
2003-03-31,0.05285778917207051,0.07692307692307687,0.06257627870853222,0.0912651782217,0.03224288067780656,0.3167015237526143,-1.4731182795698925,-1.4731182795698925,-1.4691943127962086,-1.4691943127962086,-0.09293680297397766,0.043333333333333224,0.9775280898876404,-1.0067114093959733,-0.005076142131979711,-0.18660049627791553,-0.1413276231263384,-0.1572327044025158,0.0323809523809524,-0.09565217391304337,0.0,0.04545454545454519,-0.01966292134831471,0.0,0.11363636363636354,-0.013154238073182056
2003-06-30,-0.025997278521807665,-0.007075471698113178,-0.05742925759632456,-0.08722182340272788,0.04263565891472876,-0.27093260721579304,0.4318181818181819,0.4318181818181819,0.43939393939393945,0.4292929292929293,0.17008196721311486,-1.4568690095846646,0.32386363636363646,-482.0,2.454081632653061,-0.033557046979865834,-0.5536159600997506,-0.5597014925373134,0.0424354243542433,-0.0673076923076924,0.0,0.04347826086956519,0.07035975803884109,0.0,0.04081632653061229,0.0878625739228387
2003-09-30,-0.028602941176470553,-0.1387852052935188,-0.058712750636978006,-0.14471097129374755,0.030833151104307843,0.025832555244319932,-0.4206349206349206,-0.4206349206349206,-0.42105263157894746,-0.4204946996466432,-0.8248686514886164,-2.8111888111888113,-0.23175965665236054,-1.7027027027027026,-0.4992614475627769,0.009469696969697017,-3.5195530726256985,-3.542372881355932,0.031268436578171244,-0.030927835051546393,0.0,0.04166666666666674,0.061273051754907826,-0.2022471910112359,0.03921568627450989,0.0069030977651221015
2003-12-31,0.058436151691771965,0.25531914893617014,0.017182535012357336,0.22712643678160926,0.13279592702588028,0.0813106796116505,-0.5273972602739726,-0.5273972602739726,-0.5333333333333332,-0.5609756097560976,3.2199999999999998,0.3436293436293436,-1.5865921787709496,-1.529585798816568,0.528023598820059,0.05628517823639778,2.0,2.1333333333333333,0.13329519450800897,0.03191489361702127,-0.1393939393939394,0.040000000000000036,0.07034753363228696,2.1267605633802815,0.0,0.022966835204387692
2004-03-31,0.009511549738968839,0.003138731952291307,-0.0018512090709243978,0.02435369052079439,0.02790262172284641,0.28002244668911325,3.0724637681159424,2.898550724637681,2.935064935064935,2.8472222222222223,-0.06635071090047395,0.008620689655172376,-1.657142857142857,-1.1452513966480447,-0.050193050193050204,0.19123741859088228,0.08203991130820398,0.15957446808510634,0.026249369005552747,0.05154639175257736,-0.6294014084507042,0.03846153846153855,0.01806755695208162,0.13288288288288275,0.009433962264151052,-0.0206919661556505
2004-06-30,0.03046188722017562,0.031289111389236623,0.040802132838761995,0.15947329919531827,0.01421023865913651,-0.13722051731696627,0.02491103202846978,0.026022304832713727,0.0264026402640265,0.025270758122743597,0.11167512690355319,-0.16809116809116809,-0.46376811594202894,-5.1923076923076925,0.22154471544715437,0.17246520874751492,-0.01639344262295095,0.029357798165137616,0.0014756517461880225,0.13725490196078427,0.05581947743467941,0.03703703703703698,-0.01568930041152261,-0.015904572564612196,0.028037383177570208,-0.1106073567151411
2004-09-30,0.08174068472432294,0.23725728155339798,0.16649961020158144,0.4410094637223976,-0.054966768456978676,-0.0015243902439023849,-0.3819444444444444,-0.39855072463768115,-0.405144694533762,-0.38732394366197176,0.865296803652968,0.4417808219178083,0.6216216216216217,2.0825688073394497,0.5590682196339434,0.16956337431114887,0.000694444444444553,-0.0035650623885917776,-0.06041257367387032,0.1724137931034484,0.16872890888638925,0.03571428571428581,-0.1262085184217403,-0.014141414141414121,0.0,-0.14138693853996342
2004-12-31,0.03666984429615505,0.06302108876900436,0.023009356501814127,0.028239929947460496,0.0638661851359057,0.19541984732824424,0.2921348314606742,0.31325301204819267,0.362162162162162,-0.2298850574712643,-0.6891064871481027,-0.27078384798099764,-0.8833333333333333,-1.1785714285714286,-0.06403415154749204,0.02718376223269292,0.17696044413601664,0.1520572450805009,0.06325143753267115,0.08823529411764697,0.01443695861405181,0.034482758620689724,0.026016746411483327,0.11065573770491799,0.027272727272727115,0.03382995407191669
2005-03-31,0.03702795487984312,0.017762399077277946,0.10965935604293042,0.23695976154992549,-0.10201893871716994,0.07918263090676891,-0.047826086956521685,-0.050458715596330306,-0.09126984126984128,0.5820895522388059,0.81496062992126,0.44625407166123776,7.571428571428571,-0.2833333333333333,-0.04903078677309003,0.06916019760056469,-0.04658018867924518,-0.10559006211180122,-0.10766961651917406,0.006756756756756799,-0.007590132827324347,0.03333333333333344,-0.1340716992130575,-0.09225092250922506,-0.017699115044247593,-0.17715895546646454
2005-06-30,0.03209978718373141,0.017679057116953834,0.025399495374264003,0.05043029259896725,0.04795065658575415,0.002366863905325367,0.365296803652968,0.38647342995169076,0.38427947598253276,0.3632075471698113,0.3145336225596529,0.08108108108108114,-0.2666666666666667,-2.9069767441860463,0.09832134292565953,0.09141914191419143,0.026592455163883644,-0.03124999999999989,0.04132231404958686,0.2214765100671141,0.17973231357552577,0.032258064516129004,0.015483002356109221,-0.04878048780487798,0.018018018018017834,-0.03120884909138788
2005-09-30,0.07995876052465767,0.21670378619153685,0.09342191601049876,0.17483204981156808,0.04879438010252524,0.1719795356158993,-0.09030100334448166,-0.09407665505226481,-0.10094637223974756,-0.10034602076124566,-0.20132013201320131,0.2729166666666667,-0.31818181818181823,-2.9146341463414633,-0.1713973799126638,0.2555185969156335,0.09397590361445785,0.051971326164874654,0.04708994708994707,0.20879120879120894,0.24797406807131295,0.031249999999999778,-0.028836592641697134,-0.00213675213675224,0.06194690265486735,0.03561234198722296
2005-12-31,0.013789445770352682,-0.03166758191469887,-0.03765658990323306,-0.100836820083682,0.1379435191889935,0.1999664204163869,0.661764705882353,0.6923076923076923,0.6912280701754387,0.6615384615384616,-0.4028925619834711,0.17839607201309327,-0.5666666666666667,1.8280254777070062,-0.5849802371541502,-0.0004816955684008306,0.18997797356828183,0.17035775127768304,0.13744315310763033,-0.045454545454545525,-0.09675324675324681,0.030303030303030276,0.12252559726962464,0.09850107066381164,0.07500000000000018,0.07691298070612929
2006-03-31,0.04028250065393668,-0.13440453686200382,0.023150674253644032,-0.04327594229874365,0.07524657970092274,0.04393451797957182,0.5376106194690264,0.5522727272727272,0.5456431535269708,0.5324074074074074,3.1453287197231834,0.30138888888888893,4.538461538461538,-1.4256756756756757,0.6000000000000001,0.14240963855421684,0.29662193428968076,0.3275109170305679,0.07107952021323838,0.004761904761904745,-0.14306254493170378,0.02941176470588247,0.03344481605351146,0.26900584795321647,0.054263565891472965,-0.0951858622790982
2006-06-30,0.06834297208951479,0.09041275387639214,0.0731372847783025,0.10424773022049294,0.05903240124278741,-0.07251038734754056,-0.18705035971223016,-0.19033674963396774,-0.7302013422818792,-0.729607250755287,-0.42737896494156924,-0.2828175026680897,-0.5555555555555556,-1.0952380952380953,-0.0357142857142857,0.019616114743725044,0.07423269093504636,0.09978070175438591,0.05848195769390285,-0.05213270142180093,-0.2592281879194631,0.028571428571428692,-0.008826125330979706,0.08141321044546856,0.022058823529411686,-0.012526939655172376
2006-09-30,0.018028619845603444,0.05247346284798726,-0.01341757773675989,-0.06225223902510646,0.07991058955015373,0.030346820809248554,-0.47433628318584076,-0.484629294755877,-0.48756218905472626,-0.4748603351955307,0.20699708454810506,0.11458333333333326,-0.40625,-4.333333333333334,0.1234567901234569,-0.019859329747621057,-0.06710963455149499,-0.02093718843469594,0.07719435736677105,-0.06999999999999995,-0.14835787089467734,0.0277777777777779,0.06084891659246083,-0.02840909090909094,0.007194244604316502,0.12235711362706314
2006-12-31,0.03592731308087105,0.11284490960989535,0.028495358710513008,0.055111946140598,0.04928848641655881,0.01107994389901834,0.2087542087542087,0.2315789473684211,0.1941747572815533,0.21276595744680837,-0.0591787439613527,0.2429906542056075,-0.42105263157894735,-3.716666666666667,-0.2985347985347986,-0.046855213170114096,-0.10398860398860399,-0.0835030549898167,-0.0632957439068752,-0.11827956989247324,-0.058510638297872286,0.027027027027026973,0.012870733072188223,-0.04678362573099426,-0.03571428571428559,0.054691298006806166
2007-03-31,0.01441706838064638,-0.10619015047879621,-0.012523612957391683,-0.082208042736311,0.061891258784366965,0.022888056595921746,0.03064066852367686,0.054131054131054235,-0.0325203252032521,0.026315789473684292,-0.17971758664955073,0.20945220193340486,-33.09090909090909,-0.17791411042944782,-0.3498694516971279,0.15101860053144378,-0.21581875993640698,-0.19666666666666666,0.05436893203883497,0.23170731707317072,0.2076271186440679,0.026315789473684292,0.04696132596685065,-0.16564417177914104,-0.03703703703703709,-0.026158100944918217
2007-06-30,0.022440269283231506,-0.04094126650086094,0.002550658920221105,0.005335489086499612,0.05503308951584818,0.02332519663683219,0.5054054054054054,0.5054054054054054,0.4957983193277311,0.49572649572649574,0.8763693270735524,-0.26998223801065724,-1.4079320113314449,-2.7388059701492535,0.9357429718875503,0.1161985378991921,-0.05524581855043076,-0.026279391424619658,0.052670349907918856,0.05940594059405946,0.3461988304093566,0.025641025641025772,0.03192612137203166,-0.018382352941176405,0.0,-0.04603005561472007
2007-09-30,0.030081335800662634,0.0510672252144424,0.01957597173144876,0.02959150852364112,0.04643996918675031,-0.005565862708719838,-0.2908438061041293,-0.2908438061041293,-0.2921348314606742,-0.29714285714285715,-0.28023352793994993,-0.1021897810218978,-0.7083333333333333,-0.6437768240343348,0.17219917012448138,0.05997931747673202,0.016630901287553623,0.03409090909090917,0.04163750874737593,0.004672897196261516,0.06863596872284972,0.02499999999999991,0.015852723088723986,0.05805243445692887,-0.015384615384615441,0.020838501612503002
2007-12-31,0.09170287433155089,0.3144809261719492,0.13377694600402035,0.2533583255232741,0.027868335261331367,0.2659914712153517,0.2911392405063291,0.2911392405063291,0.2936507936507935,0.29268292682926833,-0.06604866743916571,0.0677506775067751,-1.5714285714285714,-0.49397590361445787,0.07433628318584073,0.377560975609756,0.045382585751978954,0.04807692307692313,0.024185421565334098,0.32558139534883734,0.3024390243902437,0.024390243902439046,-0.058645859551975765,0.015929203539823078,0.0390625,0.048845686512758224
2008-03-31,0.03375301366193417,0.05313312157089234,-0.0060524546065904294,-0.009720837487537382,0.10036832412523022,0.128421052631579,0.4882352941176471,0.4882352941176471,0.46625766871165664,0.47169811320754707,0.45905707196029777,0.05964467005076135,-2.916666666666667,6.023809523809524,0.4859967051070839,0.052407932011331315,0.14639071176173646,0.1612057667103537,0.09216136438176448,0.024561403508771784,-0.030586766541822685,0.023809523809523725,0.0644385026737968,0.09756097560975618,0.0601503759398494,0.06336886005560705
2008-06-30,0.13793358753192897,0.328763367151083,0.2078361422069135,0.4141706519003272,0.0322640632264064,0.09468283582089554,0.18577075098814233,0.18577075098814233,0.17573221757322166,0.17948717948717952,0.4379251700680271,0.3544910179640719,-1.3695652173913042,0.9559322033898305,0.6396895787139689,0.26289816061013904,0.09775429326287988,0.07336343115124166,0.02462462462462467,0.15753424657534243,0.04958145524790747,0.023255813953488413,-0.09269027882441594,0.031746031746031855,0.03546099290780136,-0.06035515851399931
2008-09-30,-0.03776960864048928,-0.15744944283945517,-0.11661659112899114,-0.22043249977752066,0.10169338857863441,-0.029569663400085267,-0.13888888888888884,-0.13888888888888884,-0.14590747330960863,-0.1413043478260868,-0.28740390301596686,0.11936339522546424,-3.235294117647059,-1.1715771230502598,-0.06693711967545635,-0.11119005328596798,0.07701564380264747,0.09148264984227139,0.09935521688159432,-0.13313609467455612,-0.22453987730061353,0.022727272727272707,0.14479512735326683,0.0446153846153845,0.047945205479452024,0.08081159420289863
2008-12-31,-0.033437013996889586,-0.10213078618662752,-0.061393900962702475,-0.11757990867579904,0.006213719238001847,-0.363277133825079,-1.095483870967742,-1.095483870967742,-1.1041666666666667,-1.1054852320675106,-0.5892116182572614,-0.042654028436018954,-7.447368421052632,3.7676767676767673,-0.34202898550724636,-0.41276978417266186,-0.24208566108007457,-0.21579961464354536,0.006131698213809766,-0.4641638225255973,-0.48655063291139244,0.022222222222222143,0.04111245465538094,-0.15463917525773196,-0.07189542483660138,0.017485518129156885
2009-03-31,-0.005456644163839286,-0.02659574468085102,0.001228350325512828,-0.0369987063389392,-0.023320061753473675,-0.05226865259964142,-0.20270270270270274,-0.20270270270270274,-0.28,-0.28,0.26262626262626254,-0.43069306930693074,0.28163265306122454,-1.527542372881356,0.2742290748898679,-0.012080993704270848,-0.36412776412776415,-0.35380835380835385,-0.026232114467408585,-0.019108280254777066,0.2388289676425268,0.021739130434782705,-0.018118466898954688,-0.2787456445993032,-0.10563380281690138,0.01085925144965727
2009-06-30,0.016987303485386684,0.05198262575311752,0.014476751318856618,0.022702847931219683,0.019883527454242822,-0.017025611175785826,-2.694915254237288,-2.694915254237288,-2.7222222222222223,-2.7222222222222223,-0.014399999999999968,-0.033333333333333326,-1.1369426751592357,-1.3775100401606426,-0.08124459809853068,0.028763348260420152,-0.5301391035548686,-0.5114068441064639,0.019863945578231235,0.058441558441558294,0.5808457711442789,0.02127659574468077,0.003075467234445073,-0.4444444444444444,-0.11811023622047234,0.02857738840216939
2009-09-30,-0.01656522340572697,-0.07751731486414493,-0.06699721852702867,-0.1504006305004597,0.050167224080267525,0.09311621021465588,2.41,2.41,2.3870967741935485,2.3870967741935485,-0.13311688311688308,-0.0854572713643178,-0.3023255813953488,0.12765957446808507,-0.09971777986829722,-0.12807634354595676,-0.5904605263157895,-0.5797665369649805,0.050160085378868846,-0.14723926380368102,0.8214004720692365,0.02083333333333348,0.0676886792452831,-0.5260869565217392,-0.11607142857142871,0.08578381667004664
2009-12-31,0.03615008615536097,0.15319087496390416,0.03285806869734276,0.05905998763141618,0.03961472735746474,0.15899241603466963,0.04985337243401755,0.04985337243401755,0.04761904761904767,0.028571428571428692,1.3801498127340825,0.5688524590163935,-4.033333333333333,-4.820754716981132,0.4231974921630095,0.09062980030721968,1.3534136546184738,1.3796296296296298,0.039126016260162544,0.03597122302158273,1.6384449244060475,0.020408163265306145,0.003313452617627499,1.2935779816513762,0.04040404040404044,0.08890549122151659
2010-03-31,0.016426268454098114,0.09928634030299244,-0.0009412059986195764,0.04598540145985397,0.03519127316198456,0.07735452208459925,0.5027932960893855,0.5027932960893855,0.5090909090909088,0.5277777777777777,-0.3509047993705744,-0.3500522466039707,-3.142857142857143,-0.980246913580247,0.005873715124816492,0.07728873239436629,0.742320819112628,0.782101167315175,0.03178484107579482,0.04166666666666674,-0.5566470203012444,0.020000000000000018,0.018494055482166427,0.6759999999999999,0.058252427184465994,0.050943396226415194
2010-06-30,-0.014992153327323066,-0.055125284738041014,-0.059791483481974605,-0.11653872993719472,0.036809815950920255,-0.15943600867678964,-0.3029739776951673,-0.3029739776951673,-0.30722891566265065,-0.3030303030303031,0.1890909090909092,0.47909967845659174,-0.6512820512820513,-1.875,-0.005109489051094873,-0.060957672822356535,0.15964740450538706,0.19868995633187758,0.03649289099526065,-0.09333333333333327,-0.48116691285081237,0.019607843137255054,0.05252918287937747,0.16945107398568027,0.02752293577981657,0.0695283172841521
2010-09-30,0.1350847457627118,0.06545323047251683,0.1794923179692718,0.03744075829383897,0.09502262443438925,0.155225806451613,2.0773333333333333,2.0773333333333333,2.078260869565218,2.0608695652173914,0.27013251783893977,0.5771739130434783,-18.573529411764707,-142.42857142857142,0.7263389581804842,-0.0558649495301079,0.42905405405405395,0.4426229508196724,0.09465020576131677,-0.08823529411764708,-0.2170818505338079,0.019230769230769162,-0.03512014787430684,0.4346938775510203,0.008928571428571175,0.02701052952846017
2010-12-31,0.0570703299985067,-0.006674963231134701,0.05267032904796953,0.15928125475864174,0.06096630642085188,-0.029375628281023136,-0.949740034662045,-0.949740034662045,-0.9519774011299436,-0.9545454545454546,0.1861958266452648,0.5616815988973123,-0.9640167364016736,-1.7525252525252526,-0.31661708457288573,0.25548387096774183,-0.1713947990543735,-0.16414141414141425,0.032163742690058506,0.14516129032258052,-0.1636363636363637,0.018867924528301883,0.0036185610898253895,-0.12660028449502125,-0.044247787610619316,-0.1431649331352154
2011-03-31,0.03506045880890496,0.07471526195899769,-0.0036046699305966046,-0.034414816760803935,0.07549883156570192,0.21001150747986186,15.017241379310345,15.017241379310345,15.294117647058822,16.125,-0.2320703653585927,-0.676081200353045,-1.9534883720930232,-1.483221476510067,0.22388059701492535,0.19953017178094257,0.10912981455064208,0.12537764350453173,0.06900040469445567,0.1619718309859155,0.3706521739130435,0.01851851851851838,0.039024390243902474,0.1416938110749184,-0.01851851851851849,0.11298014393479594
2011-06-30,0.009662363184758549,-0.058287409919457356,-0.02338012958963287,-0.0754999319820433,0.04607499025015316,-0.06742748454588687,-0.3466092572658773,-0.3466092572658773,-0.35018050541516244,-0.35036496350364965,0.4881057268722466,0.9359673024523161,0.024390243902439046,-0.37222222222222223,0.11483739837398366,-0.05238678090575277,0.022508038585209,0.03489932885906044,0.045618020064357445,-0.10909090909090902,-0.18873909595559069,0.018181818181818077,0.03612982241273732,0.032810271041369576,0.009433962264151052,0.018619507634777266
2011-09-30,0.009407693763347824,-0.15833896016205262,0.018687455078232995,-0.027957622130665105,0.003035790370685909,-0.1101366510299816,-0.5090609555189456,-0.5090609555189456,-0.5055555555555555,-0.5056179775280899,-0.3949082297217288,0.6326530612244898,0.6428571428571428,-7.048672566371682,-0.6230628988149498,-0.1763110307414104,-0.3408805031446541,-0.3294422827496757,0.003077480086893347,-0.217687074829932,-0.23949169110459434,0.017857142857143016,-0.0063041765169427055,-0.30801104972375704,-0.03738317757009346,-0.13407265774378585
2011-12-31,0.048126623637483545,0.11498863484423061,0.11500678426051558,0.22615803814713886,-0.016832156321350822,0.011230804492321722,-1.4395973154362416,-1.4395973154362416,-1.449438202247191,-1.4545454545454546,0.11350293542074374,-0.09870689655172415,-7.913043478260869,-0.6517922457937089,-0.5755743651753324,-0.11290575505723699,-0.12213740458015276,-0.12185686653771755,-0.017144919689586646,-0.11304347826086947,0.30719794344473006,0.01754385964912264,-0.0620539254559872,-0.10179640718562877,-0.01941747572815533,-0.09070835541423772
2012-03-31,0.038608953393295176,-0.01522964384218728,0.04604750778816191,0.011234567901234671,0.02954201771440923,0.10460108794197653,-5.1603053435114505,-5.1603053435114505,-5.025,-5.0,-0.13181019332161692,-0.15255858440937353,0.7379454926624738,-1.0945378151260505,0.1282051282051282,0.0779565140533851,-0.2369565217391304,-0.24669603524229078,0.024605214836577183,0.0980392156862746,0.19960668633235001,0.017241379310344973,-0.008666243923060812,-0.21111111111111114,-0.04950495049504955,-0.026129188926663605
2012-06-30,-0.0008118680345412521,-0.0349488553336581,-0.03885528152629125,-0.13514833353680866,0.04322509573519384,-0.04493690366266545,0.007339449541284404,0.007339449541284404,0.006211180124223503,0.006250000000000089,0.25506072874493935,0.12471783295711059,-0.07599517490952956,-0.7111111111111111,0.03282828282828287,-0.18104296490652672,-0.05840455840455827,-0.06432748538011701,0.04354838709677411,-0.2053571428571429,0.060655737704917945,0.016949152542372836,0.04413646055437104,-0.030985915492957705,-0.03124999999999989,0.11579892280071813
2012-09-30,0.03934603831191219,0.029274447949526827,0.04381505688695242,0.10784867306606438,0.032936088902298044,0.033301106456117724,0.014571948998178597,0.014571948998178597,0.01851851851851838,0.01863354037267073,0.5016129032258065,-0.18866031108881087,-1.164490861618799,8.153846153846153,0.2909535452322738,-0.006007208650380402,0.17851739788199672,0.16874999999999996,0.03280096170358937,-0.0449438202247191,0.03941267387944358,0.016666666666666607,-0.006330406371247821,0.17732558139534893,-0.010752688172043001,-0.07088584964691158
2012-12-31,0.029114943617928546,0.028196640921907656,0.031447124304267104,0.06804281345565744,0.026677051893681192,0.008212911945108647,-0.3285457809694794,-0.3285457809694794,-0.33333333333333326,-0.3292682926829268,-0.1568206229860365,0.03215831787260348,-2.6904761904761907,-0.04201680672268904,0.21590909090909083,0.04915390813859788,0.2901155327342748,0.29679144385026723,0.02677086797472561,0.0235294117647058,-0.13011152416356875,0.016393442622950838,-0.00226058364159476,0.3037037037037036,0.0,-0.037329228401000725
2013-03-31,-0.024446951037038755,0.3613926314534399,-0.1072038852414785,0.06251491290861377,0.06296823138928409,-0.5754794803052176,2.411764705882353,2.411764705882353,2.4181818181818175,2.381818181818182,-0.478343949044586,-0.8436189334931097,-4.549295774647888,-2.736842105263158,-0.30841121495327106,0.2066052227342552,0.30646766169154227,0.34845360824742255,0.057489878542509976,0.1724137931034484,-0.09743589743589731,0.016129032258064502,0.0895983522142123,0.5946969696969697,-0.15217391304347827,0.2813312012792326
2013-06-30,-0.022440359612072025,-0.12489052373445442,-0.12083207414123098,-0.2439928138333708,0.06597377107681335,-0.002914743745445758,0.12147335423197503,0.12147335423197503,0.11968085106382986,0.11827956989247301,0.5225885225885225,-4.586206896551724,1.5158730158730158,-2.419191919191919,0.632882882882883,0.0805219605346914,0.26047220106626057,0.3134556574923548,0.06569678407350699,0.019607843137254832,-0.20359848484848486,0.01587301587301604,0.09035916824196599,0.5688836104513064,-0.16666666666666663,0.15747601591139526
2013-09-30,0.011296707540793705,-0.07355884707766214,0.03431681466628467,0.028219218773206656,-0.005356320877097587,-0.34275274056029237,-0.7064989517819706,-0.7064989517819706,-0.7054631828978623,-0.7043269230769231,0.005613472333600544,-2.588675213675214,-0.9100946372239748,-2.437722419928826,-0.5572413793103448,0.07982326951399088,-0.07190332326283999,-0.0360884749708964,0.011783302198591583,0.009615384615384581,-0.17954815695600468,0.0390625,-0.0164701803051317,0.2853898561695687,-0.24615384615384617,-0.098989218328841
2013-12-31,0.020479282031697466,-0.07108134384789888,-0.004652708541043493,-0.05272280803120033,0.0400100971854096,4.004077094143811,3.583333333333333,3.583333333333333,3.733870967741936,3.691056910569105,0.23604465709728872,-1.9347679892400809,7.461988304093568,-4.695544554455445,4.651090342679128,0.10460992907801425,0.3880208333333335,0.4492753623188406,0.07925010651896036,0.09523809523809512,0.14927536231884053,0.03759398496240607,0.019213819848404867,0.21849234393404005,0.18367346938775508,-0.019370278961932552
2014-03-31,-0.031108200402301556,-0.18036981044307476,-0.043850862548692304,-0.08798414150655687,-0.023300970873786353,-0.5921783571587289,-0.7994805194805195,-0.7994805194805195,-0.7938671209540034,-0.7920277296360485,-0.25290322580645164,-1.1884892086330936,-0.01727712508638568,-1.3523107836570663,-0.28996692392502754,-0.031238424496851436,-0.19090056285178247,-0.17166666666666663,0.011185682326622093,-0.10434782608695647,-0.3354350567465322,0.03623188405797095,0.008128675198892932,-0.2203963267278879,0.06896551724137945,-0.10128126906650403
2014-06-30,-0.008521629972962574,0.2438989784335981,-0.027063205680363134,-0.12104999164019392,0.004680251822398951,-0.3461678169269887,1.411917098445596,1.411917098445596,1.487603305785124,1.4666666666666668,-0.2132987910189983,-1.885496183206107,-0.8410689170182841,-2.743346007604563,0.7119565217391304,0.15740504715778747,-0.12347826086956515,-0.11871227364185111,0.025897969807392007,0.14563106796116498,0.39468690702087295,0.034965034965035,0.013209813003945747,-0.10291382517048975,-0.016129032258064502,0.41522403258655816
2014-09-30,-0.0023374156947724156,0.01117828219459338,-0.006400669976670437,-0.04603385961575046,-0.00032980170672380904,-0.22166666666666668,0.08270676691729317,0.08270676691729317,0.11295681063122931,0.1182432432432432,0.46871569703622384,5.762931034482759,3.389380530973451,1.088331515812432,0.8684807256235827,0.09051866534522635,0.15476190476190488,0.1678082191780823,0.02892299885830263,0.06779661016949157,0.20680272108843534,0.03378378378378377,0.002031832035218395,0.15618521078092606,0.0,0.059962823049709124
2014-12-31,-0.05849908480780963,-0.24568527918781724,-0.021192052980132492,-0.03270189431704884,-0.08429213575817562,-0.08743754461099218,-1.007936507936508,-1.007936507936508,-1.008955223880597,-1.0090634441087614,-0.21001494768310913,-1.9802421924792861,0.2046370967741935,-1.875195822454308,-0.40679611650485437,-0.20034333030394835,-0.4404352806414662,-0.4408602150537635,-0.042288250523979665,-0.2222222222222222,-0.32581736189402466,0.03267973856209161,-0.02737411287597158,-0.04243873281530186,-0.4098360655737705,-0.22017310629631726
2015-03-31,-0.06420757944942712,-0.35352175863615976,-0.11219092139254516,-0.28530199958771385,-0.024228777302409354,-0.39382088384825964,47.625,47.625,44.66666666666667,44.66666666666667,-0.6575212866603595,-0.2509752925877763,-0.8761506276150628,-0.4403341288782816,-0.38379705400982,-0.10695794923601465,-0.3162743091095189,-0.31118881118881125,-0.02947991761071067,-0.0714285714285714,0.5903010033444815,0.03164556962025311,0.042738012508686474,-0.08426966292134841,-0.2499999999999999,-0.09546608632571651
2015-06-30,-0.01504113459460954,-0.09183437427712238,0.0014548981571289588,0.0074992789154888495,-0.026030368763557465,0.24838709677419346,0.4575835475578407,0.4575835475578407,0.45255474452554734,0.45255474452554734,0.9723756906077348,0.03211805555555558,-0.32432432432432434,-0.3869936034115139,-0.38180610889774236,0.016968325791855143,-0.9700598802395209,-0.9695431472081218,-0.024936994296325676,0.0439560439560438,0.5531019978969505,0.030674846625766916,-0.011162945684771608,-0.9659168370824812,-0.14814814814814814,-0.09856443981073049
2015-09-30,0.025254513752179575,0.4256240448293429,-0.025043237634036708,-0.24878328084740908,0.010804151068568357,-0.12713178294573646,-0.5079365079365079,-0.5079365079365079,-0.5075376884422111,-0.5075376884422111,-0.6050420168067228,-0.1959629941126998,-28.56,-4.620869565217392,2.2363050483351237,-0.2003615127919911,-29.799999999999997,-29.250000000000004,0.014283770915521687,-0.17894736842105252,0.0,0.029761904761904656,-0.014153327716933561,0.0,-0.08695652173913049,0.8976868327402134
2015-12-31,-0.06201996927803377,-0.21314990173307125,-0.021216206627403644,0.0015243902439023849,-0.09118184801462659,-0.17880402605091772,5.526881720430108,5.526881720430108,5.581632653061225,5.581632653061225,1.2092198581560285,-0.04916317991631802,-1.0039912917271407,-1.1426512968299711,-0.09857285097909063,-0.03390714658320282,1.541666666666667,1.5339233038348086,-0.17516094420600858,-0.03846153846153855,0.0,0.028901734104046284,-0.03110579388138779,0.0,-0.1428571428571429,-0.2143459915611815
2016-03-31,0.0179265974557683,0.12284287011807438,-0.04494707843990142,-0.16552511415525117,0.06251934385639113,-0.28406633020908434,-0.7204832509610104,-0.7171883580450302,-0.7333333333333334,-0.7333333333333334,-1.0963081861958266,-0.3256325632563256,-138.63636363636363,-3.8316498316498318,0.30964653902798234,-0.21490280777537807,0.05464480874316946,0.04889406286379505,0.057398373983739814,-0.053333333333333344,0.0,0.028089887640449396,0.043746692538366716,0.0,-0.05555555555555547,0.3455662966941164
2016-06-30,-0.016490461962767156,-0.06349848331648134,-0.008653408228328496,-0.024623803009575895,-0.02325468492086613,0.27794561933534734,-0.2298624754420432,-0.21553398058252426,-0.25,-0.25,-4.283333333333333,-0.14029363784665583,-1.0871862615587846,-1.5493460166468491,-0.1298847343266798,0.29848693259972503,-0.03950777202072553,-0.04661487236403994,-0.023066277102875565,0.22535211267605648,0.0,0.02732240437158473,-0.00676018252492816,0.0,-0.11764705882352955,-0.03986873032063509
2016-09-30,0.006572413390196985,0.056575253724897356,0.03705972434915772,0.22346891070593733,-0.013966896963069741,-0.05752561071710005,-0.13520408163265307,-0.1311881188118812,-0.131782945736434,-0.131782945736434,0.6852791878172588,-0.00189753320683117,-5.757575757575758,-1.9393939393939394,0.14022617124394188,-0.05632062146892647,0.04315576534052612,0.034924330616996624,-0.013851723595151966,-0.034482758620689724,0.0,0.02659574468085113,-0.020418580908626915,0.0,-0.06666666666666654,-0.13639722863741344
2016-12-31,-0.16941872950462866,-0.12609850807275702,-0.0379503839338452,-0.13985479556744362,-0.2673656618610747,0.1588628762541806,13.430678466076696,12.968660968660968,12.964285714285714,12.964285714285714,-0.01807228915662651,-0.19391634980988592,-2.1130573248407645,-2.8364055299539173,-0.22584301501841886,0.04415341440598697,1.1260504201680672,1.087739032620922,-0.26719872306464487,0.059523809523809534,0.0,0.02590673575129543,-0.11794337328469684,0.0,0.0714285714285714,0.015991870353532667
2017-03-31,-0.018203417071381178,-0.024555659494855053,-0.012509593246354589,-0.05553087516659261,-0.02655841475161691,-0.0800865800865801,-0.9337694194603434,-0.9314705282480115,-0.9315856777493606,-0.9315856777493606,0.07055214723926384,-0.3160377358490566,-0.8497854077253219,-0.9422835633626098,-0.0168374816983895,-0.01881383264647918,0.06202493159014888,0.022090517241379448,-0.030712263123502392,0.3370786516853932,0.0,0.025252525252525304,-0.008467900748326262,0.0,0.06666666666666665,0.032796378184881014
2017-06-30,-0.010747330960854118,0.02373531527211692,-0.011424574492888806,-0.0037629350893697566,-0.026010743567995487,-0.03686274509803922,0.3858024691358024,0.36904761904761907,0.36448598130841114,0.36448598130841114,-0.5272206303724929,0.38275862068965516,-1.4,3.217391304347826,-0.07222635889798956,-0.1599707815924032,0.1122244488977957,0.06431207169214548,-0.025842696629213457,-0.134453781512605,0.0,0.024630541871921263,-0.015491559086395212,0.0,0.0625,0.027626280646312118
2017-09-30,-0.04309662565652206,-0.04379391100702579,-0.043081761006289354,0.04532577903682711,-0.047024673439767795,0.35667752442996736,0.3897550111358574,0.38043478260869557,0.3835616438356164,0.3835616438356164,-0.4666666666666667,-1.2244389027431422,-4.428571428571429,-1.175257731958763,0.013643659711075395,-0.07673913043478264,0.17323037323037305,0.12134720158494305,-0.046828143021914626,-0.04854368932038844,0.0,0.024038461538461453,-0.004236433326608835,0.0,0.17647058823529416,-0.08526362779624008
2017-12-31,-0.1311278195488722,0.5079598334557922,-0.11616825501150185,0.09981933152664868,-0.15846786475784347,-0.2581032412965186,3.290064102564102,3.2346456692913383,3.2475247524752477,3.2475247524752477,2.897727272727273,20.766666666666666,-1.1319444444444444,67.26470588235294,0.9188440221694378,0.04779844596185545,-0.30605528740675725,-0.3184628975265018,-0.1512584704743466,0.10204081632653073,0.0,0.023474178403755763,-0.03140194489465142,0.0,0.0,0.37105520008675863
2018-03-31,-0.04499826929733475,-0.18564235829137565,-0.05791039226622052,-0.21806981519507185,-0.04035833861189031,0.12459546925566345,-0.960403436682854,-0.9564894012644105,-0.9557109557109558,-0.9557109557109558,-0.3877551020408163,-1.2154160285860134,-48.8421052631579,-1.4829814735028006,-0.23127707860532287,0.07685393258426965,0.015807777426493752,0.0038885288399224116,-0.018534359851725135,0.2685185185185186,0.0,0.022935779816513735,0.004810709056682683,0.0,0.09999999999999987,0.041487047656713294
2018-06-30,-0.027546212395795577,-0.0638213003589948,-0.0006906758756783926,0.021533613445378075,-0.05968882602545966,0.12661870503597128,0.2264150943396226,0.21367521367521358,0.26315789473684204,0.26315789473684204,1.0238095238095237,0.14691943127962093,-0.16501650165016502,-0.27029438001784123,-0.2195383789586688,0.20951585976627718,-0.0034235916588857274,-0.020658489347966436,-0.0334108076699593,0.22627737226277356,0.0,0.022421524663677195,-0.033097418817651936,0.0,0.13636363636363646,-0.08354218880534658
2018-09-30,0.00013976891539324576,-0.041116318704729427,0.028929699842022094,0.006683804627249268,-0.032290413156839115,0.16730523627075344,-0.676923076923077,-0.6267605633802817,-0.625,-0.625,-0.004705882352941226,-1.0103305785123966,-0.5625823451910408,-1.117359413202934,0.03301237964236581,0.15993788819875787,-0.09181761399125543,-0.11601845748187212,-0.021039975954313284,0.20238095238095233,0.0,0.021929824561403466,-0.0322927879440259,0.0,0.08000000000000007,-0.04748487610839491
2018-12-31,-0.0015838263381003914,-0.009331259720062213,0.011899049995202082,0.12512768130745666,-0.002176165803108754,-0.07986870897155363,-0.9047619047619048,-0.6981132075471699,-0.7222222222222222,-0.7222222222222222,1.08274231678487,-134.0,0.5843373493975903,-4.229166666666666,-0.10319573901464718,-0.17893797411869705,-0.8868638239339752,-0.9023117076808352,-0.024562480810561893,-0.1633663366336634,0.0,0.02145922746781115,-0.0006674082313682383,0.0,0.11111111111111094,-0.11949712893683673
2019-03-31,0.013203937852843683,-0.1401659564924871,0.058605974395448124,0.030866999546073526,-0.029805794994288037,-0.04934601664684901,-9.0,-2.75,-2.8,-2.8,-0.7298524404086266,0.022556390977443552,-1.091254752851711,0.2709677419354839,-0.14625092798812178,-0.08514492753623193,-0.42249240121580545,-0.4885496183206107,-0.03367957192319804,-0.059171597633136064,0.0,0.021008403361344463,-0.042297417631344536,0.0,0.03333333333333344,-0.16595029889827573
