Quarter end,Assets,Current Assets,Liabilities,Current Liabilities,Shareholders equity,Revenue,Earnings,Earnings available for common stockholders,EPS basic,EPS diluted,Cash from operating activities,Cash from investing activities,Cash from financing activities,Cash change during period,Cash at end of period,Price,ROE,ROA,Book value of equity per share,P/B ratio,P/E ratio,Cumulative dividends per share,Equity to assets ratio,Net margin,Asset turnover,Current ratio
1993-12-31,0.046857025296381805,0.0799231778713918,0.023280296315791427,0.015532443568425647,0.0656054562466144,0.16778050944850964,0.6610023041474655,0.6610023041474655,0.6545454545454545,0.24137931034482762,-3.2936456618857277,0.8577787197965239,-1.31353591160221,-2.512092238470191,-0.5033651185834331,0.06776556776556775,-0.017228464419475675,-0.03859649122807007,0.06542056074766345,-0.047706422018348627,-0.034520547945205426,inf,0.01795332136445249,-0.002958579881656709,-0.026431718061673992,0.06338591678097849
1994-03-27,0.046857025296381805,0.0799231778713918,0.023280296315791427,0.015532443568425647,0.0656054562466144,0.16778050944850964,0.6610023041474655,0.6610023041474655,0.6545454545454545,0.24137931034482762,-3.2936456618857277,0.8577787197965239,-1.31353591160221,-2.512092238470191,-0.5033651185834331,0.06776556776556775,-0.017228464419475675,-0.03859649122807007,0.06542056074766345,-0.047706422018348627,-0.034520547945205426,inf,0.01795332136445249,-0.002958579881656709,-0.026431718061673992,0.06338591678097849
1994-06-26,0.10774856865853488,0.14004267089861355,0.11892370304249811,0.15005291005291,0.09921496817126285,0.16778050944850964,0.6610023041474655,0.6610023041474655,0.6545454545454545,0.24137931034482762,-3.2936456618857277,0.8577787197965239,-1.31353591160221,-2.512092238470191,1.5325836291555461,0.015437392795883298,-0.017228464419475675,-0.03859649122807007,0.09649122807017552,-0.047706422018348627,-0.034520547945205426,0.0,-0.00776014109347456,-0.002958579881656709,-0.026431718061673992,-0.008707336737436178
1994-09-25,0.029088909225039927,-0.0068920369230169864,-0.0066964134807152575,-0.04560266434464122,0.056905399404591384,-0.04321676649093609,-0.3129587885093347,-0.3129587885093347,-0.6593406593406593,0.24137931034482762,-0.9714117300324197,0.43753565316600107,7.427312775330396,-1.5823964021843882,-0.3524350317167997,0.10641891891891886,-0.017228464419475675,-0.03859649122807007,0.05600000000000005,0.00963391136801528,-0.034520547945205426,2.0,0.027195165303945945,-0.002958579881656709,-0.026431718061673992,0.04061161416255499
1994-12-31,0.06196082374997314,-0.005981714235303581,0.04129331731603636,0.017137428633238416,0.0770592388548017,0.07464859150161707,0.054347368863837175,0.054347368863837175,0.06451612903225823,0.24137931034482762,14.485432541461227,0.7623412698412699,-1.5101062902944764,-0.8836473422939588,-0.0633245382585752,0.009160305343511421,-0.017228464419475675,-0.03859649122807007,0.0984848484848484,-0.04389312977099247,-0.034520547945205426,0.3333333333333335,0.014189306108323141,-0.002958579881656709,-0.026431718061673992,-0.02276990412671953
1995-03-26,0.028044614895531117,0.03387766371821033,0.12307873313223294,0.15947068125283193,-0.03907606086346349,-0.055741192605641476,-0.0569319768601636,-0.0569319768601636,-0.06060606060606066,0.24137931034482762,-1.388010883408591,-0.6946702393551147,-3.249017933390265,9.013223552894212,-0.6769503247027073,-0.05446293494705001,-0.017228464419475675,-0.03859649122807007,-0.04137931034482767,-0.13972055888223556,-0.034520547945205426,0.25,-0.06534721037365643,-0.002958579881656709,-0.026431718061673992,-0.1082911223673686
1995-06-25,0.020621202032776065,0.002374945752996016,-0.04488087928460638,-0.07651295221080845,0.07469079012161806,0.24855461663018463,0.41090616803452074,0.41090616803452074,0.4516129032258065,0.24137931034482762,-5.963148079074972,0.6977876106194689,0.4427399756986634,-1.6107442752846786,1.2798141186299081,-0.009599999999999942,-0.050685975609756184,-0.03859649122807007,0.07913669064748219,0.03248259860788871,-0.034520547945205426,0.19999999999999996,0.052939028842643454,-0.060830860534124676,0.018099547511312153,0.08538627122697906
1995-09-24,0.049258848117047505,0.020129694034359824,0.05888428493083908,0.04991773936549193,0.04219742197645493,-0.12237847036674698,-0.2889868369764025,-0.2889868369764025,-0.28888888888888886,0.24137931034482762,-0.547338834528265,0.5743202154460951,-0.3672491841246447,-1.7404430663783608,-0.4156608570185283,0.0726978998384491,-0.0369329586511441,-0.03859649122807007,0.006666666666666599,-0.004494382022471988,0.07661748013620873,0.16666666666666674,-0.006761442441054144,-0.026856240126382214,-0.013333333333333197,-0.02837152930806519
1995-12-31,0.22959169254248168,-0.21359680623828226,0.4562088005363303,-0.04084461279668994,0.060678653844504105,-0.889406447231297,0.34010880107957653,0.34010880107957653,0.3125,0.24137931034482762,1.8499800770354629,2.095408895265423,-3.8041760252890775,-1.4049258912336768,0.23312691071568548,-0.004518072289156572,0.02792830345977504,-0.019708029197080368,0.08609271523178808,-0.011286681715575564,-0.01159725882973106,0.1428571428571428,-0.1373712689823704,0.3522727272727273,-0.27477477477477474,-0.18007597664001818
1996-03-31,0.06220332377307214,0.02919006754873421,0.045933519198737116,-0.0653702671412032,0.0788524958094825,6.857254785702185,0.038265466675058146,0.038265466675058146,0.04761904761904767,0.24137931034482762,-0.8191657928463241,-0.41802299670202336,0.7172268533626034,0.10423186828139874,0.25793020151293633,0.23751891074130094,0.017842660178426506,-0.006701414743112477,0.0792682926829269,0.13926940639269425,0.1632,0.125,0.015783083771752304,0.09843937575030015,-0.0931677018633541,0.10116866053523266
1996-06-30,0.039005941208845485,0.12941898456272583,0.0037990131255809523,0.08159566902943127,0.07393448245487444,0.05862536416826791,0.21076559374431714,0.21076559374431714,0.20454545454545459,0.24137931034482762,3.881773081631338,-0.9434540219322428,-1.2657291918598625,5.986568083795441,1.4325492078732598,0.33374083129584364,-0.009960159362549792,-0.032983508245876925,0.0734463276836157,0.2344689378757514,0.22741861531407626,0.11111111111111116,0.03366533864541843,0.1333333333333333,-0.15068493150684925,0.04420999748806831
1996-09-29,0.10608353140916815,0.08726253249353966,0.16292186638412076,0.0972937433722163,0.0533772180881511,-0.017721306300343187,-0.16881946530489633,-0.16881946530489633,-0.16981132075471705,0.24137931034482762,-0.3720073907879108,23.444203683640303,-4.929137953452087,-0.6865210949626076,0.18461043075420935,-0.057745187901008355,0.006841046277666019,-0.025581395348837188,0.05263157894736836,-0.12175324675324672,-0.1016062756817332,0.19999999999999996,-0.04779340913470809,0.1108968177434908,-0.12096774193548376,-0.009141207601635837
1996-12-31,0.08059885504338404,0.00730394549140323,0.06365779887333334,0.018968869715138448,0.09794202139820607,-0.011180713398973197,0.803457414769305,0.803457414769305,0.7954545454545456,0.24137931034482762,0.8789273480024378,-0.3957428419466359,-1.1065389324597108,0.5997861925392449,0.2493116812514249,0.07295719844357973,0.11870503597122295,0.12171837708830524,0.09499999999999997,0.01848428835489835,0.002494802494802384,0.16666666666666674,0.016191054442420638,-0.05902777777777779,0.19266055045871555,-0.011471230881281769
1997-03-30,0.09089876021318433,0.07763421775314971,0.1323940876206704,0.041681525376146666,0.04974499034282953,0.11942997779985265,-0.326308406532848,-0.326308406532848,-0.3291139240506329,0.24137931034482762,-0.873799004529948,1.0523169457026023,-12.136045969871098,-2.0175148594942494,-0.20305448522238367,-0.09156844968268363,-0.02250803858520889,-0.03262411347517724,0.05022831050228316,-0.16878402903811252,-0.244296972210701,0.0714285714285714,-0.037841067516431015,0.0073800738007381295,-0.03846153846153855,0.03450604776815869
1997-06-29,0.02319701104884131,0.04942170231989129,-0.016994879635837457,0.04931149642546284,0.06619643604092063,0.039780376731172185,0.2191760448168163,0.2191760448168163,0.2264150943396226,0.24137931034482762,6.9174864840911106,-0.7607734164887106,-1.4411547311902937,-2.0689571739656425,0.27236058759291226,0.03393213572854292,-0.012426900584795342,-0.01832844574780057,0.0608695652173914,-0.017467248908296984,-0.006586169045005308,0.13333333333333353,0.04202028565514393,0.020146520146520075,-0.040000000000000036,0.00011870140661174311
1997-09-28,0.008870123179941514,0.3045893441204821,-0.04556786590016315,-0.018492230694742817,0.06256648228015504,0.0003084994989697165,-0.16438272608978532,-0.16438272608978532,-0.5846153846153845,0.24137931034482762,0.6144873674901772,5.041234033017106,-0.31754813011728256,-2.2645993662290627,-0.27069922615833986,0.2876447876447876,-0.023686158401184376,-0.005227781926810837,0.061475409836065475,0.2155555555555555,0.22320441988950268,0.0588235294117645,0.05323798172427496,0.008078994614003632,-0.008333333333333304,0.3291792771942317
1997-12-31,0.07565650055636208,0.11149686058866526,0.10588361652310274,0.27898498194792665,0.04887540014743452,0.006629568098833527,0.057081680819484726,0.057081680819484726,0.07407407407407396,0.24137931034482762,-0.5500703751724711,-0.34423300442663896,-4.857420789327405,-2.0764018512362883,0.3995349499359371,0.020989505247376306,-0.1353297952994692,-0.1283783783783785,0.050193050193050315,-0.038391224862888484,-0.019421860885275533,0.11111111111111116,-0.024896265560165998,-0.1202137132680321,-0.008403361344537785,-0.13094919189213317
1998-03-29,0.05969913084049616,0.009067911326508638,0.08346056177345429,0.1745620534825596,0.03750235886716302,0.04329478695878719,0.028841063413511225,0.028841063413511225,0.0,0.24137931034482762,-0.4415644455402823,0.2530239749596961,-0.4663040084540193,-2.2406109699028436,-0.35416581899065525,0.07782672540381785,-0.0267426567295046,-0.017226528854435874,0.03676470588235281,0.026615969581749166,0.1759557807462,0.09999999999999987,-0.02088974854932313,0.002024291497975783,-0.025423728813559365,-0.14091959928076037
1998-06-28,0.030481823751116854,0.0193453030313695,-0.0033549105755578124,-0.010404284116989349,0.06349061993540639,0.10854034171655669,0.2394514295941652,0.2394514295941652,0.24137931034482762,0.24137931034482762,2.5994812075721616,-0.665540565959656,-1.60182705937943,-2.1342817753609316,0.6220231845100592,0.16893732970027253,-0.017117117117117053,-0.007887817703768563,0.06028368794326244,0.12777777777777777,0.14414414414414423,0.09090909090909083,0.032003160806005626,-0.005050505050505083,0.0,0.03008013395526854
1998-09-27,0.04115461560445843,0.0626267006192105,0.017781999023836814,0.033741273295988305,0.0625222009288211,6.574316851137851e-05,-0.05467410335553513,-0.05467410335553513,-0.05555555555555547,-0.05555555555555547,-0.6466520492494519,0.97417439035364,-1.3490858787901447,-1.5457384493323656,-0.20928305551060045,0.04370629370629375,0.007332722273143855,0.009717314487632578,0.06020066889632103,-0.016420361247947435,0.013351591920575112,0.08333333333333348,0.02048238897396648,0.02131979695431463,-0.008695652173913104,0.027924528301886742
1998-12-31,0.05630365864861764,0.09806900333853585,0.049007605705162494,0.07806208150210536,0.0626929521891304,0.08868750459205188,0.1652982509738028,0.1652982509738028,0.2058823529411764,0.11764705882352944,1.2845736602299849,-0.1449245635626054,0.36724858091464063,-2.3308175322465896,0.35223421151736445,0.027917364600781758,0.030937215650591376,0.04111986001749779,0.05993690851735023,-0.030050083472454192,-0.028040540540540615,0.0769230769230771,0.006190208216094506,0.027833001988071704,0.00877192982456143,0.018581271885236728
1999-03-28,0.0770285942832265,0.05052292230547373,0.09552307205003263,0.2013254644995357,0.061041196763603756,-0.007991944120326666,-0.03252552065411529,-0.03252552065411529,-0.04878048780487798,0.0,-0.36340411791521043,1.438937604946827,6.523891587028043,-1.4632763108962439,-0.12067566749409697,0.4225964149918524,0.0044130626654899086,0.014285714285714235,0.059523809523809534,0.3407917383821,0.3288147375738615,0.0714285714285714,-0.014914243102162605,0.02224371373307532,-0.008695652173913104,-0.12553368450235658
1999-06-27,-0.0028673384523141277,-0.009950960566798117,-0.017004291827892204,-0.037152720404947104,0.009750379308514523,0.08978153023719626,0.16133730777047628,0.16133730777047628,0.15384615384615374,0.1578947368421053,1.150467694052006,-0.9741439132739205,-1.7774076002082249,-4.248344370860927,0.44579242347044157,0.09354715540282554,0.009666080843585334,0.01491300745650359,0.016853932584269593,0.03209242618741959,0.02615746795710172,0.06666666666666665,0.012679788039364093,0.014191106906338735,0.0,0.028279753978821764
1999-09-26,0.011438325275556549,0.05769554630072138,0.025532016976147265,0.037778081221121695,-0.0008074799285502365,0.02378284783051532,-0.04678430800641675,-0.04678430800641675,-0.04444444444444451,-0.045454545454545525,-0.1612509365374476,9.952874049027896,0.5431364671220036,-1.7128007907824423,-0.21978341206949104,-0.06145251396648055,0.021322889469103545,0.01959183673469389,0.005524861878453136,-0.07587064676616906,-0.11011980627071116,0.09375,-0.012147262193982544,0.006529850746268551,0.01754385964912286,0.019177406425356258
1999-12-31,0.012608724418418538,0.02094620472413844,-0.03278866925132928,-0.07867518016504238,0.053093668994015575,0.06301418661634517,0.1355986658914965,0.1355986658914965,0.11627906976744184,0.11904761904761907,-0.30477899821345866,0.15857917382160558,-0.9615972089632548,-1.4243028320079738,0.11952414959135216,0.0457589285714286,0.021303792074989447,0.027221777421937654,0.052197802197802234,0.03903095558546443,-0.006015468347178254,0.05714285714285716,0.0399167612561484,0.009267840593141896,0.01724137931034475,0.10811955469506285
2000-03-26,0.04272571501891265,0.10704914888819106,0.009394351401739387,0.0079841128313205,0.07002618251972303,0.028152515687668522,0.08086224317952162,0.08086224317952162,-0.45833333333333326,-0.44680851063829785,0.384069954196657,-0.41540101252331463,11.576949152542372,0.3063527729547544,0.13947059946024054,0.2813945215225899,0.0442219440967877,0.06235385814497274,0.06788511749347248,0.21761658031088094,0.21412103746397682,0.05405405405405417,0.026196106967437016,0.02846648301193766,0.033898305084745894,0.0982800982800982
2000-06-25,-0.007760463184909305,0.02211629162093809,-0.05180684861724438,-0.09968006341292501,0.026272028178037976,0.10844015603871893,0.12913358345694093,0.12913358345694093,0.15384615384615374,0.1153846153846152,0.6920954460279531,-1.6940519598906107,1.3771944010206099,2.4760564481451075,0.4254674730616854,0.10605219322598547,0.03755493407910482,0.06089508437270719,0.02933985330073363,0.03617021276595733,0.022311891763588942,0.0512820512820511,0.034391065413933664,0.017857142857142794,0.040983606557376984,0.13527218493661453
2000-09-24,0.05990135574077926,0.15473944374186321,0.059281476598549876,0.11381050509432633,0.06034386749760401,-0.054113193451951314,-0.08333425325929766,-0.08333425325929766,-0.09999999999999987,-0.06896551724137923,-0.4900459729242336,-1.87506156624528,-1.2554913906483847,0.26930646304022665,0.37885719848145616,0.06375502008032119,0.0046207162110127875,0.029737206085753698,0.05938242280285033,0.03388090349075967,-0.011144648247039646,0.07317073170731714,0.0003427592116538314,0.022807017543859498,0.007874015748031482,0.03674023471711352
2000-12-31,0.05193158915498475,0.04619751931482763,0.06906648080501321,-0.04964811187102147,0.039711797486031486,0.058871140524198395,0.1303379175799031,0.1303379175799031,0.18518518518518512,0.11111111111111094,0.5132337852510784,5.518386491557223,-1.1179255051625692,-0.9206949711167027,0.02178998746302807,-0.004247286455875354,0.010732081257186499,0.022162525184687754,0.04260089686098656,-0.06057596822244282,-0.06081239727635601,0.06818181818181812,-0.011649820113071807,0.025728987993139052,-0.0078125,0.10086589229144671
2001-03-25,0.13599879166180973,0.094945978613451,0.23611179831365336,0.47954868275395124,0.06258719244764888,0.014701914938637373,-0.019315796763298976,-0.019315796763298976,-0.0625,0.0,-0.24948488897958643,1.3938707077684716,-50.74259909683894,-3.278739805608312,-0.04859483103665163,-0.03175355450236972,-0.013272658323852826,-0.026281208935611033,0.06236559139784936,-0.07082452431289654,-0.08800000000000008,0.042553191489361764,-0.06448257930317214,0.004180602006689016,-0.03149606299212604,-0.2599470513755132
2001-06-24,0.026934855435024607,0.034911160955032106,-0.049064413819409625,-0.0908253953166267,0.0917649673848493,0.10904406101056074,0.25615982965409345,0.25615982965409345,0.26666666666666683,0.26666666666666683,1.133988246645031,-1.0064175591632825,-1.4948404732844447,-8.222483698583126,0.3689021107379946,0.037934410181106104,0.004996156802459684,0.0013495276653172628,0.08502024291497978,-0.022753128555176305,0.002192982456140413,0.061224489795918435,0.06299796183064665,0.03663613655287268,-0.0325203252032521,0.13827250103691413
2001-09-23,0.02700206628362012,0.03480965944070258,0.04759299013624063,0.07568240066432885,0.011702992713531701,-0.00017862515042121885,-0.03378103730097637,-0.03378103730097637,-0.02631578947368418,-0.052631578947368474,0.02304600157832426,-40.44918032786885,0.5243492264100944,-0.8973709755153851,0.027657246970672622,0.017448714925725195,0.02294455066921608,0.015498652291105142,0.01679104477611948,-0.06286379511059359,-0.05579868708971547,0.05769230769230771,-0.014816105978734395,0.028915662650602414,-0.008403361344537785,-0.03798679116374404
2001-12-31,0.06832567730106631,0.09470849871876963,0.07322392144782319,-0.005707970192482592,0.06455717072236378,0.05125694646870205,0.05933530849168922,0.05933530849168922,0.08108108108108114,0.05555555555555558,-0.39312101501388086,3.2409764437689965,-1.560316929660337,-9.091606587737283,-0.21776867963152513,0.09223638470451911,0.0022429906542056344,-0.002654280026542888,0.06422018348623837,0.07453416149068315,0.018829663962919962,0.07272727272727253,-0.0035385704175513455,0.015612802498048417,-0.016949152542372947,0.10098953648028042
2002-03-31,0.09004632042058747,0.04026388608653053,0.13952967673166872,0.2546522182346287,0.051665933109869,0.037392623666565594,0.013924799324038784,0.013924799324038784,0.0,0.026315789473684292,0.11804387834814034,-0.038651481556137846,0.355568549301321,-0.5021702346796145,-0.13859293006066842,0.12688308932739223,0.00932487877657584,0.009314703925482393,0.051724137931034475,0.05895953757225425,0.06340631219789583,0.05084745762711873,-0.03515625000000011,0.016141429669485063,-0.008620689655172376,-0.17085232648146564
2002-06-30,0.0019274533845752284,0.02716886199615076,-0.07399433478861106,-0.12877572848924113,0.06573388636741395,0.07894529797541616,0.20286171436190603,0.20286171436190603,0.19999999999999996,0.20512820512820507,0.529283240074607,-1.4051300868410477,-3.2172485431081532,-3.3892747483703594,0.3844135945156988,-0.018452268875917888,0.012195121951219301,0.015161502966380969,0.06721311475409841,-0.066593886462882,-0.0770053475935828,0.06451612903225823,0.0636731689363268,0.018154311649016597,-0.008695652173913104,0.17898449250557547
2002-09-29,0.09623366343145445,0.16550155981384518,0.11690172886022943,0.19830652249453218,0.08114110956165677,0.1342581216149532,0.1432441232913726,0.1432441232913726,0.14583333333333348,0.14893617021276606,0.18819233911403832,-2.825850369475833,-1.2587672456575683,-0.18873785340242177,0.22526519466691086,-0.08344523307116825,0.03870025556772538,0.04155844155844157,0.07987711213517668,-0.14152046783625738,-0.13499420625724223,0.045454545454545414,-0.01384083044982698,0.028231797919762158,0.01754385964912286,-0.027362308639803046
2002-12-31,0.034176805636576324,-0.0035117936571692487,0.014228961455235778,0.05549703836690134,0.049225244765891185,-0.09596397707087367,-0.08578510092899516,-0.08578510092899516,-0.10909090909090913,-0.09259259259259267,-0.8517000241138172,1.2035668589200998,1.3480061985056078,-4.059474798814062,-0.5624849127626737,0.04625366262034336,-0.002460456942003475,0.004987531172069959,0.04125177809388325,-0.03133514986376018,-0.05961152042866713,0.05797101449275366,0.014561403508771997,0.024566473988439474,-0.017241379310344862,-0.055902306648575206
2003-03-30,0.03588428207997629,0.13675017637785225,-0.015933162275794,-0.03600719962183807,0.07367096374022308,0.08490626692592151,0.23414268763961532,0.23414268763961532,0.26530612244897966,0.24489795918367352,5.844891232696111,-0.864867424073237,-1.789748817271753,-1.3184502631717385,0.4094109522724685,-0.15323064612922588,0.044045102184637086,0.0694789081885856,0.08333333333333326,-0.18706047819971872,-0.20227920227920226,0.0547945205479452,0.03648625280996032,0.06558533145275036,0.0,0.1791702596531568
2003-06-29,0.07433920016480933,0.062432955671567036,0.09610960846452543,0.0897744453862781,0.05978853899364989,0.09444361137873969,0.08624801271860094,0.08624801271860094,0.08064516129032273,0.08196721311475419,-0.04223927886976708,-0.6487651382939341,-1.1963346020188648,1.5693692127113854,0.7463599558522314,-0.00708717221828481,0.022612217347283137,0.02842227378190265,0.0580075662042876,-0.08304498269896199,-0.11071428571428554,0.051948051948051965,-0.013513513513513487,0.037061548643282594,-0.00877192982456143,-0.02506703502071972
2003-09-28,0.047352711610629816,0.04817058976488653,0.003955908811405395,-0.004010253018025489,0.0773518412250851,-0.0699261284203756,-0.0601754333916793,-0.0601754333916793,-0.059701492537313494,-0.06060606060606066,-0.15380103434522197,-1.2780621847474216,-1.3915462092797841,-0.15212035896533516,0.3623671107035993,0.050678087080656464,-0.02838283828382837,-0.012408347433728206,0.07628128724672223,-0.007547169811320753,-0.03614457831325313,0.04938271604938271,0.02858109250803298,0.03573707721761332,-0.044247787610619316,0.05238154769346148
2003-12-31,0.09387516403390306,0.04320997092603229,0.1146073176098561,-0.07736170894660077,0.08051990182976865,0.021549150039562814,-0.04020581674312895,-0.04020581674312895,-0.04761904761904767,-0.032258064516129115,-0.7099688670949751,-53.77473940706647,-21.132601442255947,-1.5171255018717922,-0.13754682751233782,0.09918478260869579,-0.02785326086956519,-0.018846373500856606,0.11295681063122931,0.02281368821292773,0.061979166666666696,0.09411764705882364,-0.012167050312397176,0.014171287738755423,-0.03703703703703709,0.13067236873366594
2004-03-28,-0.0473519872080288,-0.008006956070567672,-0.02168825010328712,-0.0628935950272711,-0.06440562438550057,0.0065894116935936164,0.1214164337005974,0.1214164337005974,0.1499999999999999,0.13333333333333353,3.7920735288092535,-0.9480001128647906,-3.953317793982422,0.7118358904701634,-0.2730091365734957,0.02616398846312329,-0.010132774283717727,-0.014551804423748593,-0.06666666666666665,-0.0780669144981413,-0.019127023050514946,0.08602150537634401,-0.01797603195739017,0.01275820170109343,-0.019230769230769273,0.05859074035161438
2004-06-27,0.007413693477783534,-0.0034063772612682452,-0.07392771886393068,-0.16100622891920047,0.06393321769297478,0.13906396237113983,0.2085296705445303,0.2085296705445303,0.21739130434782616,0.22058823529411753,-0.2655704066801562,-6.101864640883978,-0.7226224783861672,-1.9373010648945475,0.3519875796377845,0.15037141136318,0.020472996823155842,0.0336680448907265,0.06396588486140731,0.2318548387096775,0.119,0.0990099009900991,0.056101694915254186,0.03359328134373141,0.0,0.1878122208621431
2004-09-26,0.0435228181868208,0.10611429797709682,0.03201461959402985,0.06759961354919919,0.050483065205311206,-0.020427652190678214,-0.07384697521851147,-0.07384697521851147,-0.0714285714285714,-0.07228915662650592,0.3514264427405085,-1.2968334541938602,-0.30443124714481495,0.014848556270111946,0.26421403006980215,0.04869109947643979,0.015565548253199557,0.02400000000000002,0.05511022044088176,-0.014729950900163824,-0.016532618409293875,0.09009009009009006,0.006740491092922518,0.01160766105629718,0.009803921568627416,0.03609625668449201
2004-12-31,0.11214544778955915,0.09446496814219496,0.23246899539080235,0.46175515922677657,0.040652249264730544,-0.06126545725172294,-0.08743443836442011,-0.08743443836442011,-0.10256410256410264,-0.09090909090909094,-0.9630629285492781,23.762312703583063,-5.654538289767503,-2.1908325670897595,-0.7274379710121959,-0.0326177400565818,0.008174386920980714,0.0016741071428572063,0.0465337132003798,-0.0830564784053156,-0.0831440254429805,0.1074380165289257,-0.06424358361230653,0.01778542742398148,-0.01941747572815533,-0.2512634408602151
2005-03-27,-0.03237470622124328,0.005347993063651746,-0.10150289956561709,-0.09108157612885182,0.01627045886074474,0.011848513960312834,0.087350810195155,0.087350810195155,0.11428571428571432,0.10000000000000009,3.0169465174129355,-1.373088503991697,-1.8266181539639985,-0.7023669745949237,-0.27177014017349965,0.03509375537588166,-0.015540540540540548,-0.005571030640668551,0.042649727767695156,-0.010869565217391242,0.0004955401387514158,0.08955223880596996,0.0502555366269164,0.011273957158962844,-0.01980198019801982,0.1060927009657846
2005-06-26,-0.19595919388183403,-0.31505539415422656,-0.19812023572240112,-0.4026663289191611,-0.19461471176949507,0.07916054211211332,0.044785775586999144,0.044785775586999144,0.08974358974358965,0.09090909090909083,8.870669969423695,1.650871050655271,1.786218198045733,-2.595894624231078,0.5955763827546798,-0.13129466511550603,0.014070006863417861,0.011764705882353121,-0.164490861618799,-0.16666666666666674,-0.1565131253095592,0.1095890410958904,0.0016220600162206722,-0.01170568561872909,0.030303030303030276,0.1466502207218905
2005-09-25,0.10042291970713957,0.1851825998808454,0.12292143397308686,0.3557796663677242,0.08648649879815551,0.07341906779152518,0.11610802431431688,0.11610802431431688,0.14117647058823524,0.1428571428571428,-0.1789015737456794,-1.3114778519062364,-0.9410658833990919,-0.01721118475628658,0.36684286250469156,-0.026592691792615253,0.0598984771573603,0.052602436323366364,0.0854166666666667,0.16483516483516492,-0.029947152084556783,0.09876543209876543,-0.012631578947368438,0.014100394811054517,0.03921568627450989,-0.12582800203815891
2005-12-31,0.1194471876259462,0.1798964545376449,0.18514435529379147,0.01147113680332712,0.07738720400375376,-0.06205913981124289,-0.13175872038165115,-0.13175872038165115,-0.15463917525773196,-0.13541666666666663,-1.0478215502606212,1.66538277593687,-6.170874420815017,-3.523996691875485,-0.6774079133743853,-0.014150943396226578,0.03416347381864626,0.03419253024723834,0.08541266794625724,-0.09245283018867934,-0.0714285714285714,0.101123595505618,-0.03755945546990325,-0.0011123470522801382,0.028301886792452935,0.1665101518733203
2006-03-26,0.027522787390568126,0.04888947955273326,0.029312434495423645,0.07120965007925673,0.02626244282260526,-0.04264583729098925,0.019644068091321687,0.019644068091321687,0.04878048780487809,0.03614457831325302,-19.234521669662474,-0.9132523750781012,-1.733989878972733,-1.187442573775808,0.39360879588579545,0.02472089314194581,0.01667181228774295,0.003051881993896277,0.04155614500442084,-0.05613305613305608,-0.014341590612777066,0.09183673469387754,-0.001192910702113248,-0.0016703786191537562,0.00917431192660545,-0.02082003164644819
2006-06-25,-0.06602372252399002,-0.12181881451564502,-0.07147404394747991,-0.17232269059945304,-0.06217397019770032,0.07155685594005079,0.037802210919880785,0.037802210919880785,0.058139534883721034,0.058139534883721034,0.2693886380376833,-5.286608676380963,0.9571772347543677,2.5232748833102057,0.9951085186090072,-0.009338521400778177,-0.02156088672942602,-0.032454361054766734,-0.03904923599320875,-0.048458149779735615,-0.03505291005291,0.0981308411214954,0.004094864357618189,-0.001673173452314547,-0.027272727272727337,0.06100983755280254
2006-09-24,-0.00203575852378457,-0.004890710618285388,0.053575145411024705,0.2616575056677626,-0.04092615723324056,0.1879885000294108,0.28469785975434414,0.28469785975434414,0.31868131868131866,0.31868131868131866,-0.01270756845606602,-0.35379372444605295,-0.013351033415569424,-0.416008961499312,0.2912796230294896,0.11017282010997631,0.05058969584109252,0.032494758909853205,-0.030035335689045928,0.15509259259259256,0.08841672378341325,0.08936170212765959,-0.03908241291418868,0.011173184357541999,0.01869158878504673,-0.21127588510354045
2006-12-31,0.0991619018402714,0.23159458555732382,0.2692296259508087,0.6337967456699718,-0.031490624377496834,-0.08147300961663073,-0.19284120050905884,-0.19284120050905884,-0.18333333333333335,-0.19166666666666665,-2.146393527510919,-3.4215642480448567,-2.2405796866514827,-3.4144799075079706,-0.5289890721718737,0.21528392004245545,0.0505169867060562,0.008121827411167404,-0.02550091074681249,0.25450901803607207,0.1385390428211586,0.08203125,-0.11883289124668428,-0.006629834254143652,0.00917431192660545,-0.24615488854258416
2007-04-01,-0.015482588143850062,-0.03786874058794587,-0.05923514806625174,-0.1740220608556744,0.028566381196320156,-0.21546046173616573,-0.23815296364082938,-0.23815296364082938,-0.23469387755102045,-0.2371134020618556,-1.9903372251255016,-1.0163680315411554,-1.7428246623850934,-1.2597817648893952,0.3003938807954798,-0.03973799126637556,-0.01293588301462334,-0.04279959718026183,0.028971962616822555,-0.014376996805111841,-0.07411504424778759,0.07581227436823101,0.04475215733493876,-0.022246941045606095,-0.018181818181818188,0.16483911558511588
2007-07-01,-0.05965374447948024,-0.10599925355112072,-0.05639999218693448,-0.18277321444558925,-0.06264990811102289,0.3743764181953133,0.5105298736415163,0.5105298736415163,0.5333333333333332,0.5405405405405403,0.04466113959324436,38.900925147182505,0.4631253518153673,0.4812115118763354,0.3421631560272249,-0.05472184326208884,0.07635327635327638,0.04366123093108887,-0.06267029972752036,-0.08265802269043754,-0.02508960573476693,0.08389261744966436,-0.0032654629273912716,0.003981797497155659,0.03703703703703698,0.09390432098765422
2007-09-30,-0.029411546483379958,-0.06470266003026137,0.058531506849315074,0.12563178906322525,-0.11093239482828943,-0.04864592295604664,-0.08786533099246097,-0.08786533099246097,-0.06956521739130417,-0.06140350877192968,-0.43665339672936876,-0.07377819746976322,-0.17120074060047552,-1.13857307162924,-0.03532700127858801,-0.1236369467607441,-0.002117522498676583,-0.042842741935483764,-0.05135658914728691,-0.06360424028268552,-0.1734068627450981,0.09287925696594423,-0.08383118134515333,-0.03002832861189797,-0.008928571428571397,-0.1690766734852226
2007-12-31,0.13793029917762367,0.2138512850009644,0.25811698582453624,0.5713054408628047,0.005284800738720952,-0.1005883608483451,-0.2977325392691893,-0.2977325392691893,-0.28971962616822433,-0.28037383177570097,-2.864314164066945,-1.3261617586818988,-2.149390376581177,-1.0999387713449895,0.003659827846082875,-0.1205855443732845,-0.0315649867374006,-0.07214323328067418,0.01736465781409624,-0.07358490566037734,-0.09117865085248333,0.08498583569405116,-0.11674379469920071,-0.04731308411214952,-0.027027027027027084,-0.2275042444821731
2008-03-30,0.03673457193235663,0.03445693121534421,0.046282742299492696,0.06874833012174308,0.023546290009097026,-0.05773489310810942,0.008082675451560384,0.008082675451560384,0.03947368421052633,0.025974025974025983,-1.2574551271594478,-0.2513640613443854,-1.2833602839676592,-48.797821647379166,-0.17429391293123564,-0.159592176446109,0.03588058066283217,-0.023836549375709448,0.032128514056224855,-0.1731160896130347,-0.11419249592169656,0.07832898172323755,-0.012622052869730838,-0.026977314530962526,0.0,-0.03208791208791206
2008-06-29,0.1567686646150781,0.2563402844941727,0.2382604703676754,-0.13106407013580212,0.041708874425491205,0.2038225142060135,0.1876842537357195,0.1876842537357195,0.20253164556962022,0.20253164556962022,-2.265816403003175,0.8173091261556815,-5.224630459594132,-7.70456455173396,1.4152309260188973,-0.06115375092844766,-0.06107879428873597,-0.13953488372093026,0.04669260700389111,-0.09113300492610832,-0.07366482504604044,0.07990314769975781,-0.09937288953207912,-0.0655324511657216,-0.07407407407407418,0.4458446866485011
2008-09-28,0.06132062886133971,0.06974551869913292,0.10549773272395879,0.24901410074740116,-0.01282277540955068,-0.09521680765677054,-0.2524653592893661,-0.2524653592893661,-0.25263157894736843,-0.25263157894736843,-0.019311710819509775,0.3622442176521874,-0.961617380967756,-1.6351736868602114,-0.3721869554393826,0.057753164556962,-0.12644325542100832,-0.1912162162162162,-0.0018587360594795044,0.01084010840108407,0.1133200795228626,0.07399103139013463,-0.06989823245848958,-0.0957518543492919,-0.10999999999999999,-0.1435021594032193
2008-12-31,0.08734874621114641,0.11562397702817573,0.21569748166672276,0.17830281407144333,-0.1538803027885196,-0.09153773384667496,-0.5327937264697582,-0.5327937264697582,-0.5070422535211268,-0.5211267605633803,1.543423377934865,-0.17709243140680064,22.52181974248927,-1.2982224971991372,0.17679550343487604,-0.3662428322114185,-0.11863313990973567,-0.20969089390142015,-0.15642458100558654,-0.3646112600536193,-0.29553571428571423,0.06889352818371619,-0.22199827238698533,-0.12751677852348986,-0.0898876404494382,-0.05322026128810464
2009-03-29,0.10103549473885898,0.05677273260602078,0.11793390608333043,0.04236877711706577,0.0554026440688542,-0.001503182367817768,0.5081417316762842,0.5081417316762842,0.4571428571428573,0.47058823529411753,-0.4721520325747097,-0.8890678183215606,-0.19179269946414468,2.4286162851984345,0.5150970924492635,-0.44925255704169953,-0.08851499634235538,-0.1881606765327697,0.050772626931567144,-0.3459915611814346,-0.36375158428390375,0.01953125,-0.041450777202072464,-0.10427350427350424,-0.09876543209876554,0.013847196668926198
2009-06-28,0.01683281138299564,-0.33768029901474483,0.019590776636931873,-0.0628656171992299,0.008943874834121734,-0.10615055383032401,-0.8316957399848313,-0.8316957399848313,-0.8431372549019608,-0.84,-1.327762765770443,2.9584295612009237,-0.8355226204258409,-0.5686007718976909,0.14666551020907415,0.2728571428571429,-0.3274478330658106,-0.3867187499999999,0.008403361344537785,0.2064516129032259,0.42031872509960166,0.019157088122605526,-0.007722007722007707,-0.29484732824427495,-0.12328767123287665,-0.2932664756446991
2009-09-27,0.06713098449847488,0.1277837376006019,0.08464392052522896,0.1585116768424657,0.01650802585069222,-0.02805889160010233,0.3409113924050633,0.3409113924050633,0.375,0.375,7.425034610923332,9.583722287047841,2.6864980014933897,2.7392187784314914,0.47826888054042205,0.13748597081930414,-0.35202863961813846,-0.40764331210191085,0.017708333333333437,0.12834224598930466,0.7447405329593269,0.018796992481203034,-0.04747081712062262,-0.3274695534506089,-0.12499999999999989,-0.026488276234880703
2009-12-31,-0.021121411712178295,0.02281815860416425,-0.0022222549431580862,-0.23022853303106605,-0.07941319806530389,0.08478383982519899,-9.257976815315486,-9.257976815315486,-9.545454545454545,-9.545454545454545,-0.960532588002262,-0.3813330078317262,0.195828691596023,-0.772674923153037,0.07354718174315877,0.2520966946225949,-1.2283609576427257,-1.2186379928315412,-0.07881269191402251,0.23222748815165883,0.9807073954983925,0.01845018450184499,-0.05923202614379075,0.0,-0.0535714285714286,0.32872909002568185
2010-03-28,0.169011190846875,0.15651035974858285,0.22250815903737542,0.050774526678141196,-0.009828197472816935,-0.007538182138068228,-1.1523804733511358,-1.1523804733511358,-1.148936170212766,-1.148936170212766,6.018717179294824,-1.5828406132853026,-2.380430721406047,-2.6515778582514224,-0.11314723653464476,0.00039401103230907175,1.5685483870967745,1.4098360655737703,-0.014444444444444482,0.08461538461538454,0.0,0.018115942028985588,-0.15327833260963963,0.0,-0.07547169811320764,0.10061118946873537
2010-06-27,-0.04475514727172614,-0.08672851129013215,-0.06135624799199213,-0.002514063989473847,0.023764024031821318,0.084191813594086,1.1352438109527383,1.1352438109527383,1.1428571428571428,1.1428571428571428,1.762311684008572,-1.6206559543114227,-0.22313766248763978,-0.8319606837145249,-0.021438941220162766,0.17644742024419058,-0.3610675039246468,-0.3945578231292517,0.022547914317925688,0.19503546099290792,0.0,0.017793594306049654,0.07179487179487176,0.0,0.0,-0.08443685034885373
2010-09-26,-0.01789269508200053,-0.01897971675104304,-0.029168076871093462,0.0330154790948094,0.0247758076260034,-0.03732103917616514,0.2483522351982237,0.2483522351982237,0.26666666666666683,0.26666666666666683,-0.23221786059073557,-1.348519903232901,-0.13795658414898704,-3.3810059456853607,0.052164600314318355,-0.15567458988952132,-0.7076167076167076,-0.7191011235955056,0.02535832414553485,-0.17507418397626118,0.0,0.0174825174825175,0.043540669856459324,0.0,0.020408163265306145,-0.05033696215655781
2010-12-31,-0.06077307349098093,-0.09609643117520494,-0.07987965879549253,-0.18001979729556405,0.007724377268887528,-0.14013302009587603,-1.5264722106519266,-1.5264722106519266,-1.526315789473684,-1.526315789473684,-1.0214362029169564,-0.08271492755818066,0.347799611466324,-7.376027535938449,-0.3161130187291583,0.25654242664551963,-6.714285714285714,-6.8,0.007526881720429923,0.22661870503597137,0.0,0.01718213058419238,0.07290233837689142,-0.39235412474849096,-0.040000000000000036,0.10235274851247333
2011-03-27,-0.002714315101466025,0.025564681876326878,-0.022007582081304267,-0.013134986805920401,0.06043955546009583,0.13063712504545877,-3.5501432664756445,-3.5501432664756445,-3.55,-3.55,11.336076172563772,2.440246553479541,-0.7864863730231237,-0.8107026724926328,-0.08749888691332997,0.22593878195014194,0.5411764705882351,0.6413793103448275,0.05656350053361803,0.21700879765395897,1.5430194805194803,0.016891891891891886,0.06324786324786325,0.5794701986754967,0.04166666666666674,0.039219570169357176
2011-06-26,-0.004589298066951075,-0.04066812641287032,-0.033165536524681016,0.10561954702060206,0.0816785229599597,0.22912901145371567,0.5980211303035385,0.5980211303035385,0.5882352941176472,0.5882352941176472,-6.506513059470379,-3.5193405960550943,1.0872345605033518,-1.4581068688630925,0.043927443526377674,0.0018018018018017834,0.4494274809160306,0.5462184873949578,0.08181818181818179,-0.053012048192771166,-0.372646026172997,0.021594684385382257,0.08681672025723475,0.45492662473794554,0.06000000000000005,-0.13232631277994844
2011-09-25,0.03657132749389835,0.09602852102660897,0.039896448077711755,0.11102650971768124,0.02759900070948995,-0.07195883094878641,-0.036656522195403496,-0.036656522195403496,-0.024691358024691357,-0.03703703703703709,-0.2583106927163549,-1.0393144809237618,-1.1096646854323202,10.114298269169739,0.4676787765106145,0.006937307297019357,0.21527320605661604,0.27989130434782616,0.04481792717086819,-0.06870229007633588,-0.3352836428389724,0.019512195121951015,-0.008505917159763232,0.23487031700288186,0.037735849056603765,-0.01350980284474712
2011-12-31,-0.003111488352811387,0.035806919022363104,0.02123143715158693,0.10545501914440658,-0.06958320198672951,-0.1526749572018299,-0.42438206041591775,-0.42438206041591775,-0.4177215189873418,-0.42307692307692313,-1.0378814745683622,8.208269401598967,-1.1497934306867919,-0.7843127779913239,0.06872916452318911,-0.07068129624904307,0.3120260021668473,0.33333333333333304,-0.06166219839142084,-0.11202185792349728,-0.26636050516647525,0.020733652312599826,-0.06676613204028359,0.31621936989498245,0.0181818181818183,-0.06296275677782104
2012-04-01,-0.007113482880794608,-0.006313231940603292,-0.030772378144305113,-0.042759293831138745,0.06379614387899468,0.20758068466885704,0.6278860711582135,0.6278860711582135,0.6304347826086956,0.6444444444444444,3.534121704853412,-0.7191956220511111,56.32987438558165,-3.552145177551249,-0.16412652673630435,0.23421197144426142,0.0631709331131296,0.08280254777070084,0.059047619047619015,0.3169230769230771,-0.08033385498174239,0.02499999999999991,0.07114308553157489,0.0478723404255319,0.03571428571428559,0.03802281368821303
2012-07-01,-0.03004191311360227,-0.09829623376824792,-0.05409015447705834,-0.016504163203620914,0.03562724228723102,0.20981386887096587,0.43720754497631287,0.43720754497631287,0.44000000000000017,0.44594594594594605,-5.915480330362964,-7.927949030263282,0.6190852711701327,-0.18264016631220248,-0.1604913122474707,0.09121245828698532,0.07262135922330093,0.08823529411764697,0.052158273381295084,0.030373831775700966,0.0005672149744753163,0.02286585365853666,0.06791044776119404,0.04399323181049075,0.034482758620689724,-0.08316163003663002
2012-09-30,0.07496138152392495,0.16654819432674328,0.099456167804719,-0.09404024965824909,0.013867454349274944,-0.27714406299503946,-0.45803437815975734,-0.45803437815975734,-0.4537037037037037,-0.44859813084112155,0.17243780709560097,-0.616379504656803,-2.138702730690704,-4.53271561845529,0.6753594973756318,-0.12884811416921504,-0.07929036929761035,-0.07702702702702702,0.02136752136752129,-0.17233560090702948,-0.2029478458049887,0.023845007451564815,-0.05695317959468915,-0.04538087520259315,-0.033333333333333326,0.2876584056432985
2012-12-31,-0.08431298759094064,-0.14675750090148987,-0.09555363780837056,-0.3469616692191556,-0.05391025918457859,-0.06353300621053426,-0.4728472175580779,-0.4728472175580779,-0.4576271186440678,-0.423728813559322,-0.7903152813395686,-1.1597353608235308,-3.1373323584654615,-2.0046403968796858,-0.4049837867888929,0.05710273812309863,-0.06567046795123876,-0.040995607613469986,-0.05439330543933041,0.03561643835616435,0.12731152204836405,0.02328966521106257,0.033345683586513575,-0.05093378607809851,0.01724137931034475,0.3065884520288942
2013-03-31,0.01792084484045131,0.06962415599752747,0.009817410737305243,0.4817441762990975,0.03887357954101156,0.3419307175921973,2.1728790045159188,2.1728790045159188,2.125,1.9117647058823528,-2.219525629496403,1.0261899507099241,-1.0510070375375629,-0.9320786846821815,-0.04622904531062466,0.15009962364401153,0.07533670033670026,0.09160305343511443,0.04867256637168138,0.21693121693121697,0.19621451104100962,0.029871977240398362,0.020437432771602815,0.05635062611806796,0.016949152542372836,-0.27813439204482204
2013-06-30,0.03985775867286567,0.028038908104562665,0.03112963874458985,-0.05859150325770268,0.0617945178257977,0.1419883873160419,0.2124223103659053,0.2124223103659053,0.21999999999999997,0.2222222222222221,-5.591857238982754,-12.509803209643454,1.5663672772945945,-6.709532392312521,0.27673964107310955,0.04908565928777664,0.021135029354207413,0.025174825174825388,0.06751054852320681,0.0,-0.03850210970464141,0.02900552486187835,0.0210822206605763,0.025402201524132195,0.016666666666666607,0.09200719609354913
2013-09-29,-0.022992216703522472,-0.08122086775287118,-0.04121401245636225,-0.05483550493182343,0.021482759879613234,-0.25112146360684096,-0.4012048325783196,-0.4012048325783196,-0.4016393442622951,-0.39669421487603307,-0.12594195509127482,-0.2126825298183298,-5.275207077096396,-1.9602881556125435,-0.20814721417094006,0.08715596330275233,0.0241471828286699,0.05593451568894947,0.03003952569169943,0.01739130434782621,0.038398244651673075,0.028187919463087185,0.04576737783895379,0.023947151114781073,0.016393442622950838,-0.0279124499882325
2013-12-31,-0.00832643751460349,-0.025379977642984164,-0.03129384454574802,0.2663701559658398,0.044290692739760384,-0.1139256897652633,-0.5365606332505716,-0.5365606332505716,-0.5342465753424657,-0.5342465753424657,-0.6509395396691975,-0.8805042030274619,-0.8256406933419731,-1.135398082996288,0.03559087532950467,0.1181434599156117,-0.03368263473053901,0.0,0.04988488104374533,0.08547008547008561,0.07025884838880092,0.02741514360313313,0.05297795327410326,0.003225806451612856,0.0,-0.2303893085415456
2014-03-30,0.03452946505278032,0.09317782803512742,0.027269256111354778,0.13330007419550483,0.04995836498325623,0.44968814933892354,2.526329748438515,2.526329748438515,2.5588235294117645,2.5588235294117645,0.339469701954076,1.3592744098712446,2.2952529607056142,-4.567995198734211,-0.12262378446895406,-0.014339622641509453,0.012393493415956858,0.04651162790697683,0.05774853801169599,-0.06102362204724421,-0.014313919052319934,0.03430749682338008,0.014999999999999902,0.029742765273311766,0.016129032258064502,-0.03535925506480431
2014-06-29,0.03561278962723868,0.003033387906948626,0.021321299564258878,-0.13728915226323557,0.06532777819094981,0.15912129906004924,0.3318178228544997,0.3318178228544997,0.3471074380165289,0.3388429752066118,0.8027074553260047,3.9656211361084663,-1.1613647812455359,-1.485702489448896,0.06788271248744415,0.0557427258805514,0.05738332058148421,0.09506172839506166,0.06979958534899788,-0.002096436058700135,-0.011016524787180737,0.03439803439803435,0.02863300492610854,0.07025761124121788,0.031746031746031855,0.1626010957474564
2014-09-28,-0.0050405426756022775,-0.03914765034074141,0.004635891670327741,0.10327316713725843,-0.02432878030811647,-0.34942537583114697,-0.5762678842195322,-0.5762678842195322,-0.5705521472392638,-0.5740740740740742,0.07975346452101606,-0.22747827679767374,-3.942037088808126,-1.3066460976608003,-0.01949274825736036,-0.05062373078038862,-0.04558610709117217,-0.028184892897407,-0.009689922480620172,-0.11134453781512588,-0.15037974683544297,0.03206650831353919,-0.01945525291828798,-0.008023340627279274,-0.03076923076923077,-0.12908835904628324
2014-12-31,-0.04961435362963229,-0.06053166726869241,-0.018147070904741214,-0.1173819117827416,-0.11420083590029484,-0.07793998789186263,-0.5037183639198752,-0.5037183639198752,-0.5142857142857142,-0.5072463768115941,-0.5462531165147524,-0.7963255234961988,0.4786512939089671,2.7569815195071867,-0.07468980452429208,-0.04797555385790686,0.006823351023502733,-0.004640371229698292,-0.10306588388780169,-0.04018912529550844,-0.038140643623361226,0.03222094361334871,-0.06807081807081805,-0.002941176470588336,0.0,0.06441638752898737
2015-03-29,0.07721657325696829,0.1939441680101417,0.10714507484803537,0.05005721374502681,0.009127325398740505,0.393938459718187,2.6234172541121183,2.6234172541121183,2.764705882352941,2.7352941176470584,-0.028413483196058076,0.10592087312414744,-1.8416483693032721,-4.580520864646244,0.2890148674284201,0.00160487883164806,0.02259036144578319,-0.00815850815850827,0.026181818181818084,0.11822660098522175,0.0018587360594797264,0.03455964325529526,-0.06321650835244019,0.01327433628318575,-0.015873015873015928,0.13701282982328733
2015-06-28,0.029330978395576635,-0.003694467632835874,0.029102274240773385,0.0055151945862845775,0.029901833887405305,0.0905271840975046,0.11100817479081271,0.11100817479081271,0.125,0.13385826771653542,1.5142759015455067,5.922974439948683,-0.6361056496204529,-0.6990772542015844,0.06747101967615965,-0.07066175292421084,-0.03755522827687774,-0.07520564042303157,0.04039688164422395,-0.09471365638766516,-0.08472479901051333,0.03340517241379315,0.0006993006993005757,-0.03639010189228531,-0.048387096774193616,-0.009154779646582956
2015-09-27,0.015777379981508632,-0.0171086728316856,0.08362544911350844,0.055606955021635374,-0.15344286844905142,-0.2778799731636622,-0.5318801907874988,-0.5318801907874988,-0.5208333333333334,-0.5208333333333334,-0.07337835007421845,0.0027559794061815523,1.5178527714635424,0.5341449495910215,0.09696780724908005,-0.040344827586206944,0.05049732211170621,-0.029224904701397825,-0.09128065395095364,-0.07785888077858882,0.00540540540540535,0.03232533889468203,-0.16666666666666674,-0.015105740181268867,0.0,-0.06886549204984949
2015-12-31,-0.06899193947421245,-0.1371060179058201,-0.002492937675946272,0.033636061516970406,-0.2812933527055995,-0.10383473884760486,-0.6993451944109956,-0.6993451944109956,-0.6666666666666666,-0.681159420289855,-0.8055074407942744,-0.9713692031758292,-5.947436039889997,-6.34279809878074,-0.47228315433662094,-0.08282429033417171,0.05790240349599407,-0.05235602094240821,-0.2503748125937031,0.01055408970976246,-0.08266129032258063,0.031313131313131404,-0.22809224318658272,-0.03757668711656437,-0.016949152542372947,-0.1651667243567555
2016-03-27,0.047692526808930324,0.12768675275924557,0.051933671699965434,-0.05978831480888103,0.028899999673851706,0.4822260901972244,4.936320978291781,4.936320978291781,4.956521739130435,5.1818181818181825,-0.4804133348492313,5.844008606421714,-1.0144509279053804,-0.9563762386960524,-0.039041330141274866,-0.1543584720861899,0.08330464716006891,-0.0303867403314918,0.04499999999999993,0.1279373368146215,-0.126007326007326,0.03428011753183147,-0.017925040738729137,-0.03824701195219127,0.0,0.19936424573284506
2016-06-26,-0.011390403844369956,-0.029548839539155103,-0.02885391244699176,-0.029072189168031337,0.06772276286176182,0.06349201813976024,0.11953419112216501,0.11953419112216501,0.13138686131386845,0.13970588235294112,9.093579052296322,-0.5978138640678089,-21.6,-7.05252518087672,0.24589885203879458,0.10030113504748672,0.0908802033682874,-0.021367521367521403,0.08133971291866038,0.0532407407407407,0.07292539815590948,0.03314393939393945,0.08019911504424782,-0.03231151615575811,0.01724137931034475,-0.0004609356994700331
2016-09-25,-0.01316275689862434,-0.058884741171418176,-0.012918146564493527,0.01629279594964439,-0.014170658488565357,-0.3150132960645906,-0.5932511027668126,-0.5932511027668126,-0.5870967741935484,-0.5870967741935484,0.13575521667602053,6.90505682159822,0.3473832617398398,-1.435880157274533,-0.08602819572784992,0.04168421052631577,0.03378968831925433,-0.024745269286753913,-0.0026548672566372167,-0.03736263736263734,0.011718749999999778,0.03208065994500453,-0.0010240655401946297,-0.02996575342465757,0.0,-0.07401429559603401
2016-12-31,-0.031529462822307286,-0.060573174750825354,-0.030386899627706465,0.12094378877451484,-0.03624330444978041,-0.12881340243627892,-0.586384955946171,-0.586384955946171,-0.59375,-0.609375,-0.4771578663850238,-0.9474096555081426,-0.13609846403661952,-0.5926652864786385,-0.03834064715975527,0.12065481002425238,-0.003099464637926097,0.010447761194029681,-0.03371783496007086,0.12328767123287676,0.13590733590733595,0.031083481349911235,-0.005125576627370565,0.018534863195057483,0.0,-0.1619148406374502
2017-03-26,0.03959610686899406,0.09965821209532688,0.03994488387948825,-0.10683541526786144,0.038148423202673865,0.35236088600756355,2.9502532906589796,2.9502532906589796,3.0769230769230766,3.2,-0.3512392000973512,5.324341914955164,-1.0000445598499548,-3.630891089108911,0.10489168193014597,0.06546438232642005,-0.10429621254946297,-0.08862629246676512,0.045913682277318735,0.10365853658536572,0.05710401087695449,0.031869078380706295,-0.0010303967027305294,-0.05285961871750444,-0.05084745762711851,0.23115204634925335
2017-06-25,0.020027125455474692,0.0015767168799789566,0.018478494038568938,0.312124937273613,0.02646621942611871,0.17526559125180108,0.389002462855947,0.389002462855947,0.39622641509433953,0.4095238095238094,1.9206697553442251,2.491841331915429,-1657.2727272727273,0.8663254553665514,0.1771775634155055,-0.030467163168584888,-0.03723572104764916,-0.037277147487844386,0.052677787532923626,-0.07366482504604044,0.05530546623794219,0.03005008347245397,0.006188757091284192,-0.018298261665141702,-0.017857142857142905,-0.23668174962292599
2017-09-24,-0.038083592786303244,-0.10753894004667575,-0.024884488777251357,-0.041257782596137216,-0.09253741263543003,-0.34782731851737714,-0.7365094817029594,-0.7365094817029594,-0.7297297297297297,-0.7297297297297297,-0.3106679311282322,-0.4722011186356313,25.48520775015094,-3.0523605957950206,-0.3089017841606675,-0.1089385474860336,-0.059652572926909175,-0.07407407407407407,-0.08006672226855716,-0.1530815109343937,-0.09079829372333947,0.02998379254457051,-0.056381342901076326,-0.054986020503261956,-0.018181818181818188,-0.06907998735377818
2017-12-31,-0.011467375417548054,0.025500628012360638,-0.012530342138936557,-0.018089132684834475,-0.006755097424629208,0.0675237470628347,-0.8781099268424988,-0.8781099268424988,-0.875,-0.875,-0.8261342144735984,-0.9474608344966651,-0.9149054781631968,-1.0143674961191058,0.006421873307433046,-0.0515282131661442,-0.06029975601254789,-0.07090909090909092,-0.0072529465095194645,0.030516431924882514,0.020107238605898248,0.028324154209284025,0.004345464421509959,-0.08875739644970426,0.0185185185185186,0.04440482255051803
2018-04-01,0.03057846482868376,0.08634086896890447,0.018856982220967433,0.20167787041229568,0.08223927316775081,0.2548505689511509,20.0203271590089,20.0203271590089,19.8,19.599999999999998,2.4221769728146323,1.5568020784128485,1.4093421981929324,15.650786414406202,0.1916101471809588,0.010328444536252812,-0.02262611275964388,-0.021526418786692703,0.09497716894977182,0.018223234624145768,0.07818659658344274,0.028309104820198883,0.05029745808545161,-0.029220779220779147,0.0181818181818183,-0.0960084545971871
2018-07-01,0.02611509025289016,0.00551306895435566,0.012415850325876221,-0.1746142331314855,0.0829565284483722,0.1109523831139061,0.38666651407906705,0.38666651407906705,0.39423076923076916,0.40776699029126195,1.8407204818522502,14.994734654288486,-1.248539371272617,1.8806932522896216,0.2568498041518108,-0.1196074422408504,-0.046299810246679285,-0.03400000000000003,0.08256880733944949,-0.19686800894854584,-0.11334552102376594,0.027529761904762085,0.05561277033985568,-0.02341137123745829,-0.017857142857142905,0.2182553956834532
2018-09-30,-0.004003594910004904,-0.036282526829774064,-0.004015506716205763,0.2053968428284294,-0.003957389362885255,-0.23205035188063672,-0.5301809868860847,-0.5301809868860847,-0.5241379310344828,-0.5310344827586206,-0.2895078684096901,-0.2835444207656901,-8.962502033512283,-1.2835771244998242,-0.057951816238589915,0.006270320483046765,0.05252686032630316,0.08074534161490687,0.018489984591679498,-0.0696378830083565,0.016494845360824684,0.02679217958001434,0.0,0.06164383561643838,0.0181818181818183,-0.20048719273639926
2018-12-31,0.015410042080009179,0.09658590453796068,0.06477046347978899,-0.047198829179615265,-0.17604641398030263,-0.1290651372039624,-0.9956523648500285,-0.9956523648500285,-0.9855072463768116,-0.9852941176470589,-0.7844146306142292,-0.8137680867357221,-2.304312960333432,-5.855493363721679,0.2986945508865364,-0.10477729056081231,-0.005671077504725952,-0.03065134099616862,-0.15885022692889572,-0.12275449101796398,-0.1832319134550371,0.02609308885754591,-0.188780487804878,0.0,-0.0357142857142857,0.15086326285661533
2019-03-31,-0.007974280832398262,-0.024609750778357697,-0.01222632529270229,-0.0020947298198799036,0.013338602180784198,0.208155955952811,257.47474747474746,257.47474747474746,79.0,79.0,-0.6081016241633279,0.6707786867506385,-2.6278092582657493,-2.5897762453535447,-0.3656421760542584,-0.0649651972157772,-0.06539923954372628,-0.09486166007905139,0.01618705035971235,0.11262798634812277,-0.052980132450331174,0.02542955326460472,0.021647624774503882,-0.062365591397849474,-0.01851851851851849,-0.022543120738066635
