Quarter end,Assets,Current Assets,Liabilities,Current Liabilities,Shareholders equity,Revenue,Earnings,Earnings available for common stockholders,EPS basic,EPS diluted,Cash from operating activities,Cash from investing activities,Cash from financing activities,Cash change during period,Cash at end of period,Price,ROE,ROA,Book value of equity per share,P/B ratio,P/E ratio,Cumulative dividends per share,Equity to assets ratio,Net margin,Asset turnover,Current ratio
1993-12-31,0.0019392372333548735,0.005911977227939458,-0.013982699371963503,-0.016050444253367768,0.05815899581589967,0.06731413261888819,0.15976331360946738,0.15976331360946738,0.1499999999999999,0.1730769230769229,2.6666666666666665,-0.4772727272727273,4.406779661016949,0.5185185185185186,-0.09080717488789236,-0.0005330490405117683,-0.021974063400576394,0.00983146067415741,0.05463182897862251,-0.10337078651685394,0.0907095830285296,inf,0.05618486633439046,0.0050675675675675436,0.008547008547008517,0.022307104660045818
1994-03-31,0.0019392372333548735,0.005911977227939458,-0.013982699371963503,-0.016050444253367768,0.05815899581589967,0.06731413261888819,0.15976331360946738,0.15976331360946738,0.1499999999999999,0.1730769230769229,2.6666666666666665,-0.4772727272727273,4.406779661016949,0.5185185185185186,-0.09080717488789236,-0.0005330490405117683,-0.021974063400576394,0.00983146067415741,0.05463182897862251,-0.10337078651685394,0.0907095830285296,inf,0.05618486633439046,0.0050675675675675436,0.008547008547008517,0.022307104660045818
1994-06-30,-0.005714285714285672,-0.014148889856334335,-0.019228458118014657,-0.05388872706087966,0.03875049426650845,0.06731413261888819,0.15976331360946738,0.15976331360946738,0.1499999999999999,0.1730769230769229,2.6666666666666665,-0.4772727272727273,4.406779661016949,0.5185185185185186,-0.15166461159062883,-0.05600000000000005,-0.021974063400576394,0.00983146067415741,0.04504504504504481,-0.10337078651685394,0.0907095830285296,1.2857142857142856,0.044616044616044626,0.0050675675675675436,0.008547008547008517,0.0419967120011957
1994-09-30,0.010752688172043001,0.022742327224552827,-0.006739370175223636,-0.006157635467980316,0.06509326227636092,-0.02416065265139633,-0.0357142857142857,-0.0357142857142857,-0.02898550724637672,0.1730769230769229,0.17355371900826455,0.13043478260869557,-0.5924764890282131,-1.8292682926829267,0.1482558139534884,0.02259887005649719,-0.021974063400576394,0.00983146067415741,0.06465517241379337,-0.022556390977443663,0.0907095830285296,0.5,0.05379876796714589,0.0050675675675675436,0.008547008547008517,0.029044750430292643
1994-12-31,0.038242846661775465,-0.010146804835924006,0.02874414014310389,0.05049566294919461,0.06576125804145816,0.13633440514469464,0.08465608465608465,0.08465608465608465,0.07462686567164178,0.1730769230769229,0.5880281690140845,12.192307692307692,-0.6384615384615384,-3.764705882352941,-0.3569620253164557,-0.08342541436464102,-0.021974063400576394,0.00983146067415741,0.06680161943319818,-0.13846153846153852,0.0907095830285296,0.3750000000000002,0.026500389711613614,0.0050675675675675436,0.008547008547008517,-0.05770436964248382
1995-03-31,0.03497924211642078,0.06935659760087232,0.020985729703801415,0.07785314066646998,0.07411133467471487,-0.03254102999434072,-0.034146341463414664,-0.034146341463414664,-0.02777777777777779,0.1730769230769229,-0.7782705099778271,-0.8629737609329446,-0.9574468085106383,-1.0141843971631206,0.007874015748031482,0.10427968655816766,-0.021974063400576394,0.00983146067415741,0.06831119544592035,0.03571428571428581,0.0907095830285296,0.2727272727272727,0.03796507213363687,0.0050675675675675436,0.008547008547008517,-0.007839656830116226
1995-06-30,0.02799351369804559,0.02427085457882927,0.021846370683580085,0.0478796169630642,0.044333437402435116,0.06171395144779179,0.1464646464646464,0.1464646464646464,0.14285714285714302,0.1730769230769229,1.29,2.382978723404255,-77.0,14.75,0.123046875,0.13100436681222694,-0.021362799263351828,0.00983146067415741,0.04973357015985802,0.05747126436781613,0.0907095830285296,0.23809523809523814,0.01572787125091457,0.005042016806722671,0.008474576271186418,-0.022586656727543786
1995-09-30,0.001328352013283629,-0.007367582636399805,-0.008735632183908049,-0.052219321148825104,0.027503736920777344,-0.03608815426997247,-0.04405286343612336,-0.04405286343612336,-0.03749999999999998,0.1730769230769229,-0.41484716157205237,-0.39308176100628933,-0.8092105263157895,-1.4761904761904763,-0.05217391304347829,0.08928571428571441,-0.01656003010914575,0.00983146067415741,0.02876480541455151,0.0380434782608694,0.04761904761904745,0.1923076923076923,0.026287360460929055,0.0050167224080268635,0.0,0.04736119585112886
1995-12-31,0.0334963933338861,-0.01905717151454367,0.028872912801484185,0.04793388429752077,0.045097468722723244,0.08545298656759082,0.07373271889400912,0.07373271889400912,0.06493506493506485,0.1730769230769229,4.619402985074627,1.5854922279792745,-9.931034482758621,-0.8333333333333334,-0.00917431192660545,0.008418254319893625,-0.013394565633371602,0.008344923504867818,0.044407894736842035,-0.020942408376963262,-0.025608194622279035,0.16129032258064502,0.011228070175438809,0.014975041597337757,0.0,-0.06393359062113146
1996-03-31,0.012595266746891376,0.04723926380368093,0.006536684323227737,0.04600420609884326,0.02756124721603559,-0.00526592943654558,-0.03433476394849788,-0.03433476394849788,-0.024390243902438935,0.1730769230769229,-0.9256308100929614,-0.779559118236473,-1.2779922779922779,-4.6,0.03333333333333344,0.1687170474516695,-0.00504266873545367,0.011034482758620845,0.02834645669291347,0.1203208556149733,0.13140604467805517,0.15277777777777768,0.014573213046495503,0.004918032786885185,0.008403361344537785,0.001166861143523823
1996-06-30,0.02638250673427356,0.22300331966412812,0.019818609338259963,0.045488816285498945,0.04226496884313202,-0.11408152461619903,0.2088888888888889,0.2088888888888889,0.19999999999999996,0.1730769230769229,2.392857142857143,-9.818181818181818,-1.0555555555555556,63.22222222222223,2.07168458781362,0.07744360902255631,0.013645224171539905,0.03137789904502042,0.041347626339969246,0.04773269689737458,0.04355400696864109,0.1325301204819278,0.015731874145006763,0.07177814029363772,-0.04166666666666674,0.16977466977466982
1996-09-30,-0.0017753763025858404,-0.018361807440523736,-0.022288098375054854,-0.059615384615384626,0.046789706264621866,0.0002987750224081598,-0.06985294117647056,-0.06985294117647056,-0.06249999999999989,0.1730769230769229,0.41052631578947363,-1.002061855670103,43.75,-0.9247404844290658,0.05075845974329063,0.03907885554780188,-0.002307692307692233,0.01984126984126977,0.04705882352941182,-0.002277904328018221,-0.010573177518085619,0.1276595744680853,0.048484848484848575,0.048706240487062624,-0.02608695652173898,0.04390567917635346
1996-12-31,-0.007964738632848745,-0.0502602472348731,-0.028747894441325084,-0.05521472392638038,0.0379935435808294,0.04480286738351258,0.06719367588932812,0.06719367588932812,0.05555555555555558,0.1730769230769229,1.544776119402985,291.5,1.4189944134078214,-4.862068965517242,-0.1865630205441421,0.14372061786433843,-0.0011565150346954933,0.03112840466926059,0.037921348314606584,0.091324200913242,0.10067491563554554,0.10377358490566024,0.046242774566473965,0.05950653120464433,-0.0267857142857143,0.0052176126240772724
1997-03-31,-0.008652272195806332,-0.007535536907004592,-0.01399005665394848,-0.037878787878787845,0.0023923444976077235,-0.048885077186964,-0.040740740740740744,-0.040740740740740744,-0.03157894736842093,0.1730769230769229,-0.8621700879765396,-0.6051282051282052,-0.8545034642032332,-0.40476190476190477,-0.13651877133105805,0.04961832061068705,0.0015438054805094747,0.03144654088050314,0.0013531799729364913,0.012552301255229992,0.012263668880940104,0.11111111111111116,0.011356660527931384,0.06849315068493156,-0.03669724770642202,0.03152297759210021
1997-06-30,0.015253970750118029,-0.02709232096635028,0.0037523452157599557,0.010686164229471329,0.0386634844868734,0.0754433423504659,0.1776061776061777,0.1776061776061777,-0.4130434782608695,0.1730769230769229,2.9361702127659575,1.432900432900433,0.15873015873015883,0.32499999999999996,-0.20948616600790515,0.06825174825174818,0.00038535645472048685,0.03170731707317054,0.03918918918918912,0.06611570247933884,0.03382130237253911,0.04615384615384621,0.02306525037936269,0.012820512820512775,0.01904761904761898,-0.037371134020618535
1997-09-30,0.012546468401487099,-0.07272082298687477,0.011098130841121545,0.07345575959933215,0.015395220588235281,0.022079373951928494,-0.042622950819672156,-0.042622950819672156,-0.03703703703703709,0.1730769230769229,-0.18648648648648647,0.10142348754448394,1.6986301369863015,0.9433962264150944,-0.515,0.15553809897879045,0.01232665639445285,0.03309692671394804,0.01820546163849146,0.11240310077519378,0.3017578125,0.09558823529411753,0.002669830910708937,0.013924050632911467,0.01869158878504673,-0.13616370242876263
1997-12-31,0.04841670491050931,0.06599081866870704,0.07694974003466215,0.1498185588387766,-0.007467752885268131,0.0691823899371069,0.07534246575342474,0.07534246575342474,0.05769230769230771,0.1730769230769229,0.7973421926910298,-1.2084006462035541,1.7614213197969542,-1.2446601941747573,0.25979381443298966,-0.14389304328121466,0.026636225266362334,0.021739130434782705,-0.010217113665389577,-0.1585365853658537,-0.17854463615903982,0.08724832214765099,-0.053254437869822424,0.008739076154806291,0.00917431192660545,-0.07290974835805475
1998-03-31,-0.007222586999343417,-0.03660506011125064,-0.05192575903872976,-0.15802524797114514,0.08777929776561777,-0.06751918158567771,-0.04458598726114649,-0.04458598726114649,-0.036363636363636376,0.1730769230769229,-0.8410351201478743,2.0232558139534884,0.11029411764705888,-2.015873015873016,-0.20949263502454996,0.038115404976177825,0.001482579688658392,0.017917133258678497,0.08903225806451598,0.04761904761904745,-0.005022831050228271,0.09259259259259256,0.09562500000000007,0.013613861386138737,0.009090909090909038,0.14423306535063274
1998-06-30,0.0212375073486184,-0.010616502141925888,0.026819056240805716,0.048995983935743004,0.01089918256130784,0.06116291826659359,0.16666666666666674,0.16666666666666674,0.16981132075471694,0.1730769230769229,3.7906976744186043,-1.8333333333333335,-0.8956953642384106,-1.1875,0.049689440993788914,0.11142274349821535,0.010732790525536773,0.017601760176017667,0.017772511848341166,0.01976284584980248,0.075722808627811,0.0847457627118644,-0.00998288648031942,0.017094017094017033,0.0,-0.05683478260869568
1998-09-30,0.009138663020795912,-0.0007530120481927804,-0.009036808463742552,0.021949974476773937,0.04333402446610002,-0.03308348410441975,-0.06000000000000005,-0.06000000000000005,-0.048387096774193616,-0.049180327868852514,-0.22330097087378642,-0.7446153846153847,1.8253968253968256,1.4583333333333335,0.11637080867850091,-0.09015829318651081,-0.004027828634199926,0.011891891891891992,0.04540162980209561,-0.10465116279069764,-0.23080204778156999,0.078125,0.033707865168539186,0.02400960384153672,-0.009009009009009028,-0.022200914589172283
1998-12-31,0.10952652595550494,0.05369253956292397,0.14134786476868322,0.2949550449550449,0.052662957074721684,0.03501737503341351,0.06990881458966558,0.06990881458966558,0.06779661016949157,0.051724137931034475,0.1781250000000001,11.783132530120483,-5.662921348314606,1.4745762711864407,0.25795053003533575,-0.016641452344931862,-0.01764705882352946,-0.0032051282051283048,0.059020044543429684,-0.06060606060606066,-0.042706600110926196,0.07246376811594213,-0.05128205128205132,0.03165298944900341,-0.036363636363636376,-0.18631666289507431
1999-03-31,-0.011568123393316143,-0.01358841408903988,-0.01753873136509787,-0.019479267116682686,0.0,-0.07128099173553715,-0.048295454545454586,-0.048295454545454586,-0.04761904761904767,-0.032786885245901676,0.05835543766578244,-0.9773798303487277,-1.3518072289156626,-0.43150684931506844,0.1165730337078652,0.137948717948718,0.0,-0.005359056806002127,0.007360672975814886,0.07603686635944706,0.10834298957126287,0.07657657657657646,0.011750881316098694,0.02954545454545454,-0.037735849056603765,0.006025771762306453
1999-06-30,-0.0839401820546164,-0.024288562624614873,-0.1011603689378161,-0.19512195121951215,-0.051161034547857254,0.061735261401557384,0.19402985074626855,0.19402985074626855,0.19999999999999996,0.20338983050847448,-0.1278195488721805,-49.25,4.660958904109589,-2.7710843373493974,-0.18490566037735845,0.32807570977917977,0.02657185628742509,0.03340517241379315,-0.04697286012526092,0.31691648822269824,0.2890747516989023,0.07112970711297062,0.03571428571428581,0.039735099337748325,0.0,0.2122189458164394
1999-09-30,0.06132443750443617,0.08991268809214192,0.05152819154805255,0.16911045943304015,0.07898925586947869,0.005238344683080154,-0.03500000000000003,-0.03500000000000003,-0.02777777777777779,-0.028169014084507116,-0.11494252873563215,-1.3411053540587219,-1.2540834845735027,-3.2653061224489797,0.5138888888888888,0.06090939938920936,0.020780167699599117,0.023983315954118734,0.0744797371303394,0.11382113821138207,0.018248175182481674,0.06640625,0.016820857863750982,0.03397027600849256,-0.009803921568627416,-0.06773090079817556
1999-12-31,0.573396642814151,0.776376342253281,0.5664218258132214,0.7290969899665551,0.5856536972155633,2.2524752475247523,0.08808290155440424,0.08808290155440424,-0.8857142857142857,-0.9130434782608696,3.2824675324675328,1.6075949367088609,-0.011904761904761862,1.114114114114114,1.0295616717635068,-0.07148568687030221,-0.09571428571428586,-0.07637474541751521,0.10193679918450571,-0.1357664233576642,-0.11071286340103548,0.06227106227106227,0.007719878687620474,-0.3336755646817249,0.38613861386138604,0.027315720808871458
2000-03-31,0.05568070727249541,-0.0644789867587795,0.06457663451232576,0.005077369439071555,0.040237236888010175,-0.5158215172634784,0.2047619047619047,0.2047619047619047,7.0,9.5,-0.7065959059893858,1.3427184466019417,1.4939759036144578,-2.4076704545454546,-0.4977398292315419,-0.13176024801929043,-0.033965244865718724,-0.024255788313120252,0.03700277520814055,-0.21283783783783783,0.10120913569189449,0.06551724137931036,-0.014774281805745582,0.007704160246533087,-0.03571428571428559,-0.06921184220969911
2000-06-30,0.003985988645971661,0.01035897435897426,-0.025673294739491537,-0.038369016117392296,0.05667970933482391,0.04384513567174064,0.2193675889328064,0.2193675889328064,0.203125,0.20634920634920628,0.1653746770025839,-0.9714048901782014,-1.4086956521739131,-0.958627648839556,-0.041000000000000036,-0.09482245586193205,-0.02698282910874905,-0.012429378531073287,0.05263157894736836,-0.12660944206008584,-0.1122407482716552,0.058252427184465994,0.05276312135517913,0.02905198776758411,-0.03703703703703709,0.05065234075211045
2000-09-30,0.03934071222329161,0.13551923662572318,0.07084732627228107,0.034271419637273315,-0.01227253491324587,-0.014740846409890596,-0.5429497568881685,-0.5429497568881685,-0.5454545454545454,-0.5394736842105263,0.14190687361419063,0.10144927536231885,-2.5768321513002364,-27.975609756097562,1.1532846715328469,-0.17817225509533208,-0.15588235294117647,-0.1578947368421053,-0.007627118644067732,-0.21867321867321865,-0.19743472285845165,0.05810397553516822,-0.04985491954629373,-0.1263001485884101,-0.03846153846153855,0.09796282769255749
2000-12-31,-0.02862985685071573,-0.046933667083854824,-0.06712502261624753,-0.12758495585923324,0.039738646101113995,0.03828828828828823,-0.099290780141844,-0.099290780141844,-0.11428571428571421,-0.11428571428571421,0.2349514563106796,1.0526315789473686,-3.022488755622189,-1.7857142857142856,-0.4208232445520581,0.18746666666666667,-0.11796913887506222,-0.10597826086956519,0.026473099914602782,0.19496855345911945,0.4121004566210045,0.054913294797687806,0.07051637978900605,0.12755102040816335,-0.20799999999999996,0.09240094618568895
2001-03-31,-0.015372393247269134,-0.03470593752931239,-0.017584690974915995,-0.01885223177155526,-0.011847120634593589,-0.07902076231794242,-0.8385826771653544,-0.8385826771653544,-0.8387096774193548,-0.8387096774193548,-0.6116352201257862,0.4935897435897436,-0.899184581171238,-0.859608745684695,-0.10200668896321075,-0.04176959353245002,-0.29232505643340845,-0.27963525835866265,-0.014143094841930104,-0.06578947368421051,-0.15885206143896524,0.05205479452054784,0.0036307053941908585,-0.277526395173454,0.0,-0.016172689132494256
2001-06-30,0.005930288849443244,0.002429307161597505,0.014411687286127961,0.08024865781294155,-0.007506255212677226,0.02052489905787347,0.2195121951219512,0.2195121951219512,0.19999999999999996,0.19999999999999996,1.145748987854251,-0.06866952789699576,0.15441176470588225,-2.278688524590164,0.14525139664804465,0.03585657370517925,-0.47607655502392354,-0.47468354430379744,-0.010126582278480956,0.05070422535211283,0.44497837578087474,0.04947916666666674,-0.013436692506460068,-0.4697286012526096,-0.010101010101010055,-0.0720132058601004
2001-09-30,0.01592139562863437,0.014831329972857743,0.043139798897178006,0.07821082919173428,-0.02815126050420169,-0.045664358720738596,-7.16,-7.16,-7.333333333333334,-7.333333333333334,0.09433962264150941,0.05990783410138256,0.6305732484076434,-0.39743589743589747,0.07642276422764227,-0.2925339366515838,-0.9406392694063926,-0.9397590361445783,-0.02983802216538789,-0.2841823056300268,0.35051546391752564,0.04466501240694787,-0.04347826086956508,-0.9409448818897638,-0.010204081632653073,-0.05877557070856798
2001-12-31,-0.04366019264171794,-0.054924061514948885,-0.06368159203980095,-0.24551188743328478,-0.008862948551664473,0.011055449991362876,-1.3831168831168832,-1.3831168831168832,-1.3947368421052633,-1.3947368421052633,0.10172413793103452,-0.017391304347826098,0.34375,-0.26595744680851063,0.05211480362537757,-0.03837543971858004,-3.717948717948718,-3.6666666666666665,-0.011423550087873546,-0.011235955056179692,17.51145038167939,0.04750593824228022,0.03641840087623205,0.0,-0.020618556701030966,0.25261831640286636
2002-03-31,-0.0013621728721208148,-0.01586820295128366,-0.022980871413390003,-0.03488745980707397,0.034133042529989055,-0.11173757047667865,2.1864406779661016,2.1864406779661016,2.066666666666667,2.066666666666667,-0.3661971830985915,-0.7699115044247787,-0.5523255813953488,1.8840579710144927,0.1428571428571428,0.15530428999002344,-3.3773584905660377,-3.4,0.03111111111111109,0.17045454545454541,0.0,0.04081632653061207,0.03566710700132103,5.866666666666666,-0.021052631578947323,0.019676871817438712
2002-06-30,0.024469887984127636,0.052377529013043045,0.00027192386131891233,-0.0033316674995835793,0.06200569440050607,0.08693979611463742,0.2207446808510638,0.2207446808510638,0.21739130434782616,0.21739130434782616,0.7827160493827161,0.0,0.8571428571428572,0.9296482412060301,0.2412060301507537,0.08808290155440401,1.6944444444444446,1.729166666666667,0.059482758620689635,0.055016181229773364,-0.8266178915862986,0.04139433551198257,0.03647959183673466,1.7864077669902914,-0.021505376344086002,0.05591861898890249
2002-09-30,-0.00960258220698007,-0.02644676490680198,-0.03663177925784966,-0.10312552231322081,0.0298877966438289,-0.014510706069722157,-0.10239651416122009,-0.10239651416122009,-0.1071428571428572,-0.1071428571428572,-0.3088642659279779,0.32692307692307687,0.4125874125874125,-0.9322916666666666,0.013157894736842035,-0.23068783068783072,1.0574374079528717,1.1335877862595418,0.02766476810414975,-0.273006134969325,-0.7175847782722111,0.039748953974895196,0.039872015751907464,1.1358885017421603,0.0,0.08547906813802775
2002-12-31,0.12270338534240444,0.021952686447473946,0.3145679012345679,0.22512113306000736,-0.13951021982259926,0.05135571915963366,-4.560679611650485,-4.560679611650485,-4.5,-4.5,0.5110220440881763,9.101449275362318,-0.905940594059406,-0.2692307692307693,0.009490509490509558,-0.20426409903713882,-1.1624910522548317,-1.1556350626118068,-0.17418844022169444,-0.22784810126582278,-0.6234718826405868,0.03822937625754541,-0.23337278106508863,0.0,-0.03296703296703296,-0.16583292991232323
2003-03-31,0.014586886316629855,0.06130456105934279,0.005527530320918794,0.04791603285670831,0.033501400560224104,-0.0778821520068318,-1.1731424676209952,-1.1731424676209952,-1.1714285714285715,-1.1714285714285715,-0.3726790450928382,-0.7202295552367288,-0.7631578947368421,13.157894736842104,0.1331024245423058,0.002160760587726962,0.5594713656387664,0.49425287356321834,0.030680728667305868,0.21311475409836067,0.0,0.03682170542635643,0.01852423587527019,0.0,-0.022727272727272707,0.01276760381738451
2003-06-30,0.020457065197954316,0.027356746765249573,0.0030421091957091306,-0.03483814777181016,0.0558326105810929,0.064826819781441,0.2559055118110236,0.2559055118110236,0.2333333333333334,0.2333333333333334,0.16913319238900626,-0.42051282051282046,30.88888888888889,-0.43122676579925645,0.1467248908296943,0.09141871496334608,0.423728813559322,0.36923076923076925,0.05302325581395362,0.058558558558558405,0.0,0.033644859813084294,0.03455592603819335,0.0,-0.03488372093023262,0.06443397427734632
2003-09-30,-0.005186976483370187,0.009625764663548031,-0.015590081941045053,-0.008271920589562387,0.014888592257932043,0.003304922595233961,0.07836990595611293,0.07836990595611293,0.08108108108108114,0.08108108108108114,0.21157323688969254,-0.35398230088495575,0.21602787456445993,0.5947712418300655,0.09291698400609283,0.11181351244567383,0.15476190476190488,0.101123595505618,0.013250883392226243,0.05957446808510647,0.0,0.03435804701627476,0.020216818048637508,0.0,-0.02409638554216853,0.018064361765761427
2003-12-31,0.033785450061652345,0.026730820636193586,0.006161829090319371,0.02866242038216571,0.08549170376365844,0.07264216366158105,0.18313953488372103,0.18313953488372103,0.17499999999999982,0.17499999999999982,-0.24925373134328355,3.095890410958904,-0.2836676217765043,-0.6721311475409837,0.027874564459930307,0.06574271499644624,-3.2989690721649483,-3.36734693877551,0.08892763731473408,0.04819277108433728,0.0,0.03321678321678334,0.04997128087306146,-0.06525285481239806,0.0,-0.0018801410105757643
2004-03-31,0.0109732824427482,0.04512713703028726,0.015793714746172416,0.0645731977001327,0.0026097492776586684,-0.001454663003070955,-0.27518427518427513,-0.27518427518427513,-0.276595744680851,-0.276595744680851,-0.33001988071570576,-0.7324414715719063,-0.9359999999999999,2.125,0.0847457627118644,0.15338446148716267,-0.007473841554559102,0.015086206896551824,0.0024019215372297342,0.06130268199233724,0.6204906204906206,0.032148900169204575,-0.00820568927789933,-0.0017452006980802626,0.012345679012345512,-0.018248175182481785
2004-06-30,-0.003876491606552901,-0.002158930499045142,-0.012903908191866265,-0.023265475695886995,0.0119921911313563,0.03399158303658134,0.22372881355932206,0.22372881355932206,0.23529411764705865,0.23529411764705865,0.49851632047477734,-3.05,36.8125,-0.872,0.010000000000000009,0.01329864122578761,0.003012048192771122,0.02123142250530763,0.011182108626198062,0.010830324909747224,-0.012466607301869992,0.031147540983606614,0.015995587424158852,0.0034965034965035446,0.024390243902439046,0.021585321981052896
2004-09-30,0.014787993638117225,0.02812682033785463,0.006321993035092399,0.02509570395576355,0.029303692816461613,0.001095804633688191,0.030470914127423754,0.030470914127423754,0.023809523809523725,0.023809523809523725,0.27722772277227725,-2.3658536585365857,-0.5520661157024793,5.28125,0.06219059405940586,0.03680456490727546,-0.011261261261261257,0.006237006237006293,0.02922590837282768,0.025000000000000133,0.004959422903516586,0.02861685214626397,0.014115092290988063,-0.005226480836237002,0.011904761904761862,0.0029933090738349932
2004-12-31,0.035814325730292085,0.037636584378794025,0.054677101634456715,0.20871369294605802,0.004194556001784866,0.0383111806098515,-0.3198924731182796,-0.3198924731182796,-0.3023255813953488,-0.3023255813953488,0.18759689922480627,0.9821428571428572,0.22140221402214033,-0.23880597014925375,0.04456743373143013,-0.05090809025866816,-0.11769172361427493,-0.1198347107438017,0.01534919416730629,-0.0766550522648084,-0.06774338268281732,0.029366306027820865,-0.03051391862955022,-0.12434325744308228,0.0,-0.141553045818948
2005-03-31,0.11583285042817582,0.1632605304212169,0.17258960121150935,0.32177594690468014,0.015908282971916154,-0.028162650602409633,0.4189723320158103,0.4189723320158103,0.3999999999999999,0.3999999999999999,-0.5704960835509139,-1.5157657657657657,-0.9969788519637462,2.3333333333333335,0.14221974344673738,0.06262684836184396,0.03442340791738374,0.009389671361502261,0.012849584278155746,0.04528301886792452,0.1838306063522619,0.03153153153153143,-0.08945334069574828,0.039999999999999813,-0.02352941176470591,-0.11990456714383091
2005-06-30,-0.06035776110790536,-0.1369945684972842,-0.09380515734642048,-0.16266989871006843,0.007610882687428822,0.08879590887959088,-0.14763231197771587,-0.14763231197771587,-0.1428571428571429,-0.1428571428571429,0.7294832826747721,-10.253275109170305,593.0,-5.249019607843137,-0.529052734375,-0.0002728512960435969,-0.05490848585690511,-0.06511627906976736,0.0052238805970148405,-0.014440433212996373,-0.051219512195122,0.02911208151382816,0.07246816252274124,-0.06346153846153846,0.0,0.030594067074587672
2005-09-30,-0.011115205109309745,-0.023387723387723436,-0.0104038004750594,0.003515301902398571,-0.01241534988713322,-0.018075718758895576,0.5359477124183007,0.5359477124183007,0.5277777777777779,0.5277777777777779,0.23901581722319865,-0.9207173194903256,0.707070707070707,-0.7798800184586987,-0.24727838258164847,0.01937772925764203,0.07218309859154926,0.057213930348258835,0.00222717149220486,0.0146520146520146,0.05998286203941716,0.02970297029702973,-0.0014136273678257982,0.05544147843942504,0.0,-0.026754847437246432
2005-12-31,0.002732410109917316,-0.048293420319834524,0.01003312370985543,0.07459303523593652,-0.01063736263736259,0.054500652268444805,0.1063829787234043,0.1063829787234043,0.1272727272727272,0.1090909090909089,0.19007092198581566,-1.2857142857142856,0.09171597633136086,-0.5429769392033543,-0.15013774104683197,-0.047121820615796506,0.1921182266009851,0.18352941176470572,0.0037037037037037646,-0.04693140794223827,-0.1176232821341956,0.028846153846153744,-0.013306908267270767,0.16342412451361854,0.012048192771084265,-0.11436293436293432
2006-03-31,-0.0027249643896699594,0.018057181073399153,0.012024714828897443,-0.05033557046979864,-0.030300337657721665,-0.0046735395189003714,-0.16153846153846152,-0.16153846153846152,-0.16129032258064513,-0.14754098360655732,-0.7151370679380215,5.958333333333333,-0.6711833785004517,-1.9541284403669725,0.16855753646677463,0.10536667603259331,0.059228650137741035,0.0656063618290259,-0.0273062730627307,0.0984848484848484,-0.07100320659642678,0.030707610146862407,-0.02783357245337159,0.018394648829431537,0.04761904761904767,0.07202022844188694
2006-06-30,0.009252934235856713,0.0028740351453440116,0.01094256328370835,0.030691569914184758,0.005956199028681386,0.09073332412650181,0.19495412844036708,0.19495412844036708,0.21153846153846145,0.21153846153846145,2.912133891213389,-2.775449101796407,0.03571428571428581,-1.0865384615384615,-0.012482662968099856,0.03940010167768171,0.13719115734720422,0.125,0.017450682852807375,0.06896551724137945,-0.01183431952662728,0.02849740932642497,-0.0032467532467531646,0.090311986863711,0.03409090909090917,-0.027002846685644677
2006-09-30,0.00615308885060295,0.026365348399246757,-0.006643129239059742,-0.012048192771084376,0.031244306795408905,0.006837173968093246,0.03838771593090207,0.03838771593090207,0.04761904761904767,0.04761904761904767,-0.1486631016042781,-0.7082630691399663,0.6949602122015914,-0.5,-0.006320224719101097,-0.051357300073367584,0.037735849056603765,0.031509121061359835,0.034302759134973826,-0.06774193548387097,-0.16217564870259482,0.02896725440806036,0.02517026946994383,0.001506024096385561,0.03296703296703285,0.03886984870015886
2006-12-31,-0.05390777886497067,-0.01842840047865979,-0.007576111864565305,0.004858219313900403,-0.14141860259694372,0.04074446680080479,0.0813308687615526,0.0813308687615526,0.10606060606060597,0.07575757575757569,0.5590452261306533,0.052023121387283267,0.9859154929577465,20.22222222222222,-0.13498233215547706,0.11910286156225824,0.06942148760330569,0.043408360128617485,-0.12400865176640219,0.08304498269896188,0.06849315068493156,0.028151774785801775,-0.0927209705372617,-0.0015037593984962294,0.042553191489361764,-0.023173479240424788
2007-03-31,0.008790924663068411,0.031859557867360166,0.039065077046322116,0.02358164775530347,-0.05730452674897124,-0.02839536007733201,-0.10085470085470083,-0.10085470085470083,-0.09589041095890405,-0.07042253521126751,-0.5342465753424658,-0.5,-0.7344365642237982,-1.8062827225130889,0.12581699346405228,0.06473162865699145,0.087583719732097,0.05084745762711851,-0.03292181069958855,0.21405750798722045,0.02229654403567438,0.029761904761904656,-0.0652658389048073,0.018072289156626287,0.030612244897959107,0.008072487644151582
2007-06-30,0.01787716656521332,0.03252993068683052,0.08712018140589572,0.1923076923076923,-0.14875040925461092,0.06180823280686476,0.16159695817490505,0.16159695817490505,0.19696969696969702,0.18181818181818188,0.7006920415224913,0.8241758241758241,0.7002967359050445,0.6558441558441559,0.18505079825834536,0.13608827347468622,0.12837517764092832,0.048387096774193505,-0.11319148936170209,0.1763157894736842,0.07633587786259532,0.028901734104046284,-0.16382833787465945,0.02071005917159785,0.02970297029702973,-0.13400882497140054
2007-09-30,0.03559850177835133,0.04172705774658625,0.028200742563931458,-0.022394696418465476,0.05833333333333335,0.023073319278519522,0.011456628477905184,0.011456628477905184,0.05063291139240489,0.03846153846153855,-0.07426246185147511,2.9036144578313254,-0.7643979057591623,-0.39607843137254906,0.09430496019595846,0.10036183584079228,0.12468513853904306,0.032167832167832255,0.06046065259117084,0.24161073825503365,0.041540020263424626,0.028089887640449396,0.021995926680244526,0.010144927536231751,0.019230769230769162,0.06557841102094719
2007-12-31,0.027445140113063093,0.002123608670181687,-0.002596664908508184,-0.012487595104201166,0.11714112658994558,0.06182026330852897,0.11488673139158578,0.11488673139158578,0.1325301204819278,0.14814814814814814,0.5824175824175823,0.35339506172839497,2.9185185185185185,-0.7272727272727273,0.02350307778399552,-0.005192107995846351,0.059723777528928546,0.021680216802167918,0.12126696832579187,-0.06306306306306297,-0.055447470817120426,0.02732240437158473,0.08728577122359504,0.01434720229555242,0.009433962264151052,0.01487647215088983
2008-03-31,0.03369324064487511,0.07731092436974785,0.029491925314241607,-0.05100075370571977,0.04489264801561488,-0.04097035040431263,-0.06676342525399126,-0.06676342525399126,-0.07446808510638292,-0.08602150537634412,-0.49930555555555556,-0.7844925883694412,-0.6446124763705103,8.642857142857142,0.2214324767632585,-0.004523312456506612,0.033462486791123736,0.018567639257294433,0.04842615012106544,-0.11153846153846159,-0.07363542739443885,0.029787234042553123,0.010997067448680342,0.022630834512022746,-0.009345794392523366,0.13515400052351456
2008-06-30,0.05251259157509147,0.04856542087770466,0.04781096886360037,0.07897987998588074,0.06486093814860938,0.0875772906127037,0.12441679626749602,0.12441679626749602,0.11494252873563227,0.12941176470588234,0.44521497919556174,6.338624338624339,-2.7872340425531914,-1.074074074074074,-0.013428827215756445,-0.026564138413142202,-0.024880708929788553,0.005208333333333481,0.060816012317167045,-0.0714285714285714,-0.08115619788771522,0.02789256198347112,0.0116026105873821,0.011065006915629283,0.0,-0.02820906994619521
2008-09-30,0.00823839691128092,-0.029950190827349732,0.038690700656158095,0.1131103295984297,-0.07046096871649932,-0.04124457308248919,-0.0055325034578146415,-0.0055325034578146415,0.010309278350515427,0.01041666666666674,-0.26199616122840697,-0.9322278298485941,-2.520833333333333,-3.933333333333333,0.03992740471869327,-0.18043087971274696,0.003145753233135151,0.007772020725388407,-0.047169811320754595,-0.22843822843822847,-0.222020568663037,0.028140703517588017,-0.0781362007168458,0.02188782489740082,-0.018867924528301883,-0.1285296211342245
2008-12-31,-0.04293188069683407,-0.11556415044011736,0.02755591054313089,-0.09706098457016898,-0.2464877332774167,-0.06070080862533689,-0.016689847009735748,-0.016689847009735748,-0.010204081632653073,0.010309278350515427,0.6371911573472042,2.75531914893617,0.9706457925636007,-3.5795454545454546,-0.09904013961605584,-0.3060240963855422,0.06271777003484336,-0.005141388174807138,-0.25514089870525525,-0.27190332326283984,-0.33592534992223955,0.027370478983382185,-0.21267496111975104,0.022757697456492476,-0.028846153846153855,-0.020421129061535592
2009-03-31,-0.031924485770639666,-0.0363417024805851,-0.05416386955446417,-0.10993571486695419,0.04368999582579658,-0.13108356290174472,-0.4384724186704385,-0.4384724186704385,-0.44329896907216493,-0.44897959183673464,-0.7291501191421763,-0.6430594900849859,-0.8510427010923536,-0.9427312775330396,-0.006295399515738542,-0.06470959595959602,-0.031803278688524506,-0.08397932816537457,0.030674846625766916,0.2572614107883815,-0.07728337236533955,0.02854424357754537,0.0780246913580247,-0.05366492146596846,-0.02970297029702973,0.08264615954785515
2009-06-30,0.022702797101027405,0.07331194742195457,-0.007246918192005958,0.00521119034558426,0.12878282895613924,-0.0005284015852047297,0.1335012594458438,0.1335012594458438,0.11111111111111094,0.11111111111111094,2.302052785923754,0.25396825396825395,2.493333333333333,-43.61538461538461,0.269980506822612,0.09821127235909555,-0.058245851676261395,-0.09732016925246834,0.11706349206349209,0.06600660066006614,0.1967005076142132,0.02775208140610541,0.10398534127347703,-0.05117565698478577,-0.05102040816326525,0.06777920410783045
2009-09-30,0.018100577738566104,0.012246683189969465,-0.014975918121613474,0.003547066848567537,0.12105822605409244,0.017710811525244452,0.35111111111111115,0.35111111111111115,0.3333333333333335,0.3333333333333335,0.019538188277087087,2.5822784810126582,0.24809160305343503,-1.0036101083032491,-0.0007674597083653367,0.06760909649661961,-0.04746494066882412,-0.04062500000000002,0.10479573712255763,-0.04334365325077405,0.1919406150583245,0.027002700270027047,0.10082987551867206,-0.001457725947521693,-0.032258064516129115,0.008655926905505984
2009-12-31,0.006457384060604365,0.003600748955782773,0.03331041332416529,0.01024107304694577,-0.06826801517067005,0.048311688311688306,0.14802631578947367,0.14802631578947367,0.13749999999999996,0.125,0.15940766550522656,-0.5,0.2599388379204892,-99.5,0.07565284178187404,0.11111111111111116,-0.05247263118157808,-0.00651465798045614,-0.06993569131832789,0.003236245954692629,0.17615658362989328,0.026292725679228912,-0.07425555974368625,0.017518248175182327,-0.022222222222222254,-0.006595152959872896
2010-03-31,0.0006110432174202263,0.028487370838117032,-0.004731977818853927,-0.004126670853144332,0.016169154228855787,-0.03666997026759167,-0.4469914040114613,-0.4469914040114613,-0.4505494505494506,-0.4444444444444444,-0.4417731029301277,0.3462897526501767,-0.6978155339805825,-0.7461928934010152,0.017850767583005966,0.0639896373056994,-0.0462151394422311,-0.0180327868852459,0.01382886776145198,0.14516129032258052,0.09379727685325268,0.026473099914602782,0.015879478827361515,-0.012912482065997155,-0.011363636363636354,0.03271476563749798
2010-06-30,0.001804252484316926,0.041233517058536284,0.0015229180595794922,-0.03729393748310961,0.002336708579058655,0.049511316872427935,0.21243523316062185,0.21243523316062185,0.21999999999999997,0.19999999999999996,0.4670255720053835,1.916010498687664,0.18473895582329325,-9.0,-0.14030164854437044,0.06598490382274158,-0.006683375104427736,0.0016694490818029983,-0.005115089514066584,0.05070422535211283,0.08160442600276618,0.024958402662229595,0.00040080160320643543,-0.010174418604651292,0.011494252873563315,0.081635814421811
2010-09-30,0.056191294228477906,0.016014473331546597,0.02559062418870295,0.08037802938149152,0.14675843694493773,0.028305354735939314,0.06623931623931623,0.06623931623931623,0.049180327868852514,0.06666666666666665,0.2155963302752293,-0.5607560756075607,1.5661016949152544,-1.4725,0.07711138310893517,-0.05207857469164001,-0.07190916736753572,-0.06500000000000006,0.1345329905741217,-0.04557640750670244,-0.052429667519181655,0.024350649350649345,0.08573717948717952,-0.07048458149779735,0.011363636363636465,-0.05957751521661303
2010-12-31,-0.007476586479183589,-0.01002440150366024,-0.021914439662966023,0.01481032392170456,0.03252662149080354,0.07733555767397515,0.3406813627254508,0.3406813627254508,0.34375,0.34375,-0.21132075471698109,-0.4077868852459017,-0.014531043593130732,-0.9470899470899471,0.0037878787878788955,0.17253012048192762,-0.06026280018124153,-0.026737967914438387,0.027190332326283873,0.03370786516853941,0.2435897435897436,0.023771790808240878,0.04022140221402193,-0.04265402843601884,0.011235955056179803,-0.024518388791593737
2011-03-31,0.028228577470000626,0.06795016987542479,0.0016637704736199854,0.004523342152428,0.09600600037502338,-0.014600154850127223,0.053811659192825045,0.053811659192825045,0.04651162790697683,0.023255813953488413,-1.4239234449760765,-1.055363321799308,-2.0536193029490617,41.6,0.16075471698113208,0.16296752979860263,0.08293153326904523,0.1355311355311355,0.09191176470588225,0.13043478260869557,0.1812262615301139,0.025541795665634748,0.06598084427101814,0.1188118811881187,0.011111111111111072,0.06314885645148705
2011-06-30,0.01922780319777906,0.084523735262928,0.013804813228997403,0.028971962616822333,0.032677502138579895,0.019867549668874274,0.14893617021276606,0.14893617021276606,0.14444444444444438,0.15909090909090917,-3.5688487584650113,-6.625,-1.7582697201017812,0.107981220657277,0.1534460338101431,0.038522707192083505,0.06767586821015148,0.12096774193548399,0.03905723905723901,-0.04807692307692313,-0.09416628387689485,0.02566037735849047,0.01331114808652245,0.11651917404129808,0.01098901098901095,0.05403817914831133
2011-09-30,-0.005170239596469117,-0.019670999654894716,0.007718633947426001,0.061762034514078135,-0.03396288933068259,0.023332599603786086,0.06419753086419755,0.06419753086419755,0.07766990291262132,0.07843137254901977,-0.4191564147627417,-3.077777777777778,-0.3540268456375839,-0.2860169491525424,0.09498308906426156,-0.12897736940615967,0.10258548790658883,0.12517985611510785,-0.02268308489954629,-0.16161616161616166,-0.23630831643002026,0.024282560706401668,-0.02889983579638744,0.10700132100396287,0.010869565217391353,-0.07669267205349684
2011-12-31,0.009202687286094635,-0.05339122271767194,0.04436736758436299,-0.045415662182129224,-0.07340078888698331,-0.006668100666810117,-1.359628770301624,-1.359628770301624,-1.3603603603603602,-1.3636363636363638,1.2344931921331317,-4.871657754010695,1.3870129870129868,-1.5548961424332344,-0.048133848133848134,-0.0496190662238718,-0.32375189107413027,-0.329923273657289,-0.07559681697612741,-0.027108433734939763,-0.1633466135458168,0.026580459770114917,-0.08183970240108218,-0.32458233890214805,0.0,-0.008374198415692091
2012-03-31,0.014117765273311988,0.025970001239618234,-0.013076869854009576,0.03185336048879828,0.08671108643346281,0.007687310524036484,-3.6548387096774193,-3.6548387096774193,-3.65,-3.6,-0.8672985781990521,-0.8314917127071824,-1.1838955386289445,-2.550802139037433,0.07842076798269337,0.20205549845837623,0.055928411633109576,0.04770992366412208,0.08106169296987087,0.30030959752321995,0.7849206349206348,0.025892232330301024,0.0714548802946593,0.04593639575971742,0.0,-0.005706025562994599
2012-06-30,-0.004855090413673491,0.005497492901588741,-0.015318283791362908,0.01152692246960374,0.021289278719236915,0.013753089072740865,0.09599027946537064,0.09599027946537064,0.08490566037735836,0.09615384615384603,3.9642857142857144,2.4508196721311477,-2.284023668639053,-0.19655172413793098,0.05842527582748236,-0.02342681258549928,0.04396186440677963,0.03825136612021862,0.019243530192435188,-0.0976190476190476,-0.08003557136505102,0.0252387448840381,0.026125816431763482,0.03209459459459452,0.0,-0.0059683219833193135
2012-09-30,0.0224025489122317,0.06621004566210043,-0.008401267309814497,-0.007727130814861094,0.0949720670391061,-0.009856915739268723,0.053215077605321515,0.053215077605321515,0.052173913043478404,0.05263157894736836,0.02672147995888996,-0.23515439429928742,0.01382488479262678,1.3133047210300428,0.1276948590381426,0.009630537559096375,0.006595636732622978,0.028070175438596356,0.09114583333333348,-0.01055408970976257,-0.03238279362010643,0.02528276779773786,0.07102177554438871,0.03764320785597386,-0.010752688172043001,0.0745131244707875
2012-12-31,0.018965769099673846,-0.008339907584807849,0.0334948842218632,0.02611500039329817,-0.011955528480048772,0.025583386855063228,-0.7357894736842105,-0.7357894736842105,-0.7272727272727273,-0.7416666666666667,0.35035035035035045,0.7484472049689441,3.2636363636363637,-1.2337662337662338,-0.026470588235294135,0.07041276448144296,0.18346774193548399,0.22184300341296925,-0.01252983293556087,-0.01866666666666661,0.034465534465534464,0.026606099935106986,-0.03034094463559578,0.22555205047318627,0.0,-0.03359839530052289
2013-03-31,-0.0012663369411989311,0.004716445050573892,-0.018097818535500854,0.005059409735530762,0.03599229287090555,-0.02640642939150406,2.848605577689243,2.848605577689243,2.727272727272727,2.903225806451613,-0.7472201630837658,-0.4476021314387212,-0.9381663113006397,-0.24603174603174605,-0.020500647388864923,0.1360985093972782,0.014480408858603022,0.03910614525139655,0.03202416918428996,0.15217391304347827,-0.0825688073394496,0.025916561314791364,0.03741935483870962,0.04761904761904745,-0.010869565217391353,-0.0002965159377316118
2013-06-30,0.008755980861244073,0.009501725015553353,0.0014504545936957491,0.0281443063076805,0.024921886624014178,0.03912950257289882,0.05693581780538293,0.05693581780538293,0.05691056910569103,0.05785123966942152,2.6832844574780057,0.77491961414791,9.206896551724139,-1.1052631578947367,0.002203128442388236,0.08613804905875622,0.0037783375314861534,0.026881720430107503,0.0275175644028105,0.05188679245283012,0.03842105263157891,0.025261860751694343,0.01585820895522394,0.03194103194103204,0.0,-0.01816698798754257
2013-09-30,0.0531233695394393,0.08151717183035467,0.03620884555602655,0.08775964391691393,0.08579516585613711,-0.004745692767976872,-0.03036238981390793,-0.03036238981390793,-0.03076923076923077,-0.03125,-0.14808917197452232,0.25181159420289845,-1.873310810810811,94.0,0.20883710705649583,0.08114495798319332,-0.020911752404851547,-0.00654450261780104,0.08603988603988588,0.05156950672645744,0.043588443993917814,0.024639423076923128,0.031221303948576695,0.004761904761904745,-0.01098901098901095,-0.00573974775319086
2013-12-31,0.02317254425077686,0.09635308744301696,-0.0503528449186923,-0.032871854327218175,0.16765826592686683,0.07670778480356577,-0.04343434343434338,-0.04343434343434338,-0.04761904761904767,-0.040322580645161366,0.5588785046728972,-0.41389290882778584,-1.5802707930367506,-0.028421052631578902,0.1678486997635933,0.04942919601651674,0.12430585219991452,0.189723320158103,0.16894018887722995,-0.034115138592750616,0.03885381253035458,0.02639296187683282,0.14099139210448208,0.19075829383886256,0.0,0.1336118496012153
2014-03-31,0.007527236711786012,0.017340767340767282,-0.004379666858127518,0.012128904872717117,0.026335375279097795,-0.06816212573409064,0.07391763463569156,0.07391763463569156,0.08333333333333348,0.07563025210084051,-0.5875299760191847,-0.14814814814814814,-0.84,-0.7291440953412784,0.03892868265337901,0.064112949890059,-0.05813069908814583,-0.00996677740863805,0.027378815080789876,-0.088300220750552,-0.12622720897615702,0.02571428571428558,0.018730489073881307,0.003980099502487455,-0.011111111111111072,0.005159474671669884
2014-06-30,0.01789108067370071,0.042821977613673345,0.0016225571500685376,-0.0020204835226085294,0.04289619010431189,0.05930364707097846,0.08062930186824002,0.08062930186824002,0.07692307692307687,0.078125,0.9491279069767442,1.4927536231884058,12.458333333333334,-1.3599999999999999,-0.013489208633093552,0.012398042414355714,-0.05284388866478418,-0.004474272930648726,0.043687199650502384,-0.014527845036319542,-0.0016051364365972098,0.025069637883008422,0.024514811031664863,0.0049554013875123815,-0.011235955056179803,0.04493033797746815
2014-09-30,-0.008906343892179591,-0.004231060437357992,-0.023794953022067022,-0.02631946383691708,0.012890457851946868,-0.01414220228225882,0.061874431301182975,0.061874431301182975,0.06428571428571428,0.0652173913043479,-0.08053691275167785,-0.49534883720930234,0.25232198142414863,0.711111111111111,-0.02339714372531143,0.009238371468471396,-0.013202725724020481,0.03370786516853941,0.012557555462536563,-0.03439803439803446,-0.010718113612004254,0.0244565217391306,0.022183449651046905,0.03155818540433919,0.0,0.02271132376395535
2014-12-31,-0.015807366665944844,-0.00746936219697647,0.020244855815325646,0.059224205922420614,-0.06759254369752332,0.01563118322121082,-0.1808054841473865,-0.1808054841473865,-0.18791946308724838,-0.18367346938775508,0.4290348742903487,-0.4539170506912442,-0.04944375772558718,-4.448051948051948,0.08260734287492211,-0.004257583821181576,-0.0004315925766076312,0.0010869565217390686,-0.0673832162050435,-0.01526717557251911,-0.047670639219935085,0.02758620689655178,-0.05267008046817856,0.005736137667303964,0.0,-0.06300293181959948
2015-03-31,-0.0020681613165827173,0.0036501284304448767,0.0004698738569415273,0.04460840722940507,-0.006512997677974752,-0.1025715955581531,0.16736401673640167,0.16736401673640167,0.17355371900826433,0.17500000000000004,-0.7610669693530079,2.8818565400843883,-1.4772431729518856,-1.7231638418079096,-0.05518034200316135,0.0718332442544094,0.02849740932642475,0.026058631921824116,-0.005319148936170137,0.1472868217054264,0.06996587030716728,0.026329375322663884,-0.004375804375804426,0.03517110266159684,-0.011363636363636354,-0.03921177018840283
2015-06-30,0.02325991577926234,0.04076867816091956,0.004877167630057855,0.00920165889061697,0.052160529016075596,0.06100075979594055,0.06989247311827951,0.06989247311827951,0.07042253521126773,0.07092198581560294,2.344418052256532,0.7663043478260869,-2.190735694822888,0.6171875,-0.09444866920152095,0.03291113992220995,0.025608732157850422,0.023280423280423124,0.052139037433154956,0.04054054054054057,0.008506113769271684,0.026156941649899457,0.028179937952430345,0.03397612488521595,-0.011494252873563204,0.031319290465631866
2015-09-30,0.004589330345600384,0.012899050905953446,0.03285996764335786,0.05091819699499167,-0.037763450181502956,-0.016777493606138116,0.058626465661641536,0.058626465661641536,0.06578947368421062,0.0596026490066226,0.18323863636363646,-0.976,0.7894736842105263,-1.9806763285024154,0.10228417870339257,-0.005503524186540432,0.03847728203029055,0.01964839710444677,-0.02414231257941546,-0.05627705627705626,-0.028465998945703674,0.025490196078431504,-0.042242896655770634,0.035523978685612745,-0.011627906976744207,-0.03621338349905934
2015-12-31,0.05771581769436995,-0.14591762851910217,0.07549862508266902,0.12244149813649408,0.029448198198198217,0.03860160233066279,-0.055379746835443,-0.055379746835443,-0.04320987654320996,-0.050000000000000044,0.17587034813925562,99.76923076923077,-2.2199488491048593,-2.819376026272578,-0.16882523236324853,-0.05543689320388345,0.04335829720141904,0.030425963488843744,0.0316840277777779,-0.03211009174311941,-0.07704829083016806,0.028680688336520044,-0.02677868206878453,0.06003430531732423,-0.03529411764705881,-0.2390379923318231
2016-03-31,0.021270987103577,-0.02598114995262557,0.0354391870023949,-0.14762397256545645,-0.004703823223759729,-0.04608294930875578,-0.00670016750418756,-0.00670016750418756,-0.006451612903225823,0.006578947368421018,-0.8688106176620725,-0.695674300254453,-1.1687631027253669,-0.11371841155234652,-0.18001833180568283,0.06475485661424596,0.005666792595391046,-0.011811023622047223,0.00462768195204033,0.0331753554502372,0.00823045267489686,0.027416356877323356,-0.025357431885621673,0.006472491909385036,-0.012195121951219412,0.1426346647123491
2016-06-30,0.016201727390052545,0.04341593282817935,0.007689182008564277,0.016092981671882,0.03154366104302908,0.049254358328082226,0.0809443507588532,0.0809443507588532,0.09090909090909083,0.08496732026143783,5.007782101167315,-0.7107023411371238,2.472049689440994,-1.5824847250509166,0.12787838139950813,0.10406409885124046,0.013899323816679132,-0.005976095617529875,0.03308207705192645,0.09862385321100908,0.08279883381924202,0.027137042062415295,0.015222806531967947,0.012861736334405238,-0.024691358024691357,0.026938186482802662
2016-09-30,0.04640393896172412,0.07134445534838085,0.06036167374918566,0.14467978128338888,0.022374940067124927,-0.018716845160644535,-0.032761310452418146,-0.032761310452418146,-0.03571428571428559,-0.036144578313252906,0.07189119170984459,4.011560693641618,-3.554561717352415,1.423076923076923,0.2747274529236867,0.009967648858966616,-0.02408299370137068,-0.039078156312625234,0.020672882042967133,-0.022964509394572064,-0.014001077005923568,0.025979744605900468,-0.023173391494002216,-0.01031746031746028,-0.025316455696202556,-0.06409555781091403
2016-12-31,0.011016506087086375,0.05605935696619957,0.012022817025010957,-0.10333278427496839,0.009275181074462013,0.018461852305181603,-0.11209677419354835,-0.11209677419354835,-0.1049382716049384,-0.11875000000000013,0.23383685800604237,-0.9619377162629758,-1.253501400560224,0.018759018759018753,0.2195614989892707,-0.030906415029001932,-0.03302961275626437,-0.04171011470281549,0.010722795869737789,-0.04914529914529908,-0.031130529765155623,0.0287553648068668,-0.0016745743790119727,-0.01844426623897366,-0.025974025974025983,0.177761094427761
2017-03-31,0.011690614265134958,0.022638563622170205,-0.008526997340733034,0.05817157553119823,0.04925396251742464,-0.049374061091637444,0.20435967302452318,0.20435967302452318,0.19999999999999996,0.2127659574468086,-0.5396669931439765,8.151515151515152,0.7071823204419889,-1.0941926345609065,-0.016957796761443378,0.08576022869394317,0.0007852375343542217,0.008705114254624613,0.04754420432220052,0.07415730337078652,0.10484780157835427,0.027951606174384747,0.03718199608610551,0.02941176470588247,-0.013333333333333308,-0.033571782704157394
2017-06-30,0.01622884682086201,0.02052586938083123,0.02373108655724332,0.04050691510907933,0.0050189440535353125,0.06173619890434057,0.04977375565610864,0.04977375565610864,0.04597701149425282,0.05263157894736836,0.5393617021276595,-0.35761589403973515,0.5614886731391586,-2.255639097744361,0.021660181582360494,0.06261313147934833,0.0011769321302470548,0.0010787486515639877,0.007126781695423912,0.012552301255229992,0.03265306122448974,0.02678571428571419,-0.011051212938005373,0.01984126984126977,-0.027027027027027084,-0.01920117259069254
2017-09-30,0.01976000574836534,0.024102393617021267,0.012017656272248267,0.013569879317056888,0.03177478580171367,0.004266719587219692,-0.031609195402298895,-0.031609195402298895,-0.027472527472527486,-0.02777777777777779,-0.027643400138216978,2.0902061855670104,-0.16683937823834194,-3.9221556886227544,-0.061952519994921906,0.06566008517228017,-0.0023510971786833146,0.006465517241379448,0.03016759776536304,0.05991735537190079,0.0429841897233203,0.026482213438735025,0.011719814663395889,0.01322957198443575,0.0,0.010386310991556513
2017-12-31,0.04613514656144302,0.055104690796948574,0.18026282466162025,0.0348971193415637,-0.18022207459428685,0.0713368244244641,-2.7885756676557865,-2.7885756676557865,-2.7966101694915255,-2.817142857142857,0.5437100213219617,0.1534612176814012,0.4042288557213931,-0.32377049180327866,-0.04466098254161588,0.07861658068735,-0.671249018067557,-0.6873661670235546,-0.16955892986261756,0.04678362573099415,0.05447655139744212,0.028879476318829367,-0.21632543103448276,-0.6866359447004609,0.0,0.019523739091850345
2018-03-31,0.026285213935709928,-0.015960310745327333,0.029230145673890817,-0.005620062562960659,0.01846492243574893,-0.0415936548925574,-1.5964330153463293,-1.5964330153463293,-1.6037735849056602,-1.5943396226415094,-0.47697974217311234,-1.7187274041937817,0.2825509300265723,-3.5393939393939395,0.11871369882419613,0.036106433142472305,0.10513739545997614,0.041095890410958846,0.025685676969960713,0.24767225325884534,2.3221024258760106,0.027694610778443263,-0.007562736335510412,0.04411764705882337,-0.01388888888888895,-0.010372842013636974
2018-06-30,-0.017851283060970058,-0.031578535975299915,-0.025180106094651267,-0.03929618768328447,0.00028417163967042747,0.05071208622016932,-0.11891515994436719,-0.11891515994436719,-0.11458333333333337,-0.11111111111111105,0.6382042253521127,-0.3853118712273642,0.4074585635359116,-0.779236276849642,0.0234266177029252,-0.050776932579156164,-0.034594594594594574,-0.08881578947368429,0.005942275042444933,-0.07462686567164178,-0.12643678160919547,0.027312454479242465,0.018358157256667784,-0.08920187793427226,0.0,0.007989445136699969
2018-09-30,0.03453057133311055,0.0746196375963517,0.033791169621215644,-0.006549006549006586,0.036306818181818246,-0.014378606099459623,0.8453038674033149,0.8453038674033149,0.8529411764705883,0.8511904761904763,0.009134873723804393,-1.281505728314239,-1.0412168792934249,8.302702702702703,0.21294234100470177,0.06383561643835622,0.6674132138857782,0.5703971119133573,0.039662447257384104,0.056451612903225756,0.12352941176470589,0.026231832683445422,0.001700680272108901,0.5798969072164948,0.0,0.08173356602675974
2018-12-31,-0.06707898008946012,-0.08509839266937058,-0.09415226186097825,0.057206703910614554,-0.0032348264707494634,-0.09598587623118382,-0.26347305389221554,-0.26347305389221554,-0.2571428571428571,-0.2572347266881029,-0.1698615548455804,1.36046511627907,-20.404761904761905,-1.2998256827425916,-0.052636947873100026,-0.06258047901107389,1.5379449294828746,1.5862068965517242,0.012175324675324672,-0.09770992366412212,-0.4268393496831082,0.02832469775474955,0.06859083191850601,1.639477977161501,-0.014084507042253502,-0.134579187953751
2019-03-31,0.013622280303948298,-0.0011493309252114114,0.004795980511571152,0.035351934051997436,0.03228822882288229,-0.0868537362524412,-0.17770034843205573,-0.17770034843205573,-0.1709401709401709,-0.1688311688311689,-0.2726106478511866,0.5,-0.24233128834355833,0.2829457364341086,-0.07128243781630239,-0.009065934065934034,-0.0193172797036254,0.007111111111111068,0.034081796311146606,-0.020304568527918843,-0.6141826923076923,0.027544507893852987,0.01843025103272966,0.03399258343634126,-0.02857142857142847,-0.03526487494174313
2019-06-30,-0.013831967213114749,-0.023259636722281596,0.002171881708210144,0.015362629510539572,-0.047796664357649066,0.04040972534894194,0.08827683615819204,0.08827683615819204,0.09793814432989678,0.09375,0.47971781305114636,-1.4367816091954024,0.8850202429149798,-0.39577039274924475,-0.04637681159420293,0.16641253118935406,0.03669724770642202,0.0494263018534864,-0.03683598293912371,0.1278065630397236,0.1626168224299065,0.026806145799280756,-0.03463338533541338,0.08607292289300661,-0.044117647058823595,-0.038083735909822836
