Quarter end,Assets,Current Assets,Liabilities,Current Liabilities,Shareholders equity,Revenue,Earnings,Earnings available for common stockholders,EPS basic,EPS diluted,Cash from operating activities,Cash from investing activities,Cash from financing activities,Cash change during period,Cash at end of period,Price,ROE,ROA,Book value of equity per share,P/B ratio,P/E ratio,Cumulative dividends per share,Equity to assets ratio,Net margin,Asset turnover,Current ratio
1993-12-31,0.018077239112571863,0.02091544818817548,0.0201636050516647,-0.041753381893860575,0.015575251699509574,0.03673769287288753,0.10000000000000009,0.10000000000000009,0.10666666666666669,0.13636363636363624,4.015915119363395,-0.5134408602150538,-799.0,67.46153846153847,0.026639344262294973,0.08280828082808278,0.007757951900698279,0.010544815465729496,0.017808219178082174,-0.07272727272727264,-0.04421052631578948,1.0,-0.00241917747965692,0.027027027027026973,-0.015625,0.06544477028347995
1994-03-31,0.018077239112571863,0.02091544818817548,0.0201636050516647,-0.041753381893860575,0.015575251699509574,0.03673769287288753,0.10000000000000009,0.10000000000000009,0.10666666666666669,0.13636363636363624,4.015915119363395,-0.5134408602150538,-799.0,67.46153846153847,0.026639344262294973,0.08280828082808278,0.007757951900698279,0.010544815465729496,0.017808219178082174,-0.07272727272727264,-0.04421052631578948,1.0,-0.00241917747965692,0.027027027027026973,-0.015625,0.06544477028347995
1994-06-30,0.028901956262731066,0.057537829254623585,0.0474080326369839,0.09230351567802364,0.0066090493136756745,0.0,0.0,0.0,0.0,0.13636363636363624,4.015915119363395,-0.5134408602150538,-799.0,67.46153846153847,1.776447105788423,-0.05735660847880297,0.007757951900698279,0.010544815465729496,0.014804845222072816,-0.07272727272727264,-0.04421052631578948,0.0,-0.021604938271605034,0.027027027027026973,-0.015625,-0.031836322767099356
1994-09-30,-0.02797803593440662,-0.04068774657009955,-0.03982271170505669,-0.06896980241083639,-0.013131313131313105,-0.036026458776281634,-0.12727272727272732,-0.12727272727272732,-0.12048192771084332,0.13636363636363624,-0.9238498149127445,2.0994475138121547,-0.8521303258145363,-1.58876404494382,-0.3767074047447879,0.007936507936507908,0.007757951900698279,0.010544815465729496,-0.013262599469495928,-0.006535947712418277,-0.04421052631578948,0.5714285714285714,0.015096890491212323,0.027027027027026973,-0.015625,0.030371949774934848
1994-12-31,0.02447928675735911,0.028234716425239448,0.04385228703315147,0.09877202349172443,0.0008529512111907778,0.06886410979046675,0.20833333333333326,0.20833333333333326,0.20547945205479445,0.13636363636363624,-0.75,-0.3975044563279857,-1.1440677966101696,-0.4751908396946565,-0.3171856978085352,-0.04986876640419946,0.007757951900698279,0.010544815465729496,0.008064516129032251,-0.03947368421052633,-0.04421052631578948,0.36363636363636354,-0.022863485016648255,0.027027027027026973,-0.015625,-0.06419571415432712
1995-03-31,0.030946397089163025,0.04154727793696278,0.038190954773869246,0.033892128279883416,0.021731719788648407,-0.014215292903817511,0.09195402298850586,0.09195402298850586,0.11363636363636354,0.13636363636363624,12.472222222222221,0.4053254437869822,-2.5294117647058822,-0.9272727272727272,-0.03378378378378377,0.023020257826887658,0.007757951900698279,0.010544815465729496,0.028000000000000025,0.013698630136986356,-0.04421052631578948,0.2333333333333334,-0.00908677873693775,0.027027027027026973,-0.015625,0.007420147420147405
1995-06-30,0.03187308979770043,0.03776937184777629,0.024330429170700274,0.23992480319586407,0.04162148636249885,0.08454471450168621,0.39210526315789473,0.39210526315789473,0.3979591836734695,0.13636363636363624,3.587628865979381,0.2021052631578948,38.57692307692308,-32.05,1.0856643356643358,0.1215121512151216,0.007757951900698279,0.010544815465729496,0.035019455252918386,0.09459459459459474,-0.04421052631578948,0.43243243243243246,0.00939935809261816,0.027027027027026973,-0.015625,-0.16306521633091076
1995-09-30,-0.001692524682651575,-0.029104766112553193,-0.023311491935483875,-0.041315265801193934,0.02578475336322872,-0.1146257773965258,-0.36672967863894135,-0.36672967863894135,-0.37226277372262784,0.13636363636363624,-1.1164044943820224,-0.1155866900175131,-0.9970845481049563,-2.2270531400966185,-0.6387259010896899,0.1324237560192616,0.007757951900698279,0.010544815465729496,0.023809523809523725,0.09259259259259256,-0.04421052631578948,0.15094339622641506,0.02770838064955705,0.027027027027026973,-0.015625,0.012763725375917856
1995-12-31,0.062199773947442694,0.058816837315130766,0.09805186427557744,0.14223584066422856,0.01881342701014832,0.12244156473295376,0.20597014925373136,0.20597014925373136,0.1976744186046513,0.13636363636363624,-1.1428571428571428,0.35445544554455455,-298.3333333333333,-1.2742782152230971,0.4849187935034802,-0.01275690999291279,0.008468052347960109,0.003478260869565153,0.022031823745410017,-0.03389830508474578,-0.04421052631578948,0.14754098360655732,-0.04088397790055254,0.019736842105263053,-0.015873015873015928,-0.07302756517235431
1996-03-31,0.02091577162238556,-0.003868056301708389,0.024438961344142918,-0.049844236760124616,0.016320588460654317,-0.04186447993094522,0.09405940594059414,0.09405940594059414,0.10679611650485432,0.13636363636363624,22.0,0.1257309941520468,-1.3419282511210762,-2.028708133971292,-0.3359375,0.05671213208901649,0.011450381679389388,0.008665511265164572,0.022754491017964007,0.029239766081871288,0.01982378854625555,0.11428571428571432,-0.004608294930875445,0.03010752688172036,-0.016129032258064502,0.048361062825925005
1996-06-30,0.044459644322845326,0.04675870995577602,0.051611423328363326,0.07750455373406195,0.03505729794933665,0.14729729729729724,0.3642533936651584,0.3642533936651584,0.3596491228070178,0.13636363636363624,1.337250293772033,1.1675324675324674,-0.9639344262295082,-2.4930232558139536,0.7552941176470589,0.06725543478260865,0.018867924528301883,0.012027491408934665,0.031615925058548155,0.045454545454545414,0.028077753779697456,0.11538461538461542,-0.009027777777777968,0.018789144050104456,-0.008196721311475419,-0.02854266595606092
1996-09-30,0.03739046371659338,0.009892317996805566,0.05082342676409635,-0.004564280280618727,0.019447884041081,-0.12396937573616018,-0.3681592039800995,-0.3681592039800995,-0.367741935483871,0.13636363636363624,-0.9270990447461036,-0.39125224685440385,-74.54545454545455,-1.2149532710280373,-0.09249329758713132,-0.07574793125397838,0.0037037037037037646,-0.015280135823429464,0.0192962542565267,-0.10326086956521752,-0.1120448179271708,0.10344827586206895,-0.01728568091567384,0.006147540983606481,-0.024793388429752095,0.014507772020725174
1996-12-31,0.05591294414717729,0.061935615529819854,0.053606642449403274,0.07896747898446121,0.059088310945984546,0.07002801120448177,0.19422572178477693,0.19422572178477693,0.19387755102040805,0.13636363636363624,-0.2551724137931034,-0.0009842519685039353,0.03584672435105074,-0.08695652173913049,-0.09305760709010336,0.1460055096418733,-0.005166051660516646,-0.010344827586206917,0.057906458797327254,0.12121212121212133,0.11671924290220814,0.10416666666666674,0.003090087948657061,0.020366598778004175,-0.03389830508474578,-0.01574235414288294
1997-03-31,-0.0021921084097249466,-0.043670429978381,-0.013741811554942585,-0.03974187455733058,0.013627470822370702,-0.025235602094240805,0.22197802197802208,0.22197802197802208,0.19658119658119655,0.13636363636363624,9.222222222222221,-0.1113300492610837,-1.272076372315036,-0.8095238095238095,-0.019543973941368087,0.10697115384615397,0.028189910979228516,0.026132404181184787,-0.006315789473684275,0.048648648648648596,0.07485875706214684,0.08490566037735836,0.015876777251184748,0.0479041916167664,-0.01754385964912264,-0.004090104389231408
1997-06-27,0.03794687437587374,0.03662212398271869,0.028615661206552234,0.05605638419931158,0.05038269550748753,0.13460092383714684,0.22841726618705027,0.22841726618705027,0.20714285714285707,0.13636363636363624,-0.3777173913043478,-0.10310421286031046,-1.9956140350877192,-9.75,0.17441860465116288,0.1178067318132463,0.0043290043290042934,0.008488964346349714,0.04978813559322037,0.12371134020618557,0.061103810775295475,0.4173913043478261,0.011896431070678837,0.030476190476190546,-0.017857142857142905,-0.018389113644722288
1997-10-03,0.004260699854311545,-0.016670705112672657,-0.011652182356653884,-0.017926431786434938,0.02502851349638835,-0.06324559742473013,-0.3616398243045388,-0.3616398243045388,-0.6745562130177514,0.13636363636363624,-0.7001455604075691,0.007416563658838138,1.515418502202643,-1.4095238095238094,-0.06082036775106081,0.08305002428363295,-0.010057471264367734,0.0016835016835015093,0.02219979818365303,0.032110091743119185,0.05386996904024777,0.06748466257668717,0.020746887966804906,0.001848428835489857,0.0,0.0012489072061945272
1998-01-02,-0.010264411233371629,-0.0330195653245281,-0.020975585793584495,-0.031450019755037584,0.003214440254682538,-0.009803921568627416,0.20871559633027514,0.20871559633027514,0.21818181818181825,0.13636363636363624,3.8398058252427187,-0.1521472392638037,-2.1768826619964976,7.279069767441861,-0.536144578313253,0.01748878923766828,0.010885341074020394,0.026890756302521135,0.0029615004935834577,-0.004444444444444362,-0.005287896592244379,0.06321839080459779,0.013550135501354976,0.027675276752767486,0.0,-0.0016215541973306768
1998-04-03,0.025636770928399555,0.01054992100300689,0.018514801806322145,-0.09235538875744476,0.03438289481791856,-0.0035725222006737223,0.1366223908918407,0.1366223908918407,0.13432835820895517,0.13636363636363624,-0.2577733199598796,0.24167872648335753,-1.4226190476190477,-1.2949438202247192,0.34090909090909083,0.06963420008814447,-0.00789662598707841,0.004909983633387904,0.032480314960629864,0.06696428571428559,0.040756054341405834,0.059459459459459296,0.008689839572192604,0.007181328545780907,0.0,0.11338080959520247
1998-07-03,0.02033112225637712,0.05895703046197287,0.07133356322971585,0.13420224719101115,-0.041341514266992285,0.0049170251997541214,-1.3873121869782972,-1.3873121869782972,-1.381578947368421,0.0,1.6662162162162164,-0.2843822843822844,-1.0352112676056338,12.619047619047619,3.4624697336561745,-0.03831891223732997,-0.41027496382054984,-0.4136807817589577,-0.041944709246901746,-0.07112970711297073,-0.055618615209988675,0.05612244897959173,-0.06052573448199683,-0.39572192513368987,-0.036363636363636376,-0.06631880154856085
1998-10-02,0.031580338266384844,-0.03243320474353484,0.05747919253230327,0.09621176097638284,-0.0034176349965823194,-0.5794087665647298,-2.2241379310344827,-2.2241379310344827,-2.2413793103448274,-0.52,-0.9168778509883426,2.5586319218241043,-127.5,-1.5111888111888112,-0.39663591969614753,-0.20522707797772066,-0.1128834355828221,-0.12777777777777777,-0.0029850746268658135,-0.16666666666666674,0.3353365384615383,0.05797101449275366,-0.033858452856807,0.03834808259587019,-0.1603773584905661,-0.1173607355327203
1999-01-01,-0.001844498526963001,-0.003396337861783838,-0.019350350045658105,-0.023568536726431444,0.02325726399800465,0.011875908870576879,0.8591549295774648,0.8591549295774648,0.8333333333333335,0.8333333333333335,6.5182926829268295,-0.6132723112128147,-1.2292490118577075,-1.2270861833105335,0.1492805755395683,-0.09380053908355801,-0.0013831258644536604,-0.019108280254776955,0.024950099800399306,-0.09189189189189195,0.022502250225022502,0.0547945205479452,0.025066926259430522,0.20170454545454541,-0.1797752808988764,0.0206290849673203
1999-04-02,-0.009239534943407901,-0.011112757445547516,-0.015342319971621166,-0.027765437583296304,-0.000853086344524967,0.06682634730538917,-0.21590909090909094,-0.21590909090909094,-0.21212121212121215,-0.21212121212121215,-0.5004055150040552,-0.36923076923076925,-0.38620689655172413,-1.7048192771084336,-0.09154929577464788,0.007733491969066142,-0.1523545706371191,-0.1655844155844156,0.0009737098344693162,-0.017857142857142905,0.0074823943661972425,0.051948051948051965,0.008547008547008517,0.042553191489361764,-0.20547945205479456,0.01714361950503629
1999-07-02,-0.2335828821594177,-0.48486664668864254,-0.38345492209312804,-0.38519533927347493,-0.03061535646764657,0.0507409070498428,-2.678743961352657,-2.678743961352657,-2.6538461538461537,-2.6538461538461537,-0.16720779220779225,-7.178236397748593,17.202247191011235,-5.478632478632479,-0.26184323858742464,0.0023612750885477762,-0.46405228758169925,-0.4357976653696498,-0.030155642023346196,0.0,0.18698121450415028,0.04938271604938249,0.2645951035781544,-0.308390022675737,-0.1724137931034483,-0.16211962224554033
1999-10-01,-0.09389576150882173,0.1762652705061083,-0.17741582061208094,-0.18630001238696892,-0.021956590122680142,-0.1478632478632479,-1.018705035971223,-1.018705035971223,-1.0232558139534884,-1.0232558139534884,-1.9317738791423,0.28150622532645,-0.3567901234567902,2.16793893129771,1.9369894982497082,0.3133097762073027,-0.5060975609756098,-0.4620689655172414,-0.014042126379137487,0.3575757575757579,1.4140596245859403,0.04705882352941182,0.07948622486969459,-0.5081967213114754,0.08333333333333348,0.4456011271133373
1999-12-31,-0.18748134885108925,0.19559841740850636,-0.16941928609483214,-0.2590957527782006,-0.2005660620095201,0.10581745235707118,10.23076923076923,10.23076923076923,8.5,8.5,0.08786610878661083,0.32985781990521335,0.8949136276391554,-0.31445783132530125,0.45212554628526025,0.01748878923766828,-1.5,-1.5384615384615383,-0.08545269582909454,0.03125,1.0349138588199418,0.6292134831460674,-0.016037247801344967,0.0,0.15384615384615374,0.6136769722237263
2000-03-31,0.0941603158571298,0.16359875904860388,0.04778704297626679,0.10211629340456141,0.12906340521403292,0.03219954648526069,-1.9794520547945207,-1.9794520547945207,-2.1052631578947367,-2.1052631578947367,-3.9480769230769233,-1.1883464005702067,-1.0,-0.5922671353251319,0.12694938440492476,0.06963420008814447,4.790123456790123,5.333333333333333,0.12791991101223577,0.16883116883116878,0.0,0.0045977011494253706,0.031896249561864654,0.0,0.1499999999999999,0.05576619803375493
2000-06-30,-0.023664666638694265,-0.03483825097760396,-0.02805836139169471,0.03635346756152136,-0.020595781071835795,0.125659050966608,-2.1468531468531467,-2.1468531468531467,-2.1904761904761907,-2.142857142857143,-0.9197651663405089,-0.5789971617786187,-inf,-1.7262931034482758,-0.08181597475115321,-0.03831891223732997,-1.275053304904051,-1.281954887218045,-0.017751479289940808,-0.14814814814814825,0.0,0.006864988558352492,0.0030570652173913526,-0.33333333333333326,0.10144927536231885,-0.06867948514222155
2000-09-29,-0.07606687008466195,-0.15156537753222832,-0.031597732521520094,-0.034538586076632516,-0.1068907807611148,-0.1014832162373146,-3.1219512195121952,-3.1219512195121952,-3.04,-3.125,-3.6260162601626016,0.9393258426966291,20.595744680851062,5.548961424332345,-0.583553675304072,-0.20522707797772066,-2.0697674418604652,-2.0666666666666664,-0.08232931726907633,-0.19130434782608685,0.15816288304487913,0.004545454545454408,-0.03335590924483589,0.0,0.09210526315789469,-0.12121212121212122
2000-12-29,-0.08730638634355081,-0.12987482816004625,-0.051490514905149,0.09912427799515555,-0.11422519146162624,0.057558644656820146,-1.4597701149425286,-1.4597701149425286,-1.4705882352941178,-1.4705882352941178,-0.38699690402476783,-1.0220162224797218,-0.6896551724137931,-0.780244676030811,-0.30793650793650795,-0.09380053908355801,-0.05072463768115931,-0.050000000000000044,-0.0962800875273524,-0.010752688172043001,0.0,0.006787330316742057,-0.02942722017866517,0.0,0.048192771084337505,-0.20833333333333337
2001-03-30,-0.018907348894098508,-0.024779644104440335,-0.00034285714285708924,-0.1691812171554501,-0.03384841795437821,-0.015608954610803027,-0.30625,-0.30625,-0.29166666666666663,-0.29166666666666663,-0.8686868686868687,0.4736842105263157,-1.1746031746031746,-1.134020618556701,0.059633027522935755,0.007733491969066142,-1.5572519083969465,-1.5526315789473684,-0.03389830508474567,0.11413043478260865,0.0,0.004494382022471877,-0.015340191301209227,-0.55,0.06896551724137945,0.17378721734438618
2001-06-29,0.018076983013869397,0.041950886766712214,-0.0342974734194581,-0.06080391756784331,0.06169078446306164,0.10264969747548514,1.6216216216216215,1.6216216216216215,1.5882352941176467,1.5882352941176467,-11.538461538461538,6.857142857142857,-11.872727272727273,-2.9230769230769234,-0.10822510822510822,0.0023612750885477762,1.6164383561643834,1.5476190476190474,0.06015037593984962,0.039024390243902474,0.5692198214516753,0.006711409395973256,0.04288856304985322,1.4222222222222225,0.053763440860215006,0.10940242373589615
2001-09-28,-0.045410480126537034,-0.05810147299509005,-0.08594767373031842,-0.1562024766456659,-0.014705882352941124,-0.1610217596972564,-0.41237113402061853,-0.41237113402061853,-0.40909090909090906,-0.40909090909090906,-0.7992700729927007,-0.07727272727272727,-0.3929765886287625,-0.18400000000000005,-0.09902912621359228,-0.1372202591283863,2.528795811518325,2.5514018691588785,-0.01654846335697402,-0.18779342723004688,-0.6447211114317517,0.004444444444444251,0.03216168717047463,2.467889908256881,0.020408163265306145,0.11624227813771282
2001-12-28,-0.0029397616120583336,0.02710686359687231,-0.039891205802357166,-0.07878475798146245,0.023025118310884496,0.0182679296346413,-0.040935672514619936,-0.040935672514619936,-0.03846153846153855,-0.03846153846153855,-4.672727272727273,-0.5073891625615763,-1.0330578512396693,-0.17647058823529416,-0.09051724137931039,0.10784982935153575,-0.0029673590504452063,0.018421052631578894,0.02163461538461542,0.12716763005780352,-0.6607101415641681,0.006637168141592875,0.02605142176059938,0.023809523809523725,0.0,0.11496929202942563
2002-03-29,-0.01688645866838212,-0.02402300795127732,-0.0561176311884527,0.08049189491335951,0.008984965750377993,0.07043189368770775,0.37195121951219523,0.37195121951219523,0.3600000000000001,0.3600000000000001,-7.069306930693069,-0.84,-66.08333333333333,-6.535714285714286,0.5509478672985781,0.04313000616142948,0.13244047619047628,0.16795865633074936,0.007058823529411784,0.02051282051282044,0.03385772913816698,0.004395604395604602,0.026385662130766763,0.15245478036175708,0.010000000000000009,-0.096728307254623
2002-06-28,0.013414035661704515,-0.00026001040041601087,0.01271973703015572,0.10087946197620279,0.013842355845529841,0.029588247465342388,0.18222222222222229,0.18222222222222229,0.17647058823529416,0.17647058823529416,-0.19494290375203915,-2.625,-0.9859154929577465,1.0494623655913977,0.7280366692131397,0.07147076196101598,-0.036793692509855425,-0.015486725663716783,0.011682242990654235,0.0653266331658291,-0.06979821369500494,0.006564551422319376,0.00032336297493928967,-0.013452914798206317,0.0,-0.09187468587703129
2002-09-27,0.06112456281947809,0.09640225400953617,0.15819926615862268,-0.016917293233082664,0.001304461257500611,-0.09525723472668812,-0.25187969924812026,-0.25187969924812026,-0.2500000000000001,-0.2500000000000001,-0.7386018237082067,-5.730769230769231,-90.63636363636364,0.43861490031479544,0.6061007957559681,-0.08158765159867698,0.021828103683492417,0.020224719101123778,0.0011547344110853786,-0.09433962264150952,-0.05192034139402568,0.008695652173912993,-0.05640859867464043,0.03181818181818197,-0.00990099009900991,0.11526399291591338
2002-12-27,0.01850818923989661,0.028623388945995032,0.030583648105275918,0.060946462715105065,0.00990099009900991,0.16370501999111498,-0.18090452261306533,-0.18090452261306533,-0.16666666666666663,-0.16666666666666663,0.4612403100775193,-2.0406504065040654,-1.088235294117647,-0.8789204959883297,0.04569226534544457,-0.11584633853541415,-0.009345794392523255,-0.01982378854625566,0.01038062283737018,-0.11458333333333337,-0.14328582145536384,0.008620689655172376,-0.008393285371702697,-0.0396475770925111,0.020000000000000018,-0.030469447844642117
2003-03-28,0.017275714427959832,0.018986855254054857,0.01667060770867823,0.031313358864609064,0.017715858273133822,0.028631418209581927,0.38650306748466257,0.38650306748466257,0.3600000000000001,0.3600000000000001,-0.010610079575596787,0.03125,-0.48275862068965514,0.0,0.04369570939720968,-0.026476578411405383,-0.009433962264151052,-0.026966292134831482,0.01598173515981749,-0.03529411764705881,-0.026707530647985922,0.008547008547008517,0.0005182242183452423,-0.025229357798165042,0.0,-0.011942946836825286
2003-06-27,0.018107962609504202,0.024215449607724704,0.04326084428421906,0.08235037134119705,-0.00016900456312318735,0.0757097791798107,-0.9690265486725663,-0.9690265486725663,-0.9705882352941176,-0.9705882352941176,0.39410187667560326,0.18181818181818188,-3.1333333333333333,1.7771084337349397,0.1162673392181588,0.04044630404463034,-0.30884353741496595,-0.3210161662817552,0.0011235955056179137,0.024390243902439046,0.04048582995951411,0.008474576271186418,-0.017955801104972524,-0.33176470588235296,0.009803921568627416,-0.053702168807846395
2003-09-26,0.02321780512426086,0.03609044707961995,0.02965109798238763,0.053683148335015085,0.01834009465855302,-0.03536311885457999,36.142857142857146,36.142857142857146,38.0,38.0,0.5673076923076923,-0.17307692307692313,-1.4791666666666667,0.3882863340563991,0.1446000903750564,0.09383378016085797,0.09055118110236227,0.08163265306122458,0.015712682379349197,0.08928571428571441,0.568093385214008,0.010504201680672232,-0.004746835443037889,0.04929577464788726,0.03883495145631066,-0.016714718440932752
2004-01-02,-0.0028657333458611545,-0.0041231250444302425,-0.026848543899534505,-0.04711741045776674,0.01551996016266921,0.08834048640915593,0.273076923076923,0.273076923076923,0.28205128205128194,0.28205128205128194,-0.4368098159509203,0.0,8.782608695652174,-1.1984375,-0.025069088037899756,0.12622549019607843,0.24007220216606506,0.23899371069182385,0.013259668508287303,0.1092896174863387,0.023711055969120487,0.010395010395010562,0.018371312488959513,0.2080536912751676,0.01869158878504673,0.04513231637159931
2004-04-02,0.034440518256772634,0.049539581697480184,0.0475025030592946,0.08582914572864331,0.024844720496894457,0.09135721327637203,0.0725075528700907,0.0725075528700907,0.08000000000000007,0.06000000000000005,0.30501089324618746,-0.10852713178294571,-0.7866666666666666,-4.228346456692913,0.08301275561854626,0.20837867247007624,0.13973799126637543,0.13451776649746194,0.0272628135223556,0.19211822660098532,-0.03528144357662277,0.010288065843621297,-0.009366869037294001,0.09722222222222232,0.0366972477064218,-0.03341737987854687
2004-07-02,0.013754782291856449,0.05679113106168798,0.005734919286321194,0.0048130322102923895,0.01977671451355656,0.03372478169226145,0.07605633802816891,0.07605633802816891,0.09259259259259256,0.05660377358490565,0.38564273789649417,-2.8,0.09375,1.2585365853658534,0.17311647036829303,0.05357946870778929,0.367816091954023,0.37136465324384793,0.023354564755838636,0.024793388429751984,-0.08626465661641547,0.010183299389002087,0.005953423218350462,0.3341772151898734,0.026548672566371723,0.05173047248144602
2004-10-01,-0.0005840596639410389,-0.04582314326168102,-0.051847940865892284,-0.09285187914517312,0.037378792618079526,-0.025050975822895394,0.04973821989528804,0.04973821989528804,0.016949152542372836,0.03571428571428559,-0.9457831325301205,-4.903381642512077,-0.6761904761904762,-1.8552915766738662,-0.12621513944223106,0.06153846153846154,0.0793650793650793,0.09298531810766719,0.029045643153526868,0.040322580645161255,-0.23342499236174752,0.012096774193548265,0.03812010443864233,0.06072106261859589,0.034482758620689724,0.05184098372109269
2004-12-31,0.045403461452011795,-0.19303925536220157,0.07907339347366071,0.12266450040617394,0.022614201718679228,0.10128473259635484,0.12468827930174564,0.12468827930174564,0.13333333333333353,0.12068965517241392,16.844444444444445,3.540841584158416,8.823529411764707,3.0138888888888893,-0.5797920846252052,0.2592592592592593,0.054498269896193774,0.05671641791044779,0.027217741935483764,0.22093023255813948,0.14906337186129925,0.01195219123505975,-0.021797451374916177,0.030411449016100267,0.025000000000000133,-0.2812022583859184
2005-04-01,0.020726725435390225,0.04379806084921434,-0.004541232325317335,-0.008502170767004325,0.03877340409848151,0.04734129137276177,0.2372505543237251,0.2372505543237251,-0.3823529411764707,-0.3846153846153846,-0.16936488169364883,-0.9509403107113655,-0.9221556886227544,-1.1421830764391319,0.19618055555555558,-0.009910485933503854,0.09515996718621822,0.10593220338983045,0.035328753680078595,-0.03492063492063491,-0.07388137356919877,0.011811023622047223,0.017655125128556604,0.08506944444444442,0.016260162601626105,0.052719123966178394
2005-07-01,0.03526140624341756,0.05509288917360666,0.055780196993260756,0.07681080094873205,0.02121771217712176,0.06449941717394125,0.09677419354838701,0.09677419354838701,0.09523809523809534,-0.050000000000000044,1.2473763118440782,0.288888888888889,8.192307692307692,1.256637168141593,0.37010159651669094,-0.01872780109783656,0.09513108614232202,0.1008939974457217,0.024644549763033208,-0.052631578947368474,-0.12097378277153559,0.011673151750972943,-0.013643254168772101,0.07840000000000003,0.02400000000000002,-0.020145716292134908
2005-09-30,0.14206071457638147,0.264344262295082,0.28773445939310616,-0.01016604540833621,0.03898269751928285,-0.07567830636330453,-0.17810457516339873,-0.17810457516339873,-0.17391304347826086,-0.052631578947368474,-0.4436290860573716,0.034482758620689724,-13.184100418410042,2.446078431372549,0.9308792372881356,0.20763409016123724,0.019835841313269542,-0.010440835266821269,0.03422756706753005,0.18055555555555558,0.12100553898593946,0.01538461538461533,-0.09016393442622939,0.01928783382789301,-0.03125,0.2773124300111982
2005-12-30,0.0282558346695172,-0.22348280208896087,0.038816441699077275,0.06128038343033215,0.01899411449973254,0.10780571278136097,-0.4035785288270378,-0.4035785288270378,-0.39473684210526316,-0.38888888888888884,-0.6894484412470023,18.754166666666666,-1.0013736263736264,-2.283072546230441,-0.6185708407625841,0.12397820163487738,-0.09792085848423882,-0.1207502930832357,0.016994633273702986,0.08529411764705874,0.07031546940326883,0.015151515151515138,-0.009009009009009028,-0.10189228529839878,-0.024193548387096753,-0.26830551269462755
2006-03-31,0.05565181232240635,0.12005256648113782,0.06731757451181908,0.15709677419354828,0.04522184300341303,0.046934410646387814,1.4166666666666665,1.4166666666666665,1.347826086956522,1.3636363636363638,3.0810810810810807,-0.9204809112001687,28.25,-1.1272727272727272,0.20640057533261413,0.1146666666666667,0.052044609665427455,0.020000000000000018,0.04309586631486373,0.09485094850948506,0.20063920454545459,0.014925373134328401,-0.010037878787878762,0.050243111831442366,-0.024793388429752095,-0.032015336688233975
2006-06-30,0.03147977941176472,-0.014148664504106567,0.01808927711672048,0.048369110677446425,0.04370486656200945,0.1263193735103847,0.1737931034482758,0.1737931034482758,0.20370370370370372,0.03846153846153855,0.12771996215704817,5.175066312997347,2.6495726495726495,-3.686411149825784,-0.45961251862891206,-0.058938668986515785,0.07208480565371045,0.04705882352941182,0.04721753794266448,-0.09653465346534651,-0.13516711032238993,0.014705882352941124,0.011861488425483069,0.05709876543209891,-0.008474576271186418,-0.05966232608803279
2006-09-29,0.015307259014097907,0.024152898347801655,-0.019254154843939997,0.170456056375482,0.04608627639732865,-0.045949214026602125,-0.014101057579318454,-0.014101057579318454,-0.03076923076923077,0.11111111111111094,-0.5453020134228188,-1.3333333333333333,-0.5807962529274004,-1.7444876783398184,0.6332046332046333,-0.02750173330251915,0.098220171390903,0.10486891385767771,0.04347826086956519,-0.0712328767123287,-0.12243502051983579,0.019927536231884035,0.030440536963509235,0.08175182481751819,0.017094017094017033,-0.125
2006-12-29,0.01360330992978942,0.03506733201175738,-0.010746021905352343,-0.01749403612404865,0.03393339851613275,0.07329953527672162,0.12038140643623363,0.12038140643623363,0.12698412698412698,0.1166666666666667,1.3634686346863467,-1.356958762886598,0.6983240223463687,-0.3745644599303136,0.24248564674096595,0.02709125475285168,0.1860744297719088,0.20225988700564979,0.0347222222222221,-0.017699115044247815,-0.10405300077942325,0.019538188277087087,0.019999999999999796,0.17948717948717952,0.025210084033613578,0.053496208930075895
2007-03-30,0.21862823922320485,0.1807555144630828,0.3546410417101873,0.37125679269279677,0.10997385548200489,0.05530407400118098,1.2861702127659576,1.2861702127659576,1.2816901408450705,1.2686567164179103,0.10070257611241207,-0.3393501805054152,-0.6513157894736843,0.5863509749303621,0.309594998640935,0.1427579824155485,0.34463562753036436,0.3298872180451127,0.10812826249067853,0.10510510510510507,-0.07785993910395816,0.019163763066202044,-0.08922468069796718,0.35812356979405036,-0.024590163934426257,-0.13891586222653785
2007-06-29,0.1180470970361347,0.022875999776273748,0.28621363215791096,0.3811973018549748,-0.045905582840533254,0.1260723610593062,-0.5923685435086087,-0.5923685435086087,-0.5679012345679013,-0.6776315789473684,-0.18226950354609928,21.650273224043715,-19.132075471698112,-1.9964881474978051,-0.23557492735574925,0.04231625835189301,-0.027474595408355174,-0.08056537102473493,-0.06796769851951545,-0.05978260869565222,-0.27075471698113196,0.01880341880341896,-0.1465534268220422,-0.046335299073294034,-0.03361344537815125,-0.2594361525704809
2007-09-28,0.010167952791647838,0.022583114610673638,-0.07773159619534808,-0.13936878090470672,0.12569597646811648,0.018963232858562495,0.14383561643835607,0.14383561643835607,0.08571428571428585,0.48979591836734704,-0.44405897658282745,-0.9382388419782871,-1.325182101977107,-0.7823788546255507,-0.06706489275047511,0.11149961149961163,-0.01934984520123839,-0.047655649500384256,0.12924187725631775,0.1936416184971097,0.1287192755498059,0.025167785234899487,0.1143253876417496,-0.030918727915194233,-0.017391304347826098,0.1881941956288069
2007-12-28,0.02255774242832742,0.048072295599165926,0.014993283355722253,-0.2755000709320471,0.030703186972143248,0.07086550182852491,0.14071856287425155,0.14071856287425155,0.10526315789473673,0.1369863013698629,0.9453978159126366,0.6328125,-0.11839999999999995,-2.133603238866397,0.0814901047729919,0.08476057322614472,-0.01104972375690616,-0.037933817594834496,0.03452685421994883,-0.03874092009685226,0.042979942693409656,0.0245499181669393,0.007892004153686516,-0.02370100273473108,-0.017699115044247593,0.4465887674330946
2008-03-28,-0.005690806820179306,0.025051020408163316,0.0002561584767108993,0.008615625611905209,-0.011996921544660255,0.009030887151855405,-0.055118110236220486,-0.055118110236220486,-0.04761904761904756,-0.06024096385542166,0.318364073777065,-0.27751196172248804,2.9292196007259528,-3.8464285714285715,-0.2144779332615716,-0.13581440309328174,-0.22426177174780526,-0.23238255033557054,0.0012360939431397266,-0.16372795969773313,-0.17417582417582422,0.02396166134185318,-0.006181743251596927,-0.24743230625583568,0.018018018018017834,0.016311428422533636
2008-06-27,0.007358628157249303,0.018714847444129212,-0.024883691151991072,-0.03416812269462244,0.04197214076246336,0.07791817087845976,0.12685185185185177,0.12685185185185177,0.19999999999999996,0.16666666666666674,0.19890510948905105,0.22516556291390732,-0.6337182448036951,-1.9799247176913424,0.2675573826652964,0.06823266219239366,0.03755144032921809,0.0732240437158469,0.04629629629629628,0.06626506024096401,0.34730538922155696,0.023400936037441422,0.03421107194692108,0.03722084367245637,0.03539823008849563,0.05476361398830898
2008-09-26,0.02739876277804587,0.07553622905164414,0.05488925851352544,0.13336683417085426,-0.00021987686895341696,-0.04570192576053589,-0.02465078060805259,-0.02465078060805259,-0.07291666666666663,-0.03296703296703296,-0.8097412480974124,-0.1594594594594595,-0.5725094577553593,-1.3559539052496798,-0.07513513513513514,-0.15357766143106455,0.026772434308378834,0.02851323828920571,-0.003539823008849474,-0.192090395480226,-0.26320987654320993,0.030487804878048808,-0.02686447473937459,0.01555023923444998,0.017094017094017033,-0.05104521147301899
2009-01-02,-0.08831002455428627,-0.01980647799027846,-0.11593360995850621,-0.11864857674913543,-0.059027930503628756,0.11384075455143683,-1.3251895534962088,-1.3251895534962088,-1.3258426966292134,-1.3295454545454546,3.048,0.09646302250803851,1.8171091445427727,-1.3776978417266186,0.030683810637054387,-0.225979381443299,-0.32544664413326907,-0.31980198019801986,-0.052101835405565344,-0.22377622377622364,-0.2600536193029491,0.029585798816567976,0.03213844252163156,-0.35453474676089514,0.050420168067226934,0.11214139344262297
2009-04-03,0.014543666128012278,0.013811002456319166,0.010372664977001733,0.0031190260589597507,0.018697704856728947,-0.10614415124064591,-3.9585492227979273,-3.9585492227979273,-4.0,-3.9655172413793105,0.41765480895915674,0.12316715542521983,-0.19057591623036652,8.457142857142857,0.281542387297987,-0.03276505061267976,0.02075876879026506,0.03056768558951961,0.02810743285446593,0.022522522522522515,0.4429347826086958,0.028735632183908066,0.004191616766467066,0.014598540145985384,0.016000000000000014,0.010686811921323036
2009-07-03,0.030724838411819055,-0.14998857142857147,0.2059274399591211,0.11303911735205618,-0.14233928325609135,-0.44760226187853414,-2.369527145359019,-2.369527145359019,-2.367816091954023,-2.383720930232558,0.2188661710037174,18.87206266318538,-5.188874514877102,-2.7200402819738168,-0.37787610619469025,-0.18149270173505927,-0.8744740532959328,-0.8799435028248588,-0.13365735115431354,-0.20264317180616742,-0.2096672944130571,0.027932960893854775,-0.16795865633074925,-0.8633093525179856,-0.11023622047244108,-0.2363155735837018
2009-10-02,-0.016595373003964076,-0.03312896633322582,-0.04845916795069338,-0.1146255744795891,0.027660371301696074,0.5993086944961445,-1.668158567774936,-1.668158567774936,-1.6638655462184875,-1.6638655462184875,-0.4872283644681662,-0.974247799237945,-1.5105003088326128,-0.7066744730679158,-0.17816500711237548,0.10262449528936757,-0.34636871508379885,-0.3647058823529412,0.02244039270687237,0.27071823204419876,9.011119936457506,0.029891304347825942,0.04491161012900147,-0.35526315789473684,-0.017699115044247593,0.09202673669133454
2010-01-01,0.03158733773627875,0.04271887862943591,0.01862197392923659,0.028702290076335846,0.04826114119117042,0.012219451371570988,0.33492822966507174,0.33492822966507174,0.35443037974683556,0.3417721518987342,0.3895910780669145,1.8826530612244898,-0.676950998185118,-2.5788423153692612,0.34227607096495016,0.28349099786389975,7.6410256410256405,7.444444444444445,0.05555555555555558,0.25217391304347836,0.9629482703903522,0.029023746701847042,0.01623228166438051,8.081632653061224,-0.08108108108108114,0.013662695376543743
2010-04-02,0.021634986864472294,0.019897578150005257,-0.0021460933153167883,0.002374591867022824,0.05135336478768315,0.09181243327584787,0.1913978494623656,0.1913978494623656,0.1869158878504673,0.19811320754716988,0.6795077581594435,0.7752212389380531,1.207865168539326,0.20733249051833114,0.30786589297227596,0.09771754636233942,0.26805143422354116,0.23684210526315774,0.05912930474333988,0.04166666666666674,-0.8772078735701871,0.028205128205128105,0.029021372328458916,0.26741573033707877,-0.019607843137254943,0.017468190640500314
2010-07-02,0.023121637098342696,0.043830744285789036,0.01346184483033297,0.02941466785114999,0.034342670886673865,0.09507333584054156,-0.08904933814681104,-0.08904933814681104,-0.07086614173228356,-0.07874015748031504,-0.4667091430391844,-0.26520438683948155,-0.6242578456318915,-0.481675392670157,0.12201133842740952,0.02599090318388564,1.126365054602184,1.1790780141843973,0.04110429447852759,-0.029999999999999916,-0.19223173140223837,0.02743142144638422,0.0111499781372979,0.9131205673758864,0.1399999999999999,0.013988978380669703
2010-10-01,0.09968952626354355,-0.03126722453274544,0.1445413817495873,0.35995780995301563,0.04754293021556455,-0.03468644824507172,0.08256274768824312,0.08256274768824312,0.0847457627118644,0.08547008547008561,0.7616487455197132,6.725915875169607,-4.589164785553047,-3.298989898989899,-0.25,-0.04918724931391172,0.05796038151137184,0.058584214808787616,0.05362404242781382,-0.08934707903780081,-0.5721271393643031,0.03033980582524265,-0.04756756756756764,0.06394810009267848,-0.00877192982456143,-0.28767767558528423
2010-12-31,0.08848214800161336,0.22609010500181048,0.12584123060019237,-0.2460692378199253,0.041069015128395225,0.023552013661590987,-0.07809640024405129,-0.07809640024405129,-0.07031250000000011,-0.07086614173228356,-0.679891488640217,-0.882683526519143,1.3301886792452828,-4.509666080843585,1.1698886936145283,0.00399644760213147,-0.0239251040221915,-0.039200614911606424,0.04418344519015682,-0.04528301886792452,-0.09714285714285709,0.029446407538280317,-0.04358683314415435,-0.020905923344947674,-0.017699115044247593,0.6262930085833762
2011-04-01,0.06385644210749186,0.11078299021262228,0.07755649760590444,0.2251940521836715,0.04045395535826457,-0.017518248175182438,-0.0767703507610854,-0.0767703507610854,-0.07563025210084018,-0.07627118644067787,0.7743644067796611,0.7724550898203593,-0.7487179487179487,-0.6387080620931397,0.19478941684665219,0.043785935426802425,-0.07957371225577259,-0.10399999999999998,0.046063202999464314,0.0,0.01793248945147674,0.028604118993134975,-0.021837170662235894,-0.05604982206405695,-0.04504504504504503,-0.09337784193431986
2011-07-01,0.02380044117890967,-0.15807064185339914,0.036114570361145626,0.09190138157392558,0.007043670758704046,0.1797919762258544,-0.043010752688172005,-0.043010752688172005,0.0,-0.02752293577981657,0.6495522388059702,4.5988175675675675,-2.3941997851772285,-4.591129591129591,-0.5854705682973675,0.02902542372881345,-0.060980316480123586,-0.09017857142857144,0.06554019457245253,-0.015810276679841695,0.06839378238341975,0.027808676307007785,-0.01650084930842033,-0.06503298774740818,-0.028301886792452824,-0.22892825156732
2011-09-30,-0.006771643338517319,-0.015608083724287236,0.08227709790209792,0.20636141209367365,-0.13689048760991207,-0.1242053496461557,-0.08913857677902626,-0.08913857677902626,-0.0818181818181819,-0.047169811320754707,-0.7151646760767282,-0.8764519535374868,-0.5701078582434514,-0.8813199536858356,-0.16762060506950127,-0.18056413423924245,-0.058775174681463094,-0.1079489695780178,-0.10379625180201824,-0.23293172690763064,-0.16100872938894273,0.030303030303030276,-0.13101406365655066,-0.0796370967741935,-0.029126213592232997,-0.18403561979738026
2011-12-30,0.006719947806230531,0.02089634313995048,-0.010701665825340712,-0.037434084719244365,0.03903681407733273,-0.009518592070122622,0.09457236842105265,0.09457236842105265,0.15841584158415833,0.14851485148514842,1.5324015247776366,-0.33333333333333337,0.15591397849462374,-2.326829268292683,0.2671905697445973,-0.0879396984924623,-0.01834061135371179,-0.05280528052805278,0.05630026809651478,0.020942408376963373,-0.03352601156069379,0.02941176470588247,0.03208404315729685,-0.03504928806133634,-0.020000000000000018,0.06065638592328981
2012-03-30,-0.08478338355853665,-0.008618367896579548,-0.043882028778446824,-0.09463608452230454,-0.15616365094928242,0.020464601769911495,-3.653643876784373,-3.653643876784373,-3.6923076923076925,-3.7155172413793105,0.02960361264425493,-0.0146520146520146,2.7581395348837208,-2.0784313725490193,-0.227390180878553,0.12121212121212133,-0.9292704626334519,-0.9326364692218351,-0.15532994923857857,0.06153846153846154,0.1267942583732058,0.03367346938775517,-0.07785419532324622,-0.9341657207718501,0.020408163265306145,0.09498956158663874
2012-06-29,-0.009931137035529058,0.17739744634610166,-0.026923897961361964,-0.05951193563401824,0.024030843984366834,-0.2760162601626016,-1.365515288788222,-1.365515288788222,-1.3714285714285714,-1.3650793650793651,0.8016569200779726,0.08921933085501865,0.019389438943894444,-1.6477272727272727,0.19063545150501682,0.033415233415233336,-0.06289308176100639,-0.10344827586206895,0.028846153846153966,0.22222222222222232,54.81210191082803,0.03257650542941759,0.03430787589498818,-0.03448275862068961,-0.06999999999999995,0.2518725316628083
2012-09-28,-0.04264411386067801,-0.0930626057529611,-0.03995393095127098,-0.11248585972850678,-0.047707462994481364,0.18051656372824265,-1.6646010844306738,-1.6646010844306738,-1.6581196581196582,-1.6608695652173915,-0.6740600486881255,-0.3754266211604096,-0.5301497369486038,-1.512280701754386,-0.08202247191011236,0.07822158820732295,-6.993288590604027,-6.980769230769231,-0.050233644859813076,0.04743083003952564,-0.49261055634807416,0.03537284894837467,-0.005480242284395809,0.0,-0.010752688172043001,0.02192004351373411
2012-12-28,-0.021104532805408693,-0.042062415196743586,-0.024507283633247612,-0.07336891579702065,-0.012781629116117799,0.02013476020610394,-1.5652680652680653,-1.5652680652680653,-1.5584415584415585,-1.5657894736842106,0.31950207468879666,-0.04371584699453557,0.056847545219638196,-1.0445205479452055,0.00397796817625462,0.07872105843439914,0.5610302351623739,0.540192926045016,-0.006765067650676637,0.13584905660377355,0.0,0.03416435826408115,0.008700696055684354,0.0,0.010869565217391353,0.0337449435810091
2013-03-29,-0.031480739511190015,-0.059268767705382475,-0.004421410166315254,0.23933975240715277,-0.0819618169848585,-0.0646514880721113,0.9546391752577319,0.9546391752577319,0.9767441860465116,0.9767441860465116,0.469811320754717,-3.817142857142857,0.6259168704156479,99.6923076923077,0.39896373056994827,-0.03679476696647599,-1.7352941176470589,-1.732776617954071,-0.05448916408668725,-0.029900332225913595,0.0,0.03303571428571428,-0.05232892466935013,5.910714285714286,-0.021505376344086002,-0.2409123674183915
2013-06-28,-0.04292496503358745,-0.0833764644991295,-0.03026381577012438,-0.10002774694783578,-0.06698936297358671,0.12951732159175866,-0.41455696202531644,-0.41455696202531644,-0.388235294117647,-0.4,0.368421052631579,-1.473630831643002,1.0120300751879698,-2.0542398777692896,-0.30065359477124187,-0.018039049235993088,-0.36097560975609755,-0.37321937321937326,-0.04387688277668633,0.03767123287671237,-0.8961238566501725,0.03197925669835766,-0.02487864077669899,-0.42894056847545214,0.09890109890109877,0.01844943362951912
2013-09-27,-0.01599291947966408,-0.03008059134541352,-0.044461967730195284,-0.12401726529983048,0.04419394094664697,-0.12334510150044131,1.2666666666666666,1.2666666666666666,1.25,1.2745098039215685,-0.46028767979987495,-0.8629550321199143,-0.6165919282511211,-1.117391304347826,0.05046728971962611,0.172465960665658,1.9633587786259539,1.9590909090909094,0.044520547945205546,0.22772277227722793,0.9007578491519308,0.035175879396984966,0.06098319850653389,1.9140271493212668,0.010000000000000009,0.10729270729270723
2013-12-27,0.021628631790323594,0.04387404075152146,0.006443217164984416,0.012582490101187949,0.051094890510948954,0.02626059233157152,0.08267090620031792,0.08267090620031792,0.08547008547008561,0.0862068965517242,-0.380648899188876,7.0625,-0.6556205328135153,-1.1728395061728394,-0.008303677342823224,0.1791705069124423,0.29160226687274604,0.2918586789554529,0.05245901639344264,0.1263440860215055,-0.588380482247959,0.03398058252427183,0.029032258064515926,0.2857142857142858,0.00990099009900991,0.030855286900036027
2014-03-28,0.015253577936569673,0.04101602109105662,-0.00230218549938499,0.02181091414668046,0.04773576097105514,0.03621648136036626,0.038179148311306976,0.038179148311306976,0.03937007874015741,0.039682539682539764,0.6323666978484566,0.12403100775193798,0.7660377358490567,-6.428571428571429,0.045454545454545414,0.10739409098014696,0.09254088552054252,0.12009512485136753,0.05046728971962611,0.05250596658711215,-0.135608856088561,0.032863849765258246,0.03191792533485316,0.09903381642512077,0.019607843137254832,0.018845906995740735
2014-06-27,-0.005525753236800712,-0.03019529537817167,-0.018270324946263794,-0.052130283187345916,0.01704355575359262,0.048836291913215035,-0.07072135785007072,-0.07072135785007072,-0.053030303030303094,-0.06870229007633588,1.264756446991404,-0.19655172413793098,0.5769230769230769,12.907894736842104,0.6046910755148742,0.044184076792772364,0.12121212121212133,0.16135881104033967,0.03380782918149472,-0.0045351473922903285,-0.06883671291355387,0.031818181818181746,0.022645677989505675,0.17252747252747258,-0.009615384615384581,0.023135952353682265
2014-09-26,-0.019183971447112258,-0.03349570632250287,-0.02099298087449286,-0.029068724205993157,-0.016374589266155537,-0.13088611403640737,-0.047945205479452024,-0.047945205479452024,-0.04800000000000004,-0.032786885245901676,-0.7973178137651822,-0.2703862660944206,0.01693766937669383,-1.5293282876064334,-0.19946524064171123,-0.03109368662971468,-0.02442201237381958,-0.004570383912248621,-0.014916810097532873,-0.06378132118451008,-0.17020057306590253,0.03450807635829678,0.0029705644072373083,0.00562324273664494,-0.01941747572815533,-0.00458972349714537
2015-01-02,-0.007939461605259934,0.011119193598669863,-0.017693876208643045,-0.050175568286823125,0.00862980903067756,0.04405400727020936,0.1151079136690647,0.1151079136690647,0.12605042016806745,0.1186440677966103,0.7740324594257177,0.12058823529411766,-0.5376415722851433,-1.1823056300268098,0.045424181696726684,-0.05776475512766843,-0.007343124165554049,0.011019283746556585,0.013395457192777904,-0.04379562043795626,-0.06146408839779005,0.03335699077359844,0.016693591814754827,0.010251630941286116,0.00990099009900991,0.06455240665766993
2015-04-03,0.007565337001375516,0.0391058581706063,0.00244408731753043,0.019165288452184015,0.01606314859792457,-0.016330929287905138,-0.09892473118279566,-0.09892473118279566,-0.09701492537313439,-0.09090909090909094,0.21745249824067558,-0.3910761154855643,0.6772334293948126,-0.10784313725490191,0.03876464323748663,0.07863171923589518,-0.03530598520511097,-0.02270663033605813,0.014367816091954033,0.0661577608142494,0.0654893303899926,0.032280219780219666,0.00820974576271194,-0.012915129151291449,-0.009803921568627416,0.019543629833086884
2015-07-03,1.7156893163719102,0.7427426932397012,2.2487224875588656,1.1773577701412754,0.8454935622317596,0.2933591774818809,-1.4478918058870325,-1.4478918058870325,-1.4214876033057853,-1.425,1.6520231213872831,136.44396551724137,-24.272336769759452,-1.3681318681318682,-0.013737953660036939,0.09239428885227885,-0.4736842105263158,-0.550185873605948,0.5512747875354109,0.07637231503579933,0.11671270718232063,0.031270791749833604,-0.32046230627790917,-0.38598130841121503,-0.26732673267326734,-0.1996166200393742
2015-10-02,-0.04303450377027951,-0.13365493757094216,-0.0643569445872314,-0.1797457255589654,0.01913453046806013,0.18003518602984303,-3.6287744227353462,-3.6287744227353462,-3.3529411764705883,-3.313725490196078,-0.8605056669572799,-0.9924734217706275,-1.0708774779430765,23.029850746268657,-0.3347193347193347,-0.026768882744752975,-0.10066225165562903,-0.1652892561983471,0.016435354273192093,-0.3725055432372505,0.5015460729746444,0.032258064516129004,0.06494008504058768,-0.05327245053272445,-0.1216216216216216,0.05618486633439046
2016-01-01,-0.03716969118115254,-0.07140517523747136,-0.028128777057466192,0.14323890967397124,-0.06094742923165797,0.01766979569298721,-2.027027027027027,-2.027027027027027,-2.0250000000000004,-2.0423728813559325,4.046875,0.04166666666666674,-0.46354166666666663,-2.1863354037267078,0.596875,0.05565599173553726,-0.8387334315169367,-0.849009900990099,-0.06288178224937113,0.03886925795053009,0.055601317957166385,0.03125,-0.024682395644283206,-0.8344051446945338,-0.07692307692307698,-0.1877183305754735
2016-04-01,-0.016285029346118862,0.010934744268077612,-0.03527416619559076,-0.0593735390369331,0.03537373115964315,0.035811177428106244,-2.105263157894737,-2.105263157894737,-2.097560975609756,-2.0894308943089435,-0.6284829721362228,1.52,1.5728155339805827,-2.094240837696335,-0.40900195694716246,-0.019449541284403682,0.4611872146118723,0.4262295081967211,0.03489263803680975,0.04421768707482987,3.8868513460788137,0.030303030303030276,0.052847041310011056,0.47572815533980584,-0.050000000000000044,0.0747698807907049
2016-07-01,0.00806722689075623,-0.09002093510118636,0.047579983593109,-0.02385685884691846,-0.0920974450386215,-0.002619172341540077,-0.04761904761904767,-0.04761904761904767,-0.04444444444444451,-0.02985074626865669,2.475,-2.761904761904762,0.2566037735849056,-1.8851674641148324,0.6125827814569536,-0.014096806387225547,2.0843749999999996,2.06896551724138,-0.08855131530196358,-0.04560260586319209,-0.19105788423153702,0.02941176470588225,-0.0993283845881936,1.8552631578947367,0.08771929824561409,-0.0678132678132678
2016-09-30,-0.018172724241413807,-0.07016871165644167,-0.02405190737218932,-0.05498981670061098,-0.0009816753926701338,-0.07878151260504207,0.0,0.0,0.0,-0.023076923076923106,-0.8968824940047961,-1.4144144144144144,-0.39639639639639634,-2.097297297297297,-0.41683778234086244,0.10641528533468292,0.06990881458966558,0.05243445692883886,-0.0012195121951219523,0.21160409556313975,-0.6667982629293328,0.03028571428571425,0.01726844583987419,0.04377880184331784,0.0,-0.01604036448527757
2016-12-30,-0.013584649346238709,0.07711340206185557,-0.030261348005502064,-0.10290948275862066,0.03406485424172945,-0.030786773090079822,0.10624999999999996,0.10624999999999996,0.10077519379844957,0.10236220472440927,4.8604651162790695,-0.3913043478260869,-0.30348258706467657,-1.3793103448275863,0.27112676056338025,0.12328453796889294,0.9943181818181819,1.0,0.03256003256003259,0.12676056338028174,0.08560426540284372,0.029395452024403745,0.04822530864197527,1.019867549668874,-0.016129032258064502,0.20067350375019144
2017-03-31,-0.043983473919779636,0.10107197549770297,-0.03156028368794328,0.0402402402402402,-0.07697180867912579,-0.12411764705882355,-0.519774011299435,-0.519774011299435,-0.5070422535211268,-0.5071428571428571,-0.23015873015873012,-13.321428571428571,3.2928571428571427,-1.7662337662337664,-0.1634349030470914,0.07982081042557532,-0.09259259259259267,-0.10854092526690395,-0.057942451714623644,0.04499999999999993,-0.4551159618008186,0.028556034482758674,-0.03422892896577101,-0.07103825136612019,-0.032786885245901676,0.05845232024477309
2017-06-30,-0.09156387863509496,-0.2792072322670376,-0.1258391309654583,0.1120092378752886,0.0048043925875085325,-0.35728676964405637,0.5411764705882354,0.5411764705882354,0.5428571428571431,0.6086956521739133,-0.5876288659793815,0.7362318840579709,-0.17470881863560728,-4.084745762711865,0.6026490066225165,0.03950594003394303,-0.03976975405546834,-0.009980039920159722,0.023012552301255207,0.10287081339712945,0.18477716574862302,0.027763226820324727,0.10594512195121952,0.10235294117647054,-0.10169491525423724,-0.35182174043962666
2017-09-29,0.0008919722497522375,0.026049204052098318,-0.006981290142418328,-0.004153686396677014,0.020150273224043724,0.4764890282131662,0.2290076335877862,0.2290076335877862,0.25,0.18918918918918903,0.1875,-1.0383973288814692,-0.6491935483870968,-1.5274725274725274,-0.19834710743801653,0.09333333333333349,0.007629427792915644,0.040322580645161255,0.024948875255623726,0.06941431670281983,0.13989856297548608,0.02905198776758411,0.019297036526533473,0.06403415154749181,-0.018867924528301883,0.030381863792622754
2017-12-29,-0.02406178829587091,0.002350728725905027,-0.03515185601799775,-0.0922836287799792,0.0023434884499498043,0.08634111818825185,-0.1366459627329193,-0.1366459627329193,-0.13333333333333341,-0.1287878787878789,1.9263157894736844,-0.04347826086956519,0.26436781609195403,-1.3541666666666667,0.08762886597938135,0.14675626348100201,-0.055705786911844246,-0.02713178294573637,0.006384676775738285,0.1196754563894522,0.1338524286243974,0.02823179791976238,0.02704530087897239,-0.04012036108324979,0.0,0.10423805229936867
2018-03-30,0.021712662337662447,0.13227016885553478,0.01034683765665978,0.2326249282021826,0.047762191048764224,0.021498371335504807,0.4460431654676258,0.4532374100719425,0.45299145299145294,0.4434782608695653,-1.514388489208633,0.6363636363636365,-1.9,-0.38235294117647056,0.04976303317535535,0.10475294798524204,0.20389461626575023,0.2549800796812749,0.04758128469468681,0.09782608695652173,0.16939175931981687,0.027456647398843792,0.025345622119815614,0.20898641588296774,0.05769230769230771,-0.08141433937612275
2018-06-29,-0.02293942403177751,-0.07912178956089477,-0.06000288475407467,-0.16682199440820134,0.05897354160025503,0.0625,0.07960199004975133,0.07425742574257432,0.07058823529411762,0.07831325301204828,-4.643356643356643,0.6666666666666667,-4.075757575757576,-8.380952380952381,-0.34988713318284426,0.024949250212821683,0.09990485252140813,0.1428571428571428,0.07191521574564708,-0.02310231023102305,-0.16470917225950776,0.026722925457102642,0.08378812199036911,0.005185825410544576,0.1272727272727272,0.10525380033780785
2018-09-28,0.005081817257851506,0.029239766081871288,0.019640939082399944,0.09395973154362425,-0.023479831426851283,-0.07442977190876354,-0.018433179723502335,-0.009216589861751112,-0.005494505494505475,-0.011173184357541888,-0.7754318618042226,-0.4833333333333333,-0.8866995073891626,-1.1096774193548387,0.05902777777777768,-0.00038333759263997624,0.053200692041522446,0.07916666666666683,-0.026483050847457612,-0.06756756756756765,-0.11516571811181797,0.031050228310502304,-0.028436018957346154,0.05331040412725696,0.032258064516129004,-0.059197297514678726
2018-12-28,-0.003741530994033737,0.010052447552447497,-0.030850263355906682,-0.06850715746421265,0.05178791615289757,0.08041504539559008,0.05633802816901401,0.04651162790697683,0.055248618784530246,0.05649717514124308,2.0085470085470085,0.16129032258064524,2.9565217391304346,1.2352941176470589,0.12459016393442623,-0.0453150965102902,0.07597535934291577,0.11196911196911197,0.050417120058034115,-0.018115942028985477,-0.11275066212637153,0.030558015943312755,0.05579268292682937,0.0881632653061224,0.015625,0.08438061041292633
2019-03-29,-0.006090133982947665,-0.011250540891388994,-0.0395962732919255,-0.11855104281009876,0.057151230949589626,0.037214885954381716,0.08000000000000007,0.0755555555555556,0.0785340314136127,0.08021390374331538,0.15056818181818188,0.02777777777777768,0.3919413919413919,-1.236842105263158,-0.026239067055393583,-0.007297315391310177,0.010305343511450404,0.05555555555555558,0.05455801104972369,-0.05535055350553497,-0.10831556503198292,0.029222174473571005,0.06381749927808267,0.02175543885971476,0.030769230769230882,0.12172816146326082
