Quarter end,Assets,Current Assets,Liabilities,Current Liabilities,Shareholders equity,Revenue,Earnings,Earnings available for common stockholders,EPS basic,EPS diluted,Cash from operating activities,Cash from investing activities,Cash from financing activities,Cash change during period,Cash at end of period,Price,ROE,ROA,Book value of equity per share,P/B ratio,P/E ratio,Cumulative dividends per share,Equity to assets ratio,Net margin,Asset turnover,Current ratio
1996-03-30,0.36302937119114476,0.4590024384837066,-0.11436748860339829,0.08703877038277752,0.882979163791914,0.05051278869652953,0.7102272727272727,0.7102272727272727,0.6923076923076923,0.09090909090909083,-0.922424544774258,1.6736334405144695,3.9109077040427156,-829.6504854368932,11.380133333333333,0.3078055964653903,0.03100775193798455,-1.1978021978021978,0.5656565656565657,-0.3571428571428572,0.08882521489971351,,0.3813914501257334,-0.019230769230769162,0.034653465346534684,0.3421680241191556
1996-06-29,0.36302937119114476,0.4590024384837066,-0.11436748860339829,0.08703877038277752,0.882979163791914,0.05051278869652953,0.7102272727272727,0.7102272727272727,0.6923076923076923,0.09090909090909083,-0.922424544774258,1.6736334405144695,3.9109077040427156,-829.6504854368932,11.380133333333333,0.3078055964653903,0.03100775193798455,-1.1978021978021978,0.5656565656565657,-0.3571428571428572,0.08882521489971351,,0.3813914501257334,-0.019230769230769162,0.034653465346534684,0.3421680241191556
1996-09-28,0.04835542286538308,-0.023353126006600222,0.08672223440813043,0.10978074667585136,0.027403735174172494,0.09144832119637236,0.2553393450403416,0.2553393450403416,0.09090909090909083,0.09090909090909083,11.763665594855306,1.859490879935859,-0.9951953444544541,-1.514885590092676,-0.4732959257304714,0.006756756756756577,0.03100775193798455,-1.1978021978021978,0.022580645161290214,-0.3571428571428572,0.08882521489971351,,-0.019872572815534006,-0.019230769230769162,0.034653465346534684,-0.1199584269286218
1996-12-28,0.06893755068937546,0.07144835139533212,0.12281421776076318,0.14014913305183718,0.040528106477221604,0.11679817813098459,0.39357277882797725,0.39357277882797725,0.3333333333333335,0.0,-0.9162363018012344,-0.7599537361558951,1.040948275862069,-0.8354343967596596,-0.14787854002658218,0.034675615212528044,0.03100775193798455,-1.1978021978021978,-0.012618296529968487,0.01388888888888884,0.08882521489971351,,-0.02662126605788573,-0.019230769230769162,0.034653465346534684,-0.06026896262714765
1997-03-29,-0.05471228790177951,-0.08597788335327394,-0.16197980645354582,-0.18837973940014752,0.006234533626723104,0.013258788634601837,-0.7966630493760174,-0.7966630493760174,-0.8125,-0.75,12.020300751879699,0.055774565630019035,-3.4192185850052796,2.711144911504425,-0.5941976819523432,-0.14162162162162162,0.03100775193798455,-1.1978021978021978,0.006389776357827559,-0.13013698630136983,0.08882521489971351,,0.06439815550962003,-0.019230769230769162,0.034653465346534684,0.1261604572911177
1997-06-28,0.10534644615360067,0.0842512605282304,0.27080577463479516,0.16056062063669985,0.03746155234841497,0.09400039085401612,2.5383589059372915,2.5383589059372915,2.5,2.5,-1.1105272275798348,0.5782049509058222,-6.624181580096028,-1.1261969521964306,0.2002838389214121,0.005037783375314797,0.03100775193798455,-1.1978021978021978,-0.11746031746031749,-0.003937007874015852,0.08882521489971351,,-0.06139826710487006,-0.019230769230769162,0.034653465346534684,-0.06573310774325924
1997-09-27,0.24656474534453632,0.26308726012184014,0.5730731575571386,0.45684626791893224,0.06000413685776107,0.2451863507483676,-2.819193061840121,-2.819193061840121,-2.6190476190476195,-2.6190476190476195,-3.2131661442006267,2.1501051524710832,1.717811408614668,-2.525243578387954,-0.17991920386244953,0.10902255639097724,-0.7759398496240602,-1.1978021978021978,0.05755395683453246,0.2569169960474309,0.12236842105263146,,-0.14961005888906564,-0.7941176470588236,0.028708133971291794,-0.1330096713289407
1997-12-27,0.2265818930422523,0.2412852337315856,0.17238604172031935,0.19032928255240966,0.27363057719409634,1.0966680504004689,-1.1900715100010364,-1.1900715100010364,-1.088235294117647,-1.088235294117647,3.1355051935788483,-0.9857854182313833,-0.7527913418429995,0.8141695702671312,-0.5299771716928992,-0.021468926553672274,-1.2013422818791946,-1.1978021978021978,-0.010204081632652962,-0.07232704402515722,2.2487690504103166,,0.03836795807598725,0.0,0.24651162790697678,0.04279809786231725
1998-03-28,0.024132683211143036,0.018214915821895383,0.020508220678461475,-0.10178091383113552,0.02705022884352548,-0.41326128035731446,2.2519083969465647,2.2519083969465647,4.666666666666667,4.333333333333334,-0.23101952277657267,26.814090019569473,2.7084440337299296,-1.4716175842936408,0.5649284253578732,0.013856812933025209,-4.166666666666666,-3.9444444444444446,0.02405498281786933,0.023728813559321882,0.0,,0.002883922134102379,-0.5,-0.02985074626865669,0.13360893283327635
1998-06-27,0.10170587855578006,0.10310718389433227,0.1825957493878796,0.2847964066009179,0.03861517660736746,0.06163530439270337,0.20942320590207908,0.20942320590207908,0.17647058823529416,0.1875,-2.390171479474427,0.05572363329346364,-1.0141103912285074,-0.2604072398190045,0.2669879124469128,0.18564920273348529,0.41052631578947385,0.37735849056603765,0.006711409395973256,0.1556291390728477,4.008660508083141,,-0.05733285406182609,0.38095238095238093,-0.034615384615384714,-0.14139629309372537
1998-09-26,0.13645603646608095,0.154751861558301,0.24230856738377526,0.1421991852617499,0.04232962252837824,0.1513556592727281,-0.6802994593095799,-0.6802994593095799,-0.7,-0.6842105263157895,-1.3100336412666205,0.48323892035988014,-55.384105960264904,-2.0480269195472625,0.03629214207438913,-0.01344860710854956,1.9925373134328357,1.8904109589041096,-0.043333333333333335,-0.02005730659025795,0.4798270893371759,,-0.08274547187797887,1.9655172413793105,-0.02390438247011939,0.010990454505648506
1998-12-26,0.012247474747474785,0.015205114866919223,0.003422734117455528,0.0012143513035145492,0.012769140587406635,0.21417928928981755,-0.6339982653946228,-0.6339982653946228,-0.6666666666666666,-0.8333333333333333,-1.5585601102307958,-1.1246854780733286,-0.7512583211560319,-4.545242265032107,0.755536203035581,-0.2074001947419668,-0.08478802992518686,-0.118483412322275,-0.006968641114982632,-0.16959064327485385,-0.9279454722492697,,0.0004157139887757122,-0.011627906976744096,-0.10612244897959189,0.013946034908397964
1999-03-27,0.18499750530123493,0.04440839198954194,0.3393415561080668,0.07792993217849586,0.022039418271660338,-0.10333764666151746,10.745260663507109,10.745260663507109,11.5,23.0,-5.081097748997841,-45.115315315315314,18.706103133159267,-2.2264119874855917,-0.5278151796470838,0.0884520884520883,0.20708446866485009,0.12365591397849474,0.024561403508771784,0.09507042253521125,0.14027027027027028,,-0.13754415125701225,0.16470588235294126,-0.0365296803652968,-0.031096493101533507
1999-06-26,0.004994671122748429,0.010642606303749913,-0.010335659083751225,0.005878744347064702,0.02528109475339102,0.042837032824633914,0.34540502370624426,0.34540502370624426,0.32000000000000006,0.3333333333333335,-2.3973554967888173,-0.9342836137885966,-0.9892347568297187,-1.788735230934479,0.8816599129521236,-0.23024830699774257,0.2686230248306998,0.20574162679425845,0.020547945205479534,-0.247588424437299,-0.3534012799241526,,0.02023608768971319,0.2222222222222221,-0.01421800947867291,0.004761274963629214
1999-09-25,0.020209320167686506,0.033411013558852565,0.013694794723426718,0.10010236104641179,0.028532387474933252,0.03483577980011088,-0.13601259653595266,-0.13601259653595266,-0.1515151515151515,-0.12499999999999989,1.0713204282469992,-0.10602858918582969,-14.173076923076923,0.19073963741595024,0.5579262213359921,-0.16862170087976547,0.3202846975088969,0.28174603174603186,0.030201342281879207,-0.18803418803418803,-0.3401759530791789,,0.00826446280991755,0.2975206611570247,-0.009615384615384581,-0.060637971128954526
1999-12-25,0.030148101188933074,0.013423674646353412,0.02388171885588708,-0.023899665421399097,0.03771187884107108,0.056094223506117924,0.34852035060314157,0.34852035060314157,0.357142857142857,0.3214285714285714,-0.8841465006395698,2.6732480533926584,-1.9914160583941607,-1.3575411007862759,-0.33395622680148473,-0.43033509700176364,0.37331536388140174,0.3374613003095974,0.032573289902280145,-0.4473684210526315,-0.5777777777777777,,0.007259953161592447,0.4012738853503186,-0.04854368932038844,0.03825493951142045
2000-03-25,-0.02637899447056813,-0.0335075737440117,-0.05807364603909315,-0.08303841543467094,0.01625513886770147,-0.09398767465943358,-0.26649076517150394,-0.26649076517150394,-0.26315789473684204,-0.2432432432432432,0.9952681388012619,-0.736240442122795,-1.6809400400518317,0.7221111555377848,-0.3310657596371882,0.14551083591331282,0.001962708537782021,0.02314814814814814,0.015772870662460692,0.1142857142857141,-0.19539473684210518,,0.04371076493838655,0.022727272727272707,0.0,0.053985963649451296
2000-06-24,-0.0012214896885627269,0.007458353980866583,-0.02611332991123405,0.028105887296325793,0.0266015561910371,0.025936693089687823,0.4371819617476751,0.4371819617476751,0.4285714285714286,0.3928571428571428,5.379446640316205,-0.33395522388059706,1.077415448490615,-4.307986997910378,1.6371732260844585,0.07027027027027022,0.03134182174338895,0.05203619909502244,0.01552795031055898,0.05128205128205132,0.035977105478331994,,0.02784584539986623,0.05333333333333323,0.0,-0.02006146491377847
2000-09-23,0.011443265776018174,0.010425581576285703,0.004007726201916029,0.033586122337768476,0.022084640513802878,0.06135972430980652,-0.008729625785971584,-0.008729625785971584,-0.025000000000000022,0.0,-0.6502035758541335,2.6920922215039864,-0.4468501478119665,-1.3038427794349885,-0.18862745098039213,0.07323232323232332,0.058879392212725534,0.08172043010752694,0.015290519877675823,0.05691056910569103,0.016574585635359185,,0.010619852622453463,0.07594936708860756,0.010204081632652962,-0.02243226761913053
2000-12-30,0.03948472776461487,0.028935062833367997,0.03076223767269748,0.06868008751966115,0.04860951401351277,0.08898790621470987,-0.21591328981401647,-0.21591328981401647,-0.20512820512820518,-0.2564102564102565,2.4356781376518217,0.02025094835132779,1.1820097854723373,-3.4393624393624393,0.5671016594167875,0.6211764705882352,-0.07354260089686093,-0.05168986083499005,0.03313253012048212,0.6000000000000001,0.4961180124223601,,0.00879262277503745,-0.06666666666666654,0.010101010101010166,-0.03716080737869276
2001-03-31,-0.04052822427355762,-0.056482463305614905,-0.10424650472351449,-0.14596403522475931,0.030912167996407947,-0.0956372772955687,0.1099591580270185,0.1099591580270185,0.09677419354838723,0.13793103448275867,-1.178099544845262,-0.589349044731724,-0.9225886573754657,-1.9588068181818183,-0.3469723450190192,0.17271407837445585,0.015488867376572957,0.04612159329140453,0.026239067055393583,0.13461538461538458,0.2423456149455112,,0.07440476190476186,0.03361344537815114,0.014999999999999902,0.1047711601647463
2001-06-30,0.017450420132495204,0.03355814769456611,-0.002870634243754333,-0.002018607128988714,0.03794726614848565,0.020862273634228323,0.47962071893574865,0.47962071893574865,0.44117647058823506,0.45454545454545436,-4.42155322140435,-0.04749965176208382,-2.3516042780748663,-2.8634567901234567,0.9901081024349285,0.08910891089108919,0.040038131553860934,0.0701402805611222,0.03409090909090917,0.05932203389830515,0.05012531328320802,,0.020182034032449447,0.05691056910569103,0.009852216748768461,0.03564696519080113
2001-09-29,0.06627547144377499,0.0948732889719004,0.07937484788428772,0.15042511866020103,0.05613826695049973,0.08822418499550544,0.20492587278813956,0.20492587278813956,0.20408163265306123,0.20833333333333326,0.20483442107807592,1.7663059374085992,0.17342565117045838,-0.15179541539684638,0.42199427795430267,0.017045454545454364,0.09165902841429885,0.11610486891385752,0.052197802197802234,-0.016000000000000014,-0.04415274463007157,,-0.00950349107835513,0.11538461538461542,0.004878048780487809,-0.04829315644717669
2001-12-29,0.08115270680705078,0.10120601868901291,0.12451238407545451,0.22169671558350812,0.03982292094859852,0.05837604998075108,0.07703909505854334,0.07703909505854334,0.0847457627118644,0.06896551724137945,1.2427574030976647,0.17027912877986884,-2.117448721550997,1.6716968163214299,0.7928588647616222,0.025698324022346508,0.15029387069689348,0.1610738255033557,0.03394255874673635,-0.024390243902439046,-0.09030378693300045,,-0.038182886234579994,0.17931034482758612,-0.01456310679611661,-0.09864003399915022
2002-03-30,-0.05479101043143342,-0.10740573329694236,-0.14842770898830537,-0.23486141554287487,0.03963218836752369,-0.07331634896153316,-0.2729215801886793,-0.2729215801886793,-0.28125,-0.27419354838709675,-1.3469603177443017,1.552152504856123,0.2989690721649485,-2.168781354881714,-0.5168720619340426,0.10893246187363825,0.019708029197080146,0.037572254335260125,0.03282828282828287,0.0708333333333333,-0.07319304666056714,,0.09975570032573278,0.040935672514619936,-0.004926108374384119,0.1665802253760198
2002-06-29,0.07685111861683569,0.09999891226708923,0.051778220686059306,0.08467075143609848,0.09825776584090185,0.03761283154044315,0.4225038013177902,0.4225038013177902,0.4130434782608696,0.3999999999999999,-2.344995616975197,-0.5093013788342744,-4.327719705768486,-1.3910811838392731,0.418396292054249,0.150294695481336,0.01717967072297788,0.0362116991643453,0.08312958435207829,0.11284046692607008,0.0853899308983217,,0.019992595335061036,0.050561797752809,-0.014851485148514865,0.01414598658152122
2002-09-28,0.0758603474648567,0.10636719921683158,0.1031726740653085,0.17620089984781995,0.05569577892616495,0.1305284824077495,0.3977054086795411,0.3977054086795411,0.3846153846153846,0.38095238095238093,0.0019552590718270313,0.4524762832305307,-0.6901867256122389,-0.5704198326809425,0.1267168774715488,0.0034158838599487318,0.07670654468684024,0.09139784946236551,0.05191873589164797,-0.07342657342657344,-0.06275579809004084,,-0.01887477313974606,0.09893048128342241,-0.01005025125628145,-0.05938147616770284
2002-12-28,0.02697194443199402,0.02042784264304709,0.00033195237280714274,-0.007760623099983377,0.049999573278452836,-0.015374015410902553,-0.2106913429183237,-0.2106913429183237,-0.2333333333333334,-0.2183908045977011,0.3204576326311963,-0.5462537561775151,-0.7499061209162599,2.0583050443690074,0.34395407872792183,0.042553191489361764,-0.025490196078431282,0.0024630541871921707,0.05579399141630903,-0.007547169811320753,-0.07472100921882574,,0.022567517573066853,0.017031630170316392,-0.010152284263959421,0.02842979408524693
2003-03-29,-0.004345169480864608,-0.013121770772406394,-0.0567884918858057,-0.09545508232348288,0.03494705747796423,-0.012584910684061978,-0.20014210509317576,-0.20014210509317576,-0.1884057971014491,-0.19117647058823528,-1.2040742404265492,-1.2765584806524,-3.813063063063063,-1.2659292724723477,-0.06805846968118778,-0.1763265306122449,-0.014755197853789426,0.0012285012285011554,0.024390243902439046,-0.22053231939163498,-0.19507079181961196,,0.03943560057887119,0.009569377990430672,-0.01025641025641022,0.09100646809211899
2003-06-28,0.040298282323910195,-0.013181847766274957,0.07131224861652674,0.10674786705351758,0.01761556533387787,0.05171972243789602,0.3266171363966728,0.3266171363966728,0.357142857142857,0.34545454545454524,-4.913099041533546,-17.610330496734612,8.891379770483054,3.8208845928529582,-0.3520628893820691,0.17740336967294357,0.0,0.004907975460122671,0.03571428571428559,0.15121951219512209,0.13420195439739424,,-0.02192829794639739,0.0023696682464453556,0.005181347150259086,-0.10837550033985344
2003-09-27,0.05154988610704203,0.08702491008605162,0.05379347927407263,0.08656267033508969,0.04972905630006119,0.15016375363002243,0.3497793334347892,0.3497793334347892,0.3421052631578947,0.33783783783783794,-1.4162130778721242,-1.00549254158128,-0.8607506138197124,-0.5700701765045417,-0.23360652355130773,0.17676767676767668,0.002042205582028611,0.01098901098901095,0.04406130268199249,0.13559322033898313,0.13095921883974726,,-0.001601423487544551,-0.004728132387706863,0.015463917525773141,0.000423513467728176
2003-12-27,0.07211781822724639,0.06317644560441926,0.09375552851967672,0.1274881537171919,0.05461286392471543,0.06072018263326151,-0.1985478160867702,-0.1985478160867702,-0.2058823529411764,-0.21212121212121204,-5.827898866608544,-87.12581344902387,-0.5341987986824259,-3.278617863199548,0.6945518377720581,0.12088698140200282,-0.004755434782608758,-0.006038647342995196,0.05504587155963292,0.07462686567164178,0.07567293042153378,,-0.016396364284441467,-0.026128266033254133,0.02030456852791862,-0.05702311404622806
2004-03-27,0.007265152223022264,-0.06092086012430786,-0.015693276265366096,-0.07702412228325772,0.02525997940481095,-0.06367248057922281,-0.20114231050588038,-0.20114231050588038,-0.19753086419753085,-0.1923076923076923,-1.1833104594047963,1.2131523272214388,-11.581530782029951,-2.3065556485874654,-0.5355224942961914,0.11614550095724296,-0.010238907849829393,-0.014580801944106825,0.01565217391304352,0.05555555555555558,0.07932011331444766,,0.01793803225221957,-0.017073170731707332,0.0,0.017418630751964148
2004-06-26,0.20063702261501226,0.14791856578547558,0.43906702885956017,0.35463002767123397,0.01852582172393502,0.06661057418475114,0.36427992815130494,0.36427992815130494,0.3538461538461537,0.3650793650793651,-4.991971234361147,0.24171797293760178,1.4049060460728047,-1.3946003678870231,0.4549571737405249,0.010863350485992074,0.0055172413793105335,-0.039457459926017346,0.02910958904109595,-0.00328947368421062,-0.014873140857392775,,-0.15165539337842637,-0.007444168734491385,-0.02985074626865658,-0.1525835061554075
2004-09-25,0.005452959700909865,0.010892181917646404,0.002752851230087172,-0.18344229868625372,0.010261750944634329,0.09298501623153466,-0.18669971086327963,-0.18669971086327963,-0.18181818181818188,-0.17441860465116277,-1.0390400394842372,-1.1729064897214763,-1.7982378710605467,-2.0034585426002227,-0.31377601399324784,-0.09615384615384615,-0.11111111111111127,-0.1450577663671372,0.01830282861896837,-0.12211221122112204,-0.1292184724689165,,0.004616030214015909,-0.12,-0.03076923076923077,0.2380109346524344
2004-12-25,0.10007770295772977,0.13528235997057725,0.15205897038341254,0.309102605946153,0.04412195062087343,0.15546740839279227,-0.062023869984763835,-0.062023869984763835,-0.5277777777777777,-0.5352112676056338,-43.16814159292036,-0.7050779179476306,-0.7663260500071672,-4.406161961277947,1.5574680352468788,-0.010012515644555742,-0.0679012345679012,-0.11261261261261268,0.04411764705882337,-0.03007518796992481,0.0826109127995922,,-0.050751879699248104,-0.10227272727272729,-0.01058201058201047,-0.13278095558546432
2005-03-26,-0.03843084723894363,-0.07135872759817796,-0.08860086725837324,-0.17557742553311073,0.02025128994722669,-0.07779322124723698,0.12436548223350252,0.12436548223350252,0.11764705882352944,0.1212121212121211,-1.1146379853095487,-10.698777857656362,-0.44965384278327925,-1.6324681038275406,-0.38516565659813207,0.1567635903919089,0.01407284768211925,-0.02030456852791873,0.017214397496087663,0.10852713178294571,0.20536975977390481,,0.06094609460946088,-0.015822784810126667,-0.005347593582887722,0.12638828265192292
2005-06-25,0.04262390914739367,0.06865405182866491,0.05379705385962419,0.08985851282893931,0.03006951115333223,0.03650774915789756,0.20313017306245307,0.20313017306245307,0.21052631578947367,0.21621621621621623,-6.747629944426283,-0.8296456897190719,-0.8621019108280255,-2.006775180856984,0.6306987040377894,0.06666666666666665,-0.01632653061224487,-0.015544041450777146,0.026153846153846194,0.04895104895104896,0.02735443532629933,,-0.012028204064703507,-0.03536977491961413,0.021505376344086002,-0.01941872981700743
2005-09-24,0.017104883502849333,0.04415141168449943,0.005763428670049198,0.018494845790742565,0.031801022725708616,-0.014240290114048482,-0.3388952819332566,-0.3388952819332566,-0.34782608695652184,-0.3555555555555556,-0.5339893072460471,-0.5607527466550637,7.456120092378752,-0.5444194176903837,0.17620304850674473,0.07838114754098369,-0.06721991701244812,-0.06491228070175437,0.03148425787106457,0.053333333333333455,0.06390262457208062,,0.014483627204030292,-0.05666666666666664,-0.010526315789473717,0.02516027048388514
2005-12-31,0.04089986307342541,0.06870310875901242,0.055734455694468776,0.14033341627270457,0.025176158065750576,0.12633523583057205,0.9563325386914898,0.9563325386914898,1.0,1.0344827586206895,2.6995386530622207,22.692669638434868,2.331558104601939,0.04404137219812543,0.15640434938680547,-0.002375296912114022,0.14056939501779375,0.15384615384615374,0.023255813953488413,-0.034810126582278555,0.04290311047550954,,-0.015104489964825052,0.15194346289752647,0.0,-0.06279179337816432
2006-04-01,-0.006262194555421319,-0.05737344334701455,-0.06517484415343311,-0.10362871039642929,0.056389197946555836,-0.08343352772623425,-0.6855125725338491,-0.6855125725338491,-0.6833333333333333,-0.6949152542372881,-1.2507274394790149,-0.11331542473685863,-1.9191703898020247,-3.7485546613985647,-0.37174358934058416,0.09571428571428586,-0.14274570982839319,-0.13170731707317063,0.04403409090909083,0.0721311475409836,-0.07199177236887222,,0.06302521008403361,-0.12269938650306744,-0.005319148936170137,0.05159727617567755
2006-07-01,0.032376631512023746,0.01957407603317285,0.019255723957955384,0.03544890806147216,0.04309184010495226,0.05042172319912264,1.7811058490682083,1.7811058490682083,1.6842105263157894,1.7777777777777777,-2.016236842105263,-0.9030649534362843,-1.6645261984392419,-1.235276086588872,-0.13481768715992248,0.02042590178183401,0.0,0.016853932584269593,0.044897959183673564,-0.024464831804281384,0.14887329146656825,,0.010474308300395307,0.020979020979021046,-0.005347593582887722,-0.015341156019122226
2006-09-30,0.025496471202651527,-0.003999369557508126,0.012828337840544934,0.0776123222692402,0.03832828479652339,0.04233177095283369,-0.13120881065062584,-0.13120881065062584,-0.13725490196078427,-0.12,0.6575342465753424,-0.27423081600389154,0.06616561535364385,0.695314254908127,0.27278904679977445,0.048977853492333745,0.049135577797998264,0.06813996316758741,0.03385416666666674,0.006269592476489061,0.015434083601286064,,0.012517113240758881,0.06164383561643838,0.005376344086021501,-0.07573818246016673
2006-12-30,0.06017250388207329,0.08452708271519471,0.07269385465710099,0.11852602568740456,0.04562627907621475,0.17839027688243903,0.6035891561664757,0.6035891561664757,0.6363636363636362,0.5909090909090908,1.666671874267681,12.629356568364612,-0.1875,0.9232828068687726,0.4122053728630659,0.03085667884693466,0.026886383347788367,0.04482758620689653,0.052896725440805925,-0.0031152647975076775,-0.05953134895503476,,-0.01390766853390013,0.02580645161290329,0.021390374331550666,-0.030371042452605024
2007-03-31,-0.02282216867871323,-0.0565821279534644,-0.07497999549133305,-0.13815289203148295,0.025949666986865072,-0.10993998409538497,-0.3095861707700367,-0.3095861707700367,-0.3194444444444444,-0.3142857142857143,-1.1986162129227669,-0.44617654290631914,0.17476179409714154,-2.2978078454606834,-0.37881414213724673,-0.003938558487593613,0.12415540540540526,0.13861386138613874,0.015550239234449759,-0.05312500000000009,-0.06430976430976432,,0.049951028403526054,0.12893081761006298,0.010471204188481575,0.09460723959615858
2007-06-30,0.028862765824439363,0.06255981038537062,0.01584636994172839,0.05060787313154935,0.03853004438307006,0.03963143381181777,-0.22203062491378123,-0.22203062491378123,-0.22448979591836737,-0.22916666666666663,-4.381599905610289,0.6501065530101224,-0.7980877019452687,-1.3876697349003622,0.23641036929611015,0.06682483194938715,-0.0931630353117956,-0.07971014492753625,0.0353356890459362,0.04950495049504955,-0.08420295070169126,,0.009514925373134364,-0.08913649025069637,0.005181347150259086,0.011383064878970561
2007-09-29,0.13354762670835152,0.12409255375538697,0.21124502178305238,0.38225506301933865,0.06780787874031513,0.08547696243088576,0.7605875225345036,0.7605875225345036,0.7631578947368423,0.7567567567567568,-0.3965266086895842,-0.4531977291683482,4.4294578706727625,-0.5484869231822539,0.086332479800598,0.06819866567828026,0.06462303231151623,0.0598425196850394,0.06370875995449388,0.03144654088050314,0.13791748526522607,,-0.05802993901312137,0.06727828746177367,-0.005154639175257714,-0.18675207971884866
2007-12-29,0.009286147404608425,-0.00251959973433602,-0.05202392975475423,-0.07224839751018597,0.06359336860754494,0.12478953223851352,0.31383344803854096,0.31383344803854096,0.3283582089552237,0.3076923076923077,0.7386389916743756,1.017886138857452,-1.2244812030075187,1.4341602474677018,0.19344638432839423,0.03192227619708521,0.025680933852139987,0.038632986627043175,0.06203208556149731,-0.030487804878048697,-0.06629834254143652,,0.05375711202668221,0.04011461318051568,-0.005181347150259086,0.07516000218806407
2008-03-29,0.02247596850196021,0.013253468873576812,-0.02366964626031065,-0.05434497187550169,0.0594472303652509,-0.09910862703762424,-0.3314083481327218,-0.3314083481327218,-0.3370786516853933,-0.3294117647058824,-0.8890976505994047,-0.2674380326509711,0.4161307609860665,-2.110186384929732,-0.17995072498889297,-0.0006724949562878502,-0.01593323216995446,-0.0042918454935623185,0.05236656596173206,-0.05974842767295596,-0.06471893491124259,,0.03611990318376468,0.011019283746556585,-0.01041666666666663,0.07148308318494023
2008-06-28,0.023918176616047004,0.030865818752128682,0.021202362883045556,0.03630947027610398,0.02294573594082494,0.07823578495023997,0.25123256258360405,0.25123256258360405,0.23728813559322037,0.2456140350877194,8.391079460269864,-0.6251581119765661,-7.323935666982025,-2.5351259146204606,0.33686636852577867,-0.07335127860026913,0.084811102544333,0.09195402298850586,0.032535885167464196,-0.117056856187291,-0.1075523922499011,,-0.0008984725965857088,0.09264305177111698,-0.0052631578947368585,-0.005270655270655178
2008-09-27,0.010681320011586726,0.04305215152012587,0.009849152836276076,0.19405132032570416,0.009566277601411599,0.003522237696940378,0.04502344334651864,0.04502344334651864,0.0547945205479452,0.05633802816901423,-0.6013075025742953,-0.8668413107184086,-0.1349111363772365,-0.7524416632551612,0.06238026467034108,-0.0072621641249092095,-0.002842928216062468,0.017105263157894735,0.010194624652456019,-0.04166666666666674,-0.12848914488258745,,-0.0010791366906475197,0.012468827930174564,0.010582010582010692,-0.12644994987827574
2008-12-27,0.026538724122177282,0.02582087136628708,0.06054793939305547,0.07537671550234482,-0.007875135685245116,-0.04680479606196131,-0.168271830471319,-0.168271830471319,-0.1688311688311689,-0.1466666666666666,2.9258614130978837,26.433144381460487,0.06941514197765719,3.7960075596503664,0.2816093548431844,-0.19787856620336508,-0.09907341411261583,-0.09961190168175937,-0.008256880733944927,-0.2055335968379447,-0.22572445348246062,,-0.03348937702556709,-0.064039408866995,-0.041884816753926635,-0.04606557377049181
2009-03-28,-0.04641860811404719,-0.06095809264220775,-0.16233295763060984,-0.14512552115674626,0.04651469709163458,-0.05395717972655989,-0.03619686879513628,-0.03619686879513628,-0.03125,-0.046875,-1.138348165336461,-0.661124076234928,-0.791914618369987,-1.7562741669334778,-0.1661769082988338,-0.15458276333789334,-0.007120253164557111,0.007183908045977017,0.03700277520814055,-0.14427860696517403,-0.08798424162836505,,0.09742921013412786,0.015789473684210575,-0.005464480874316946,0.09841324397089979
2009-06-27,0.06203736936802562,0.0767782155071648,0.043801819416562804,0.0451899178266304,0.07396664787395024,0.0822253048995536,0.3395015587682997,0.3395015587682997,0.33870967741935476,0.32786885245901654,-4.933316130934827,-0.08977761836441889,-1.511656823127137,-2.3957241019962874,0.27816106128065,0.16612729234088475,0.0015936254980080111,0.0199714693295292,0.0740410347903655,0.12209302325581395,0.1490280777537798,,0.011203530809709816,0.03886010362694292,-0.02197802197802201,0.03024771838331164
2009-09-26,0.01586864865902804,-0.004564708585213184,-0.006265889936540314,-0.026926699016274425,-0.044867322857307324,0.030060099093361492,0.312332421433724,0.312332421433724,0.3132530120481929,0.2716049382716048,0.30082565626083624,1.8611735035662216,-44.66828675577157,-1.8897418248422133,-0.19363094195337072,0.16003700277520805,0.09307875894988049,0.09510489510489517,-0.04817275747508287,0.07772020725388606,0.11842105263157898,,-0.05976162497901627,0.10972568578553621,-0.011235955056179803,0.02298152366489492
2009-12-26,0.03581794699324048,0.05951668299072055,0.0762540290088638,0.045786068675216285,0.04209739705620019,0.07222888781891168,-0.10384667240538892,-0.10384667240538892,-0.11926605504587162,-0.06796116504854377,0.28609818302329937,-1.3913756059938298,-0.6467834386043017,-3.013308682768206,0.4834496720790158,0.05701754385964919,0.07496360989810769,0.0868454661558109,0.04013961605584626,0.11057692307692313,-0.038655462184874034,,0.006070344581324605,0.06966292134831464,0.017045454545454586,0.013112969469048386
2010-03-27,0.1112220198984093,0.007188002176504726,0.19293913324825684,-0.05796308306403508,0.013907882829950147,-0.010668288285452854,-0.29520414776409587,-0.29520414776409587,-0.29166666666666663,-0.3124999999999999,-0.8785802714648233,-6.0818876024914665,-1.1110739114165862,-1.7539450461422237,-0.2457073483404577,0.03734439834024883,-0.0006770480704129112,-0.03525264394829597,0.005872483221476488,0.0,-0.06002331002331007,,-0.08766637089618456,-0.021008403361344574,-0.016759776536312887,0.0691608869786069
2010-06-26,0.036370495123786206,-0.0030760953999600105,0.01403285802504417,0.012157365187484448,0.034333377441742696,0.05061097193108033,0.3793267651888341,0.3793267651888341,0.36764705882352944,0.36363636363636354,3.9510034602076125,-0.04449768717281111,-1.0062056737588652,-0.703954528963599,-0.09643544520355218,0.05490909090909102,0.021680216802167918,-0.015834348355663885,0.03252710592160146,0.04761904761904767,0.03967761934283942,,-0.0019451468585878207,-0.0021459227467811592,-0.011363636363636354,-0.01502969392416631
2010-09-25,0.04228342348276759,0.01592238801922674,0.07058093423402712,0.2547756424935952,0.044041549064016694,0.023850965799196544,0.04633278175259825,0.04633278175259825,0.043010752688172005,0.04444444444444429,-0.5542292173362035,-0.3364254344643659,2337.4285714285716,2.4251283846872083,-0.36555637215211945,-0.06446053085143055,-0.0576923076923076,-0.07673267326732669,0.03554119547657497,-0.0950413223140496,-0.08825283243887894,,0.0017540440459948847,-0.058064516129032295,-0.02298850574712641,-0.19039005611984594
2010-12-25,-0.012376698326556967,-0.03491098304366902,-0.055187945629175617,-0.09285153462090157,0.019004516091957857,0.06868563214050516,0.05804785364022158,0.05804785364022158,0.07216494845360821,0.05319148936170226,3.4327403474298137,-0.40542134463326196,1.529366485429776,-0.5452438962056805,-0.26202326608746873,0.08843036109064117,-0.0070372976776917895,-0.020107238605898137,0.023400936037441422,0.05022831050228316,0.11706998037933292,,0.031712062256809226,-0.011415525114155223,-0.00588235294117645,0.06387488542621433
2011-03-26,0.05443091335821593,0.04250629926123706,0.04936695997648566,0.0566019483137814,0.014598040740164908,-0.03746204723537827,-0.1774288940265606,-0.1774288940265606,-0.1923076923076924,-0.1717171717171717,-0.7756226155275432,1.5837404944711801,-1.256641998686092,-0.3698999662807688,-0.22372096735573466,0.11069735951252557,0.0198440822111976,0.017783857729138042,0.010670731707317138,0.0869565217391306,0.10070257611241229,,-0.037714501225721286,0.023094688221709125,-0.00591715976331364,-0.013300306930159933
2011-06-25,0.018512014822124945,0.03869050382686612,-0.01872148876419122,0.0022216766609706173,0.05171017193675076,0.09389190973635886,0.23504804235570953,0.23504804235570953,0.23809523809523814,0.23170731707317072,1.8944071964522164,-0.8481772166296991,-2.3825594308193265,-2.340141515043406,0.38622421002124896,0.07954891801280106,-0.0020847810979847115,0.0040322580645162365,0.04977375565610864,0.06800000000000006,0.03244680851063819,,0.03252988438173632,-0.006772009029345383,0.011904761904761862,0.036345776031434074
2011-09-24,-0.01749943025444134,-0.01357082345328453,-0.023398548898409643,-0.028774925320042555,-0.013290815573127057,-0.008892633199414246,-0.026610214342418614,-0.026610214342418614,-0.019230769230769273,-0.01980198019801982,-0.4092859788110055,-0.8416370106761566,0.6445394396493043,-2.218293142844466,-0.33943593198548727,-0.057876905702992754,-0.0055710306406684396,0.0013386880856760541,0.009339080459770166,-0.101123595505618,-0.08552292632663572,,0.004365154678307004,-0.015909090909090873,0.01764705882352935,0.015692469720905766
2011-12-31,-0.012119302352335048,-0.019258289989521504,0.034659586651411445,0.058507414979123595,-0.042113239291512006,0.10818570691857188,0.13885233957873444,0.13885233957873444,0.1568627450980391,0.16161616161616155,2.5401049797784854,8.067711413364872,0.765294127386215,-1.735874137334523,0.37813459091249335,-0.02846868444710804,0.03081232492997188,0.022727272727272707,-0.03558718861209964,-0.03749999999999998,-0.04112676056338027,,-0.030423280423280463,-0.004618937644341736,0.028901734104046284,-0.07346536706760687
2012-03-31,0.004111478469852381,0.01518234479262559,-0.021713116135661847,-0.10419930168915725,0.03857665953190126,-0.10304006413269584,-0.22895063496610335,-0.22895063496610335,-0.22033898305084743,-0.22608695652173905,-1.1687767375965332,0.0468581863240618,-1.1449466339029468,-2.1251855884390776,-0.30873007251296813,0.09346082665021593,0.0033967391304348116,0.01437908496732021,0.03690036900368998,0.1341991341991342,0.049353701527614646,,0.03430130578834523,-0.00696055684454755,0.016853932584269593,0.13323261149348098
2012-06-30,0.015888409883703325,0.01046115968287964,0.066007055910009,0.12669075509860095,-0.014806126088607097,0.04880041581329175,0.21465722211214588,0.21465722211214588,0.2065217391304348,0.2134831460674158,-4.6724205328669886,2.425616745576875,-3.4198777055226635,-0.6939367948802533,-0.13669177806370503,0.07418899858956274,0.018280297901150933,0.011597938144329856,0.000711743772241924,0.03435114503816794,0.05543113101903696,,-0.03014885999623118,0.00233644859813098,0.011049723756906049,-0.10315030614260312
2012-09-29,0.057137822692324924,0.07765929517867631,0.08895079698987662,0.12895203100383812,0.03337273893294679,0.013448396785394445,-0.013406602369349319,-0.013406602369349319,0.0,0.0,-0.5599670584544365,-0.13417472903178873,-1.1950906465586395,-1.1034705755550764,0.01638299808865029,0.008403361344537785,0.00997340425531923,-0.003821656050955302,0.039118065433854765,0.007380073800737907,-0.008488063660477496,,-0.022537400427433574,0.0,-0.005464480874316946,-0.04542201178219463
2012-12-29,0.04352217691290994,0.07650649097854889,0.05557474397333406,0.01639177947186865,0.016286496758371127,0.07950488064407102,0.162197352512633,0.162197352512633,0.18018018018018012,0.17592592592592582,1.5419950346934876,-0.6607435412728419,-10.683799342105264,21.738888888888887,0.3665263723470942,0.017187500000000133,0.0019749835418036987,-0.008951406649616467,0.021218343600273748,-0.02197802197802201,-0.0048154093097912964,,-0.02603856092228185,0.011655011655011593,-0.02197802197802201,0.05911869881185838
2013-03-30,-0.02405531911622749,-0.04398868944677459,-0.052698735587776935,-0.15626984013813994,-0.013527778893741793,-0.04771847977817989,-0.1866236318208897,-0.1866236318208897,-0.19083969465648853,-0.1889763779527559,-1.190557995802886,0.3710066864784547,-1.3968196679546516,-1.9625580258978745,-0.2581749672346003,0.10215053763440851,0.02233902759526929,0.005161290322580614,-0.008713136729222581,0.08239700374531833,0.07150537634408582,,0.010816326530612264,0.00691244239631339,0.0,0.1330937210695422
2013-06-29,-0.007910580853320748,-0.00469905218311184,-0.03773381625959649,0.05775614875310753,0.014409115714701937,0.04285961567221608,0.18531231552941696,0.18531231552941696,0.18867924528301883,0.1941747572815533,-8.222593108523668,-0.6291629975840503,-5.792752305030942,-0.6280538105209721,-0.12944722952231624,0.08710801393728218,0.013496143958869,0.00898587933247752,0.022312373225152227,0.09342560553633228,0.05318615153035622,,0.02241066020593574,0.004576659038901587,0.00561797752808979,-0.05906666025856688
2013-09-28,0.021993003783904896,0.024153740810316515,0.005314159623727388,0.1005147089592835,0.03573592966831951,-0.01791697501055689,-0.009702111961634285,-0.009702111961634285,-0.007936507936507908,0.0,-0.44396975232716396,1.0119946419873358,-0.49182493376596315,-0.2387614091955984,-0.11319270919215108,0.08803418803418817,0.012682308180088864,0.01781170483460559,0.04365079365079372,0.06645569620253156,0.052405907575035826,,0.013428120063191162,0.013667425968109326,0.005586592178770999,-0.06936357135560334
2013-12-28,0.06565766511326343,0.07560275022577057,0.11805967488216407,0.07205113225874471,0.02818732137201052,0.07552887325262803,0.15729479036674188,0.15729479036674188,0.15999999999999992,0.17886178861788626,0.7973507159873294,4.230655167196248,-1.0971377106078246,-14.301322277005827,1.6977901737824501,0.07305577376276506,0.011271133375078346,0.013750000000000151,0.03295310519645134,0.026706231454005858,0.03938433680398368,,-0.03507404520654722,0.013483146067415852,0.0,0.003293084522502765
2014-03-29,0.04542053921355982,0.014901584490583542,0.10228566933550387,0.04036853913455074,0.011171202611520936,-0.038082703641984295,-0.17839669102262856,-0.17839669102262856,-0.1724137931034483,-0.18620689655172418,-1.201177592962116,-0.03328377119649173,11.188828584350972,-1.5012678915931628,-0.3154610425414599,0.05417276720351394,0.002476780185758365,-0.006165228113440224,0.012269938650306678,0.02023121387283222,0.015679442508710784,,-0.03271405492730206,0.011086474501108556,-0.01666666666666672,-0.024452954048140074
2014-06-28,0.018986719636197247,0.012199564393136297,0.024024260457842894,-0.042993663145641015,0.012225922492224761,0.07622834555269842,0.13846364802789446,0.13846364802789446,0.14166666666666683,0.14406779661016955,-4.606074318087205,-0.4001220869690114,-1.8680742376172716,-0.3375405455370498,-0.30528598536188667,0.0067708333333333925,-0.0037059913526867883,-0.01985111662531025,0.0181818181818183,-0.005665722379603388,-0.022727272727272818,,-0.006680584551148172,-0.004385964912280715,-0.016949152542372947,0.057645937307239326
2014-09-27,0.023178020993518844,0.0055748568940348076,0.04536046161508467,0.10488561118880035,-0.011361599414608792,0.0031822975094497608,-0.012560652465673283,-0.012560652465673283,-0.007299270072992692,-0.007407407407407418,-0.12412664632187598,0.6583862085478271,-0.9298828055426923,-0.6662353806733136,-0.14666993689937347,0.015519917227108104,0.0061996280223186595,-0.020253164556962133,-0.004166666666666652,0.0,-0.007898200965335667,,-0.03383774695250108,-0.011013215859030812,-0.005747126436781658,-0.0898679815492287
2014-12-27,0.0013336310732126044,-0.005146782859447474,-0.0008061418954660171,0.04354292387184211,-0.0016889290699465542,0.029868557309081778,0.15848260960479532,0.15848260960479532,0.17647058823529416,0.17164179104477606,0.5702914579775591,-0.5002165674066053,15.880410485673643,-1.9829735481909396,0.16895299312795586,0.055017829852267,0.01663585951940849,-0.0025839793281652312,0.003586371787208442,0.056980056980056926,0.03317116320212299,,-0.003045464433326095,0.0,-0.005780346820809301,-0.04666200629150641
2015-03-28,-0.03250517567989997,-0.038072667331693455,-0.04626346391281566,-0.13104351357864763,-0.028523660485485824,-0.08824630953156365,-0.22200412135433123,-0.22200412135433123,-0.2250000000000001,-0.22292993630573255,-1.0972706272192805,-0.6351063445636081,-1.2153283133799213,-3.3408598824621096,-0.3383329235308581,0.11717366811524221,0.010303030303030258,0.0012953367875645494,-0.026801667659321016,0.1132075471698113,0.09246575342465757,,0.004145756054985794,0.0,0.0,0.10699663916895807
2015-06-27,0.028010541373476583,0.0367857446184392,0.015850216405449258,0.058120463732812544,0.04758024980426878,0.06724748604304343,0.1399847264782932,0.1399847264782932,0.14516129032258052,0.14754098360655732,-8.794552412395888,1.2295893122216723,-5.263179963101694,-0.5991675475687104,-0.20495929191581364,0.016568217836046673,0.002399520095980767,-0.001293661060801976,0.0507955936352511,0.04600484261501214,0.009012539184952928,,0.019122120817036015,0.00222717149220486,-0.005813953488372103,-0.02014793552660643
2015-09-26,0.04355523905329273,0.07394529447014242,0.0647780749403617,0.09808448735353537,0.02652761950594984,0.02149415057885684,0.0831609117427583,0.0831609117427583,0.08450704225352124,0.08571428571428585,-0.4829126475288319,0.5618286728806037,-1.1228108136462287,-2.105406296357343,0.28497068071726006,-0.02168367346938782,0.016756433273488858,0.016839378238341807,0.032032615026208244,-0.06944444444444464,-0.03029126213592237,,-0.016417910447761197,0.022222222222222143,0.0,-0.021970593206016575
2015-12-26,0.020902579871359572,0.03555155435291568,0.08109289878703874,0.19458059146009998,-0.018744267443980833,0.061464311843430375,0.017324930520217663,0.017324930520217663,0.025974025974025983,0.019736842105263275,1.776845887478125,-0.4641923382971468,-12.818686599038974,-0.13479460225154705,0.19187844116334052,0.03998261625380284,-0.012360211889346662,-0.020382165605095648,-0.006772009029345272,0.007462686567164312,0.007208650380456483,,-0.038803381747235965,-0.019565217391304346,0.0,-0.13317205230113482
2016-03-26,0.014732333652075269,0.012349664201046107,0.02555716817980236,-0.07428655000449469,0.010207831759732944,-0.04839213193785297,-0.12463446917228427,-0.12463446917228427,-0.12025316455696211,-0.11612903225806448,-1.340289161311517,0.25518899614582224,-1.7638685603801882,-1.0406721240844463,-0.0065477346502788025,0.08956679203231643,0.00536352800953499,-0.005201560468140465,0.008522727272727293,0.09629629629629655,0.09304174950298205,,-0.004510599909787971,-0.0022172949002218223,-0.005847953216374324,0.09362748355372452
2016-06-25,0.0050035072728567,0.0020140611304850786,-0.014281597507433408,-0.038536777787616994,0.011677600080722161,0.05885609644977663,0.05577923904634652,0.05577923904634652,0.05755395683453246,0.06569343065693412,-3.702971077311057,-0.30432700433827253,-2.3866215632817447,16.0635593220339,-0.11246404334348037,0.1062388136026593,-0.002371072910491878,-0.015686274509803866,0.015211267605633738,0.09684684684684686,0.07784648963259366,,0.0067965564114182975,-0.01777777777777767,0.0,0.0421679426418764
2016-09-24,-4.5224339861871243e-07,0.0025518742271382067,0.016002367099884562,0.06737254253466407,-0.0177784683296226,-0.002604581864006139,0.11337502185733195,0.11337502185733195,0.12244897959183665,0.11643835616438358,-0.3509789200536474,0.2036444624417899,-0.5489107255574321,-2.568413210826918,0.19874134675896782,-0.013290188373974443,0.016042780748663166,0.0026560424966799445,-0.0016648168701443034,-0.026694045174537995,-0.023287208909888557,,-0.017776777677767863,-0.004524886877828149,0.00588235294117645,-0.06075093283582089
2016-12-31,0.014592845837843926,0.008163532367302606,0.05156936619473096,0.12305561479760052,-0.03531599475981384,0.08927496939076107,0.041155310254051614,0.041155310254051614,0.07272727272727275,0.06748466257668717,0.48532409409201427,1.29760462925582,0.22050564453605137,-2.093334388853705,-0.1812657496850063,-0.09030217849613487,0.02631578947368407,0.009271523178808083,-0.020011117287381808,-0.08860759493670889,-0.1067726330338632,,-0.049255441008018375,-0.004545454545454519,0.01754385964912286,-0.10229671011793917
2017-04-01,0.01697136394351828,0.023991028682858406,0.0023720964395674837,-0.002276213784233816,-0.002091250260466415,-0.06343806052931589,0.011004482243420322,0.011004482243420322,0.005649717514124353,0.011494252873563315,-1.1988257444009256,-0.7460977538290333,-1.6480695339613287,-1.0367098689450438,0.008127474711851379,0.05420368224539707,0.06495726495726517,0.04330708661417315,-0.003403289846851898,0.07407407407407396,0.021663442940038635,,-0.018795180722891547,0.03424657534246589,0.011494252873563315,0.026344903886046156
2017-07-01,0.036939377204286084,0.021083308251703903,0.025817487708103437,-0.02427856090227143,0.049881154194584276,0.04670284931514357,-0.033343280188706026,-0.033343280188706026,-0.03370786516853941,-0.02840909090909094,-5.3492232511266185,3.5196943483275662,-1.8150326328623683,22.207100591715978,0.18709451723699266,0.07852955544699558,0.0321027287319422,0.012578616352201255,0.05350028457598177,0.08405172413793127,0.01476713366149185,,0.012524557956777871,0.013245033112582849,-0.005681818181818232,0.046486559320892074
2017-09-30,0.05483725436269005,0.09202439995415412,0.09160361660095262,0.09291798676648977,0.029178591749522864,0.03321666778886989,0.014523538274962222,0.014523538274962222,-0.4883720930232558,-0.49122807017543857,-0.42568967778603595,-0.17462342815947118,-1.0087117212249208,-0.5559238483766786,0.06998955179896593,-0.02785641490204971,-0.0025920165889061764,-0.022360248447204967,0.03673689897352772,-0.07753479125248519,-0.06343283582089554,,-0.02425418384671363,-0.015250544662309462,-0.005714285714285672,-0.0008369278310693673
2017-12-30,0.04335363922581781,0.06628660348671489,0.11424425215839062,0.1391249686621283,-0.06645550811368828,0.049657348446719096,-1.061833935854989,-1.061833935854989,-1.0568181818181819,-1.0574712643678161,0.8118938505808377,-0.8339594348081502,-217.53030303030303,17.139521531100478,1.1865321298463924,-0.12545136866627837,-0.26767151767151764,-0.29351969504447273,-0.04689942678478387,-0.15732758620689646,-0.13904382470119525,,-0.10539398458861549,-0.27876106194690264,-0.02298850574712641,-0.06391752577319576
2018-03-31,0.013268196386358788,0.021705766551127326,0.04290479643833578,0.028843587402272552,0.03218247632312865,-0.02941935242765792,-17.428588166373753,-17.428588166373753,-19.4,-19.2,-1.2980665002898988,0.637074624086402,-1.2158234786462343,-1.7957775456588485,-0.4318324955055022,-0.05367607884922754,-0.011355571327182346,-0.03776978417266186,0.030071077091306853,-0.007672634271099765,0.2869042110134197,,0.018616282300639053,-0.024539877300613355,-0.0117647058823529,-0.0069520925110132525
2018-06-30,-0.013277529553210932,-0.014284830269813753,0.06022419404086321,0.10385181341817074,0.003982797951743278,0.03298835966152436,0.0070889614742757345,0.0070889614742757345,0.0,0.01098901098901095,-5.0571436626071264,0.12250469203207648,-10.007060773082603,-1.1602428967291145,0.12179170655514682,0.0011259676284307574,0.013639626704953223,-0.009345794392523366,0.010084925690021285,-0.02577319587628868,-0.010427903631787139,,0.01773049645390068,-0.009433962264150941,0.0,-0.10702155680321623
2018-09-29,0.07433289465293935,0.03249974150282875,0.021158751916403817,0.024378338569745805,0.020455199142760394,-0.014127615674024208,-0.13974733025521913,-0.13974733025521913,-0.13043478260869568,-0.14130434782608692,-0.39593510058020365,0.8168161321376095,-0.6150495746459382,-0.3034089028628165,0.07562813844647454,0.12118655982004789,-0.03682719546742197,-0.06792452830188678,0.024697845507094085,0.1084656084656086,0.09338662790697683,,-0.05012061109622079,-0.04761904761904767,-0.017857142857142905,0.007917410541023129
2018-12-29,0.013136225002413404,-0.0044664316615926625,-0.009487982755401081,-0.0033927954956753936,-0.003969883641341543,0.029126030055389496,0.09462618745781137,0.09462618745781137,0.08749999999999991,0.10126582278481,0.6906618814272896,-0.35026562739657263,1.9638018452331476,-5.695450766124242,-0.3301403039919826,0.03435736677115986,0.3411764705882352,0.32995951417004044,0.003076923076922977,0.009546539379474916,0.06679960119641093,,-0.0169300225733634,0.3533333333333333,-0.018181818181818077,-0.0010781671159030282
2019-03-30,-0.1594798769535113,-0.2553419939548096,-0.2589197266033987,-0.4163165650095516,-0.0555189353979898,-0.300703187542553,-0.17439630601701095,-0.17439630601701095,-0.16091954022988508,-0.16091954022988508,-1.1147772425430003,11.846127433096552,-3.215974900091145,-1.1999949406794668,0.0985674924260369,-0.16195902533640438,-0.04824561403508776,-0.03348554033485529,-0.04089979550102241,-0.16548463356974008,-0.38286604361370724,,0.12370838117106775,0.009852216748768683,-0.04320987654320996,0.27584611826381944
