Quarter end,Assets,Current Assets,Liabilities,Current Liabilities,Shareholders equity,Revenue,Earnings,Earnings available for common stockholders,EPS basic,EPS diluted,Cash from operating activities,Cash from investing activities,Cash from financing activities,Cash change during period,Cash at end of period,Price,ROE,ROA,Book value of equity per share,P/B ratio,P/E ratio,Cumulative dividends per share,Equity to assets ratio,Net margin,Asset turnover,Current ratio
1998-12-31,-0.011006289308176154,,0.0057705363204345606,,-0.07398932112890921,0.05729166666666674,-0.2954545454545454,-0.2954545454545454,-0.26315789473684204,-0.26315789473684204,22.5,1.880952380952381,-1.4649122807017543,-1.1710526315789473,-0.3486238532110092,0.0,-0.05701254275940715,0.06511627906976747,-0.07446808510638292,0.03619909502262453,0.20591341077085534,inf,-0.06368221941992436,-0.06159895150720851,0.0,
1999-03-26,-0.011006289308176154,,0.0057705363204345606,,-0.07398932112890921,0.05729166666666674,-0.2954545454545454,-0.2954545454545454,-0.26315789473684204,-0.26315789473684204,22.5,1.880952380952381,-1.4649122807017543,-1.1710526315789473,-0.3486238532110092,0.0,-0.05701254275940715,0.06511627906976747,-0.07446808510638292,0.03619909502262453,0.20591341077085534,inf,-0.06368221941992436,-0.06159895150720851,0.0,
1999-06-18,0.014308426073131875,,0.037462031724603495,,-0.060955518945634224,0.05729166666666674,-0.2954545454545454,-0.2954545454545454,-0.26315789473684204,-0.26315789473684204,22.5,1.880952380952381,-1.4649122807017543,-1.1710526315789473,0.09154929577464799,-0.04173354735152501,-0.05701254275940715,0.06511627906976747,-0.061302681992337016,0.03619909502262453,0.20591341077085534,0.9523809523809523,-0.07474747474747478,-0.06159895150720851,0.0,
1999-09-10,0.004340487099107726,,-0.006180871828236789,,0.07456140350877183,0.0,-0.09677419354838712,-0.06451612903225812,-0.07142857142857151,-0.07142857142857151,0.3936170212765957,-0.06611570247933884,-1.7169811320754715,-1.7692307692307692,-0.06451612903225812,-0.12311557788944716,-0.05701254275940715,0.06511627906976747,-0.01836734693877562,-0.06550218340611347,0.20591341077085534,0.5121951219512195,-0.016739446870451258,-0.06159895150720851,0.0,
1999-12-31,-0.015366146458583474,,-0.06841243862520463,,0.22857142857142865,2.832512315270936,-12.214285714285714,-11.827586206896552,-11.923076923076922,-11.692307692307692,-0.3129770992366412,-1.8849557522123894,4.342105263157895,-0.35,-0.04482758620689653,-0.19006685768863418,-0.05701254275940715,0.06511627906976747,0.2058212058212059,-0.17757009345794394,0.20591341077085534,0.32258064516129026,0.18134715025906734,-0.06159895150720851,0.0,
2000-03-24,-0.014142891977566463,,0.014933239634574935,,-0.09501661129568106,-0.7622107969151671,-1.1815286624203822,-1.1847133757961783,-1.1830985915492958,-1.1870503597122302,-0.24444444444444446,-1.99,-0.40886699507389157,10.615384615384615,-0.5451263537906137,0.017688679245283057,-0.05701254275940715,0.06511627906976747,-0.10517241379310338,-0.15340909090909094,0.20591341077085534,0.25609756097560976,-0.0964912280701754,-0.06159895150720851,0.0,
2000-06-16,0.009893643334157876,,0.03600484680630078,,-0.07048458149779735,0.07567567567567557,-0.07017543859649122,0.0,0.0,0.0,1.25,0.24242424242424243,-0.9916666666666667,-1.1920529801324504,0.23015873015873023,0.11471610660486653,-0.12454655380894786,0.06511627906976747,-0.08285163776493265,0.24161073825503365,0.20591341077085534,0.1941747572815533,-0.09153952843273228,-0.1354748603351955,0.0,
2000-09-08,0.0026940974773450588,,0.00835421888053478,,-0.01500789889415477,0.20100502512562812,-0.679245283018868,-0.6206896551724138,-0.6153846153846154,-0.6153846153846154,0.15686274509803932,-0.3089430894308943,58.0,0.13793103448275867,0.2129032258064516,0.06029106029106024,0.058011049723756924,0.06511627906976747,-0.021008403361344463,0.1567567567567567,0.23204903677758315,0.1869918699186992,-0.01984732824427493,0.01453957996768973,0.0,
2000-12-31,0.02540302882266743,,-0.003314001657000798,,0.13953488372093026,2.5564853556485354,-17.647058823529413,-13.681818181818182,-13.299999999999999,-13.2,-0.519774011299435,0.6588235294117648,-4.067796610169491,2.787878787878788,0.6648936170212767,0.10196078431372557,-0.18407310704960833,-0.17030567685589526,0.10085836909871237,0.12616822429906538,0.058990760483297766,0.17123287671232879,0.13629283489096577,-0.23805732484076436,0.0588235294117645,
2001-03-23,-0.01727012863268218,,-0.01695760598503737,,0.022519352568613593,0.025882352941176467,-0.8869257950530035,-0.9032258064516129,-0.9024390243902439,-0.9016393442622951,-2.9411764705882355,-0.44680851063829785,-0.7679558011049724,-2.608,-0.6421725239616614,0.11476868327402134,0.5711999999999999,0.5631578947368421,0.02729044834307981,0.012448132780082943,0.4302013422818791,0.0,0.04386566141192594,0.09299895506792066,0.44444444444444464,
2001-06-15,0.014422494243122141,,-0.00033823778116015557,,0.19064005505849968,0.1330275229357798,0.53125,0.4814814814814814,0.41666666666666674,0.3333333333333335,-2.296969696969697,-0.2564102564102564,-2.2142857142857144,-1.5223880597014925,0.9375,-0.009577015163607316,0.340122199592668,0.4074074074074072,-0.015180265654648806,-0.03688524590163933,-0.3937118723603942,0.1520467836257311,0.09126723571897566,0.05066921606118546,0.3846153846153846,
2001-09-07,-0.013022700119474262,,0.0013534088986635329,,-0.04739884393063587,-0.1417004048582996,-1.1428571428571428,-1.4,-1.3529411764705883,-1.375,-0.37850467289719625,1.103448275862069,-0.0980392156862745,-1.3333333333333333,-0.16129032258064513,0.01208702659145855,-0.03229483282674772,0.026315789473684292,-0.05973025048169567,0.029787234042553123,-0.2910216718266254,0.12690355329949243,-0.04632972322503004,-0.1565059144676978,0.19444444444444442,
2001-12-31,0.009320905459387463,,0.021118432167595902,,-0.023665048543689338,0.23349056603773577,2.2857142857142856,1.0,1.166666666666667,1.166666666666667,-0.5714285714285714,-0.8278688524590164,-3.9130434782608696,-5.857142857142857,0.9340659340659341,-0.2898089171974523,-0.9430702787593247,-0.8578088578088578,-0.03688524590163933,-0.24380165289256195,-0.3100436681222707,0.11711711711711703,-0.039116719242902276,-0.9449838187702265,0.04651162790697683,
2002-03-22,-0.0047973135044374615,,-0.008769027134348129,,0.00621504039776255,-0.24474187380497137,-1.0434782608695652,-0.75,-0.7692307692307693,-0.7692307692307693,0.03508771929824572,1.2857142857142856,-1.164179104477612,-1.0647058823529412,-0.03125,0.1670403587443947,-1.8413793103448275,-0.6065573770491803,0.008510638297872353,0.20765027322404372,17.67721518987342,0.0,0.013131976362442455,0.0,-0.022222222222222254,
2002-06-14,0.019402265606170088,,0.014021031547321039,,0.02655960469425578,0.16455696202531644,23.0,-2.875,-3.0,-3.0,0.9830508474576272,2.4375,1.272727272727273,7.909090909090908,-0.28739002932551316,0.09029779058597498,1.5901639344262297,-1.25,0.03164556962025311,0.08144796380090513,0.0,0.0,0.013609850939727997,0.0,-0.022727272727272707,
2002-09-06,-0.007684123418843836,,-0.002962962962962945,,-0.024067388688327362,-0.1423913043478261,-2.583333333333333,-4.133333333333333,-4.0,-4.0,0.06837606837606836,-1.2545454545454544,-0.6799999999999999,-2.5408163265306123,0.6213991769547325,-0.10837004405286343,0.7689873417721518,6.166666666666667,-0.03271983640081788,-0.13389121338912147,0.0,0.0,-0.023017902813299407,0.0,-0.023255813953488413,
2002-12-31,-0.009292351679771271,,-0.008089813438996174,,-0.007398273736128225,0.496831432192649,-0.9210526315789473,-0.7659574468085106,-0.7777777777777778,-0.7777777777777778,-0.29600000000000004,-2.2142857142857144,3.375,-1.218543046357616,-0.08375634517766495,-0.13932806324110658,-0.29159212880143104,-0.5581395348837209,-0.0042283298097252064,-0.11111111111111105,0.0,0.0,0.0,0.0,0.04761904761904767,
2003-03-28,-0.015151515151515138,,-0.01464713715046606,,-0.021739130434782594,-0.31837425910245554,10.333333333333334,2.909090909090909,3.0,3.0,-0.8636363636363636,-0.6274509803921569,-0.41428571428571426,0.4545454545454546,-0.13296398891966754,-0.1974741676234214,0.6994949494949494,2.210526315789474,-0.027600849256900206,-0.19565217391304357,0.0,0.0,-0.012434554973821843,0.0,0.0,
2003-06-20,0.007448107448107422,,0.013513513513513598,,-0.008253968253968291,0.08571428571428563,-0.5882352941176471,-0.4651162790697675,-0.4375,-0.4375,6.25,1.789473684210526,-0.14634146341463417,-0.9791666666666666,-0.0031948881789137795,0.14878397711015734,0.46953937592867767,0.7540983606557374,-0.013100436681222849,0.18243243243243246,0.0,0.0,-0.017892644135188873,0.0,0.0,
2003-09-12,0.009816991879772141,,0.004166666666666652,,0.10051216389244555,-0.13043478260869568,5.285714285714286,3.217391304347826,2.888888888888889,2.888888888888889,-0.33333333333333337,-1.6226415094339623,-5.114285714285714,-236.0,0.7532051282051282,0.15566625155666247,0.377148634984833,0.5700934579439252,0.01106194690265494,0.17142857142857126,0.0,0.0,0.11740890688259098,0.0,0.0,
2003-12-31,0.031204992798847808,,-0.04365145228215772,,0.24258289703315872,0.3276315789473685,-2.7045454545454546,-2.463917525773196,-2.342857142857143,-2.342857142857143,2.7241379310344827,-4.545454545454545,-0.18055555555555558,-0.07659574468085106,0.3967093235831809,0.17564655172413812,-0.8906020558002937,-1.1011904761904763,0.18818380743982477,0.1658536585365855,0.0,0.0,0.26268115942029,0.0,-0.06818181818181823,
2004-03-26,0.017923649906890216,,0.11627906976744184,,-0.01872659176029967,-0.1982160555004956,-1.2066666666666666,-1.2816901408450705,-1.2553191489361701,-1.2553191489361701,-0.8240740740740741,-1.3846153846153846,-3.7203389830508473,-2.096774193548387,-0.31151832460732987,0.12098991750687449,-0.21476510067114096,0.17647058823529416,-0.014732965009208066,-0.05857740585774063,0.0,0.0,-0.03921568627450989,0.0,0.0,
2004-06-18,-0.023782300480219565,,-0.09468283582089554,,0.18988549618320616,0.14585908529048197,-1.5483870967741935,-1.175,-1.1666666666666667,-1.1666666666666667,0.1578947368421053,-2.822222222222222,-1.881619937694704,-2.0294117647058822,0.4657794676806084,-0.027800490596892824,-1.5897435897435899,1.7999999999999998,0.08598130841121487,-0.013333333333333197,0.0,0.0,0.1996017919362869,-0.33333333333333337,0.0,
2004-09-10,-0.018037011009604087,,0.0025759917568264346,,-0.06415396952686447,-0.12621359223300976,-3.764705882352941,-9.571428571428571,-9.5,-9.5,1.522727272727273,4.329268292682927,-1.452296819787986,-2.853061224489796,-0.5888456549935149,0.08158116063919252,2.739130434782609,0.857142857142857,-0.03270223752151458,-0.0045045045045045695,4.55904778041342,0.0,-0.011618257261410858,3.0588235294117645,0.024390243902439046,
2004-12-31,0.004413167938931206,,-0.0034258307639603025,,0.0261353898886032,0.3506172839506172,-2.595744680851064,-1.8666666666666667,-1.823529411764706,-1.823529411764706,0.5045045045045045,-0.9382151029748284,-0.140625,-1.066079295154185,0.09463722397476348,0.17340590979782267,-1.806201550387597,-0.8461538461538461,0.017793594306049654,0.2171945701357465,-0.8826559380667185,0.020161290322580516,0.02602854743912686,0.0,0.023809523809523725,
2005-03-25,0.02766892293076828,,0.05568924028875899,,-0.012526096033402934,-0.2522851919561243,-0.92,-1.0384615384615385,-1.0714285714285714,-1.0714285714285714,-0.7125748502994012,-1.8148148148148149,-2.5636363636363635,7.066666666666666,0.6974063400576369,0.06295559973492382,-0.9278846153846154,2.75,-0.013986013986013957,0.040892193308550207,0.0,0.031620553359683834,-0.04132569558101473,0.0,0.0,
2005-06-17,-0.040328171943609936,,-0.049658091826766504,,-0.018604651162790753,0.21393643031784837,14.166666666666666,-41.0,-24.0,-23.0,1.5833333333333335,0.2272727272727273,-2.953488372093023,-1.7644628099173554,-0.31409168081494054,0.03179551122194524,-23.866666666666664,1.4666666666666668,0.023049645390070816,0.046428571428571486,0.0,0.034482758620689724,0.06914212548015364,0.3623188405797102,0.023255813953488413,
2005-09-09,-0.0068633353401564845,,-0.009251327736851112,,-0.0004308487720809939,-0.1530715005035247,-1.054945054945055,-1.1375,-1.1304347826086956,-1.1363636363636362,0.10483870967741926,-4.074074074074074,-0.8333333333333334,-0.9891891891891892,-0.004950495049504955,0.06706948640483379,0.6822157434402334,0.3445945945945945,-0.0017331022530329143,0.04436860068259385,0.3002597402597402,0.040740740740740744,0.006387225548902142,0.6914893617021276,0.022727272727272707,
2005-12-31,-0.0003637245392822397,,-0.017292062943109143,,0.041810344827586166,0.46135552913198574,-15.8,-7.181818181818182,-7.333333333333334,-7.666666666666667,0.4817518248175183,3.759036144578313,-0.5357142857142857,108.0,-0.5422885572139303,-0.025481313703284214,0.1195840554592722,-0.005025125628140725,-0.04166666666666674,-0.02287581699346397,-0.45185777067518973,0.04270462633451966,0.04680682268940917,0.09433962264150919,0.022222222222222143,
2006-03-24,0.029108550636749442,,-0.042055252507478436,,0.19238725693007863,-0.3100081366965012,1.3243243243243241,1.4411764705882355,1.3157894736842106,1.1999999999999997,-0.5073891625615763,-1.369620253164557,-2.9615384615384617,-2.362385321100917,1.6141304347826089,0.14468332364904124,1.0897832817337463,1.0151515151515147,-0.09420289855072461,0.19397993311036776,-0.03589650145772605,0.04778156996587013,0.1796134899583175,1.2270114942528738,0.021739130434782483,
2006-06-16,0.36428992339422517,,0.13188831741366647,,0.8036086051353226,0.429245283018868,0.9186046511627908,0.927710843373494,0.4772727272727273,0.40909090909090917,0.8700000000000001,-4.1506849315068495,5.196078431372549,-0.8552188552188552,0.08939708939708946,0.020812182741116736,0.34074074074074057,0.5664160401002507,0.9199999999999999,0.12605042016806722,-0.5326025326025325,0.05211726384364823,0.4156761965949243,0.6967741935483871,-0.04255319148936165,
2006-09-08,0.007601935038009655,,0.007302823758519983,,0.008272412466333146,-0.06353135313531355,-0.8787878787878788,-0.88125,-0.8923076923076922,-0.8870967741935484,0.7058823529411764,0.05434782608695654,-1.4272151898734178,-8.0,-0.5744274809160306,0.0556936847339633,-0.1314917127071823,-0.014399999999999968,0.008333333333333304,-0.4502487562189055,-0.2879094217549535,0.0619195046439629,0.0006807351940096851,0.017490494296577896,-0.022222222222222254,
2006-12-31,0.012345679012345734,,0.026743998711132644,,-0.0036252623545125484,0.49162995594713665,3.9000000000000004,4.105263157894737,4.285714285714286,4.571428571428571,-0.13793103448275867,-0.8845360824742268,-0.4222222222222223,-1.4684385382059801,0.6322869955156951,0.10551106924163922,0.014631043256997378,0.10064935064935066,-0.009297520661156966,0.09502262443438902,0.022714366837024436,0.06997084548104948,-0.015873015873015928,0.09790732436472349,0.022727272727272707,
2007-03-23,0.053607723577235866,,0.08488937705946964,,0.016660283416315647,-0.38747784997046664,-0.04591836734693877,-0.046391752577319534,-0.05405405405405406,-0.10256410256410264,-0.56,-4.982142857142858,-6.935897435897436,4.723404255319149,2.217032967032967,0.0979974435449511,-0.10219435736677118,-0.06489675516224191,0.019812304483837195,0.11157024793388426,-0.03942254303164916,0.05449591280653965,-0.034792626728110565,-0.011572498298162093,-0.04444444444444451,
2007-06-15,-0.050639016156257544,,-0.09632629447497831,,0.007534375588623021,0.3413693346190936,-0.20320855614973266,-0.20540540540540542,-0.19999999999999984,-0.22857142857142843,0.6446280991735538,-1.5650224215246635,-2.613390928725702,-1.835192069392813,-0.5755764304013664,-0.04268529297632895,-0.24022346368715086,-0.24447949526813884,0.007157464212679043,-0.06319702602230481,0.017919075144508634,0.05167958656330751,0.06158987825256612,-0.26101928374655636,0.023255813953488413,
2007-09-07,0.002794005588011128,,-0.01200384122919329,,0.019629837352776125,-0.13299784327821706,-0.3489932885906041,-0.3537414965986394,-0.3571428571428572,-0.33333333333333337,0.7386934673366834,0.11904761904761907,-0.8085676037483267,-1.0919881305637982,0.12474849094567397,-0.07944872314552087,0.09007352941176472,0.09603340292275564,0.020304568527918843,-0.08333333333333337,0.21862578080636008,0.04668304668304657,0.01709017315043848,0.08667287977632787,0.0,
2007-12-31,-0.002701789935832477,,-0.002915924185971197,,-0.0023835716905024062,0.4859038142620231,2.0309278350515463,2.0631578947368423,2.1666666666666665,1.9444444444444446,-0.03179190751445082,0.049645390070921946,0.8041958041958042,-2.145161290322581,-0.12701252236135963,-0.13474240422721273,0.14418212478920744,0.1561904761904762,-0.004975124378109541,-0.1515151515151516,-0.21481826654240443,0.04694835680751175,0.00022109219544552694,0.13464837049742706,0.022727272727272707,
2008-03-21,-0.0041483237385709915,,-0.013484971567831017,,-0.00496232310237088,-0.4095982142857143,-0.7925170068027211,-0.7972508591065293,-0.8070175438596491,-0.7924528301886793,-0.31641791044776124,-0.08108108108108103,0.023255813953488413,1.408450704225352,-0.35040983606557374,-0.16081424936386768,-0.1798084008843036,-0.1614497528830312,-0.0020000000000000018,-0.15816326530612246,-0.24925816023738878,0.04260089686098656,-0.0008841732979664174,-0.17838246409674974,0.022222222222222143,
2008-06-13,0.02397347615404244,,0.022891963109354485,,0.026043590690801643,0.33742911153119093,2.1147540983606556,2.1864406779661016,2.2727272727272725,2.1818181818181817,-3.0480349344978164,-1.9191176470588234,-3.0492424242424243,-2.152046783625731,0.5930599369085174,0.03214069132807773,0.05929919137466322,0.06286836935167006,0.03206412825651306,0.036363636363636376,0.26007905138339904,0.04301075268817178,0.002433628318583958,0.06439742410303584,0.0,
2008-09-05,-0.004649232046492369,,0.005313154081468374,,-0.01062106210621061,-0.17455830388692584,-0.7157894736842105,-0.7234042553191489,-0.7222222222222222,-0.7142857142857142,-3.5245202558635396,-5.6,-2.478743068391867,-1.969543147208122,-0.0217821782178218,-0.21739130434782605,-0.06955046649703134,-0.07024029574861379,-0.01747572815533993,-0.24561403508771928,-0.27101631116687586,0.04123711340206193,-0.006179651291105759,-0.06136560069144337,0.0,
2008-12-31,-0.0031695721077654726,,0.0016015374759770218,,0.003820960698689868,0.4101027397260273,1.259259259259259,1.2884615384615383,1.2999999999999998,1.0,-0.9358108108108109,-0.7739130434782608,-1.29875,-1.9685863874345548,0.028340080971659853,-0.17192192192192202,-0.29443938012762083,-0.2882703777335984,-0.0009881422924901129,-0.15503875968992242,-0.11101549053356274,0.00990099009900991,0.007106373528758647,-0.2725598526703499,-0.0434782608695653,
2009-03-27,-0.0066103254957744495,,-0.014550687559961584,,0.0038064165307232223,-0.46448087431693985,-1.4918032786885247,-1.495798319327731,-1.5217391304347827,-1.6,0.5789473684210527,-1.3153846153846154,-1.0669456066945606,-0.21621621621621623,0.28543307086614167,-0.47869446962828643,-0.2855297157622738,-0.2849162011173184,0.0009891196834816984,-0.4770642201834864,-0.25266214908034856,0.0,0.01058434399117969,-0.2569620253164556,-0.022727272727272707,
2009-06-19,0.05053908355795156,,0.03034236573097515,,0.08053448898519311,0.20634920634920628,0.1333333333333333,0.18644067796610164,0.0,0.0,0.125,-3.2439024390243905,-41.625,3.7793103448275858,1.0612557427258804,0.16695652173913045,-0.8625678119349005,-0.84375,-0.056324110671936656,0.1578947368421053,0.6735751295336787,0.0,0.029893083133318843,-0.8500851788756388,-0.09302325581395343,
2009-09-11,-0.03247273893521485,,-0.07559055118110236,,0.011196524064171154,-0.1428571428571429,-0.19117647058823528,-0.18571428571428572,-0.25,-0.25,-0.14814814814814814,-1.1739130434782608,-1.7046153846153846,-1.4718614718614718,-0.24294205052005946,0.3487332339791358,-2.552631578947368,-2.25,-0.011518324607329933,0.4393939393939392,10.914086687306503,0.0,0.04533898305084749,0.0,-0.05128205128205132,
2009-12-31,0.04044087179912159,,0.05706984667802395,,0.022806147744174554,0.42543859649122817,0.25454545454545463,0.3157894736842106,0.33333333333333326,0.33333333333333326,0.5826086956521739,-6.0625,-2.139737991266376,-2.90519877675841,0.6113837095191363,0.20552486187845287,2.7881355932203387,3.12,-0.01165254237288127,0.2210526315789474,0.0,0.00588235294117645,-0.016619375760032362,0.0,-0.08108108108108103,
2010-03-26,-0.03942652329749108,,-0.07477840451248996,,-0.008725157537566641,-0.3669230769230769,0.21739130434782616,0.14666666666666672,0.08333333333333348,0.08333333333333348,-0.7307692307692308,-0.5185185185185186,-1.7796934865900385,-1.637239165329053,-0.24177831912302072,0.16498625114573784,0.07606263982102912,0.09223300970873782,-0.017148981779206873,0.1724137931034484,0.0,0.0019493177387914784,0.03194558944765058,0.0,-0.02941176470588236,
2010-06-18,-0.008540630182421238,,-0.0005225570458108342,,-0.01727791361043196,0.35358444714459303,-1.2261904761904763,-1.1511627906976745,-1.1538461538461537,-1.1538461538461537,2.4693877551020407,2.051282051282051,-0.6928746928746929,-0.8136020151133501,-0.05943775100401605,0.17702596380802516,-0.293139293139293,-0.3111111111111111,-0.0010905125408942062,0.19852941176470562,0.0,0.001945525291829009,0.006990213700818648,0.0,0.030303030303030276,
2010-09-10,0.011541356527557056,,0.012896479609620037,,0.011112954055398916,-0.09694793536804314,-4.052631578947368,-5.461538461538462,-5.5,-5.5,-0.35882352941176465,1.8571428571428572,-0.18400000000000005,3.5,-0.28437233134073436,-0.07018716577540107,0.0,0.01935483870967758,-0.0010917030567685337,-0.06748466257668706,0.0,0.0019417475728153999,-0.00039666798889326227,0.0,0.02941176470588225,
2010-12-31,0.026126498553121102,,0.013076393668272512,,0.03395669291338588,0.4850894632206759,-0.7413793103448276,-0.8793103448275862,-0.8888888888888888,-0.8888888888888888,0.761467889908257,-0.388235294117647,-3.8529411764705883,-1.825825825825826,0.32816229116945106,0.1473759884974839,-0.33529411764705896,-0.2784810126582279,0.012021857923497192,0.14473684210526305,0.0,0.0019379844961240345,0.007738095238095211,0.0,0.05714285714285716,
2011-03-25,0.006607042140037045,,0.004925271739130377,,0.007932730445819436,-0.3955823293172691,3.0,7.571428571428571,8.0,8.0,-0.8072916666666666,4.471153846153846,-0.5120274914089347,-4.487272727272727,-0.8616352201257862,0.14348370927318288,-0.19911504424778748,-0.1842105263157896,-0.015118790496760348,0.13218390804597702,0.0,0.003868471953578423,-0.013388462295727543,0.0,0.0,
2011-06-17,0.0488273433122548,,0.060503633598107065,,0.04108295293562092,0.4352159468438539,-2.033333333333333,-2.033333333333333,-2.0,-2.0,4.918918918918919,-0.8664323374340949,1.908450704225352,-1.5005213764337852,3.116883116883117,-0.07123287671232881,-0.4475138121546962,-0.38709677419354827,0.0274122807017545,-0.055837563451776595,0.0,0.0,0.007383755737377928,0.0,0.027027027027026973,
2011-09-09,-0.02274288330916585,,-0.06199203187251001,,0.022981554278802552,-0.1195987654320988,-1.5483870967741935,-1.5483870967741935,-1.5555555555555556,-1.5555555555555556,-0.3470319634703196,-0.5592105263157895,-1.450363196125908,-1.2291666666666667,-0.17350157728706628,-0.17404129793510326,-0.4,-0.3508771929824561,0.022411953041622246,-0.19892473118279574,0.0,0.0038535645472059787,0.046751188589540416,0.0,0.0,
2011-12-31,0.020538852010933306,,0.0796805980292219,,-0.013154005320721307,0.45311130587204196,-1.5,-1.5,-1.6,-1.6,0.8321678321678321,2.2686567164179103,-2.39247311827957,-3.7454545454545456,0.5763358778625953,-0.11857142857142855,-0.6166666666666667,-0.6756756756756757,-0.014613778705636848,-0.134228187919463,0.0,0.019193857965450922,-0.033118849356547964,0.0,0.026315789473684292,
2012-03-23,0.03971533516988068,,0.05853658536585371,,0.021716339673506058,-0.4059107358262968,-1.1176470588235294,-1.1176470588235294,-1.0,-1.0,-0.7213740458015268,-0.5799086757990868,0.9498069498069499,0.609271523178808,0.5883777239709442,0.29497568881685576,-3.7826086956521743,-3.7500000000000004,0.005296610169491567,0.31007751937984485,0.0,0.011299435028248705,-0.017224505774124155,-0.03409090909090906,0.0,
2012-06-15,-0.06263339957312142,,-0.14389772558346958,,0.017443564936968636,0.3868020304568527,-42.0,-42.0,inf,inf,2.136986301369863,0.923913043478261,-2.78019801980198,-2.742798353909465,-0.6455792682926829,-0.0250312891113893,0.4531249999999998,0.45454545454545436,0.01264488935721797,-0.029585798816568087,0.4459169752484895,0.0018621973929235924,0.08544114718183637,0.43529411764705883,0.0,
2012-09-07,0.024026381909547645,,0.06060079874978297,,-0.0061950727560869945,-0.11859443631039535,-1.4146341463414633,-1.4146341463414633,-1.4545454545454546,-1.4545454545454546,-0.46288209606986896,2.1242937853107344,-1.2436040044493881,-0.7508854781582055,-0.45376344086021503,-0.025673940949935803,-0.010752688172043001,0.0,-0.009365244536940653,-0.03658536585365846,-0.24217100238127331,0.01115241635687747,-0.029541284403669765,-0.00819672131147553,0.025641025641025772,
2012-12-31,-0.003680417113939627,,0.004420432220039183,,-0.010582777616700456,0.43770764119601324,-1.4411764705882353,-1.4411764705882353,-1.4,-1.4,1.9024390243902438,-0.8842676311030742,-1.593607305936073,-1.772511848341232,0.6417322834645669,0.022397891963109373,-0.03260869565217395,-0.02083333333333326,-0.013655462184873901,0.03164556962025311,0.022351336930100274,0.03125,-0.00699565135186242,-0.04958677685950408,0.0,
2013-03-31,0.02639679852239496,,0.014995925020374834,,0.03604395604395605,-0.2749855574812248,2.7333333333333334,2.7333333333333334,3.0,3.0,-0.5042016806722689,-3.296875,-3.5692307692307694,3.03680981595092,1.5779376498800959,0.09149484536082486,0.9325842696629214,0.9361702127659575,0.010649627263045858,0.10429447852760743,0.22796334957086528,0.017825311942959,0.009520182787509546,0.8608695652173912,0.07499999999999996,
2013-06-30,-0.050386143810452144,,-0.12461859643488038,,0.015273652948663452,0.13147410358565748,1.125,1.125,1.0,1.0,-2.112994350282486,2.0272108843537415,-3.625748502994012,-1.9559270516717326,-0.6344186046511628,0.026564344746162982,0.2965116279069768,0.31868131868131866,0.008429926238145313,0.016666666666666607,-0.4867060212514758,0.019264448336252293,0.06903055450773277,0.2990654205607477,0.0,
2013-09-30,-0.008053691275167751,,-0.027517886626307053,,0.006546872823512961,-0.13873239436619722,-0.8403361344537815,-0.8403361344537815,-0.8125,-0.8125,-2.8274111675126905,-2.5280898876404496,-1.0763968072976056,-0.5977742448330683,-0.0992366412213741,0.009200690051753835,0.3228699551569505,0.34999999999999987,-0.002089864158829613,0.0,-0.2311160180329378,0.020618556701030855,0.01482004234297829,0.33453237410071957,0.023255813953488413,
2013-12-31,0.019979304306296353,,0.01150726278060743,,0.00027677830058125963,0.03679476696647588,5.473684210526316,5.473684210526316,4.333333333333334,4.0,0.8861111111111111,-1.0191176470588235,-1.2537313432835822,-3.6679841897233203,1.4322033898305087,0.04102564102564088,0.49830508474576285,0.5246913580246915,0.0,0.043715846994535346,-0.24614095967452432,0.02188552188552184,-0.01929763560500697,0.6549865229110512,-0.09090909090909083,
2014-03-31,-0.04721398470422977,,-0.1301753077209996,,0.011483121195351442,0.032334384858044185,0.4552845528455285,0.4552845528455285,0.5,0.6000000000000001,-0.748159057437408,9.307692307692308,44.588235294117645,-1.6948148148148148,-0.5447154471544715,0.05254515599343201,0.3755656108597285,0.417004048582996,0.011518324607329822,0.05235602094240832,-0.2731746031746032,0.023064250411861664,0.061513915972345234,0.37296416938110744,0.04999999999999982,
2014-06-30,0.0004914407404372767,,-0.009433962264150941,,0.005060867186431395,0.09320091673032849,-0.13407821229050276,-0.13407821229050276,-0.125,-0.125,1.0701754385964914,-1.9104477611940298,-0.7612903225806451,-1.1023454157782515,0.12244897959183665,0.11336453458138318,0.07565789473684204,0.09142857142857119,0.0041407867494822614,0.10447761194029881,-0.19392880541602975,0.024154589371980784,0.004676018704074858,0.07947805456702262,0.0,
2014-09-30,-0.006549324600900519,,-0.008441558441558472,,-0.004491017964071808,-0.09573724668064287,-0.07096774193548383,-0.07096774193548383,-0.09523809523809523,-0.09523809523809523,-0.32485875706214684,0.47540983606557385,-0.43243243243243246,-2.104166666666667,-0.12045454545454548,0.03409621672115826,0.2584097859327217,0.27486910994764413,-0.00412371134020606,0.02702702702702675,-0.047954483879707244,0.03144654088050314,0.0019946808510638014,0.24615384615384617,0.023809523809523725,
2014-12-31,0.0059332509270704215,,0.007203667321545426,,0.002870813397129135,0.020092735703245657,0.7638888888888888,0.7638888888888888,0.736842105263158,0.631578947368421,0.6150627615062763,-1.4166666666666667,0.5333333333333334,-6.60377358490566,0.7674418604651163,0.006323396567299078,0.21385176184690158,0.23203285420944564,0.0020703933747412417,0.013157894736842257,-0.1974957313602732,0.03963414634146356,-0.0029860650298606517,0.20546737213403876,0.023255813953488413,
2015-03-31,-0.01613828131400019,,-0.025574338968357146,,-0.006406761177753517,-0.002272727272727315,-0.6141732283464567,-0.6141732283464567,-0.6060606060606061,-0.5806451612903225,-0.5518134715025906,-3.2266666666666666,0.2298136645962734,-1.67003367003367,-0.29093567251461994,-0.008527827648114994,-0.11011011011011007,-0.10666666666666658,-0.006198347107438051,-0.012987012987013102,-0.17553191489361697,0.029325513196480912,0.009816971713810352,-0.11192392099487924,0.0,
2015-06-30,0.002581182348043276,,0.021574733096085374,,-0.008094388805048758,0.10022779043280172,1.1632653061224492,1.1632653061224492,1.1538461538461542,1.1538461538461542,1.2485549132947975,1.3892215568862274,0.07070707070707072,0.12060301507537696,-0.4597938144329897,-0.09189678587596206,0.092238470191226,0.09141791044776126,0.0010395010395012338,-0.08333333333333337,0.02709677419354839,0.028490028490028463,-0.010710166419508949,0.084019769357496,0.0,
2015-09-30,-0.005066024416576664,,0.05464837796647082,,-0.03734439834024894,-0.11180124223602483,-0.5990566037735849,-0.5990566037735849,-0.6071428571428572,-0.6071428571428572,-0.3419023136246787,-0.6591478696741855,-0.4764150943396226,-1.0134529147982063,0.011450381679389388,-0.08574277168494515,-0.07209062821833168,-0.08034188034188039,-0.0384215991692628,-0.09090909090909094,-0.1561976549413736,0.027700831024930705,-0.03231179213857438,-0.08206686930091178,0.022727272727272707,
2015-12-31,-0.016360601001669473,,-0.05883567299752268,,0.014942528735632177,0.03651903651903643,0.9176470588235295,0.9176470588235295,1.0,1.0,0.37890625,-0.75,2.099099099099099,-9.666666666666666,-0.09811320754716979,-0.0992366412213741,-0.13207547169811318,-0.13197026022304836,0.01403887688984895,-0.06315789473684208,-0.012406947890818865,0.02695417789757415,0.03184165232358005,-0.14238410596026496,0.0,
2016-03-31,-0.007976917854718213,,-0.01886378591796445,,-0.006228765571913875,0.0037481259370315545,0.1165644171779141,0.1165644171779141,0.09090909090909083,0.09090909090909083,-0.3796033994334278,0.7058823529411764,-0.5581395348837209,-1.5,-0.02092050209205021,-0.0847457627118644,0.16112531969309463,0.15845824411134912,0.0,-0.0955056179775281,0.026633165829145877,0.026246719160105014,0.0016680567139282232,0.14575289575289574,0.022222222222222143,
2016-06-30,-0.008383233532934131,,-0.05410239213056112,,0.022079772079772075,0.08961911874533235,0.9065934065934067,0.9065934065934067,0.9583333333333333,0.9583333333333333,0.7945205479452055,-2.9827586206896552,2.125,1.4615384615384617,0.1367521367521367,0.03902116402116418,0.2125550660792952,0.22181146025878018,0.028753993610223683,0.03726708074534146,-0.09544787077826722,0.025575447570332477,0.030807660283097338,0.20808761583824764,0.0,
2016-09-30,-0.004313319530710791,,0.010163082013708413,,-0.011707317073170742,-0.11240575736806036,-0.6916426512968299,-0.6916426512968299,-0.7021276595744681,-0.7021276595744681,-0.22391857506361323,-1.608695652173913,-0.6589473684210526,1.3125,0.27819548872180455,0.08147676639083379,0.02361489554950036,0.03782148260211793,-0.008281573498964856,0.05389221556886237,-0.1158008658008658,0.02493765586034935,-0.0074313408723748475,0.02649930264993028,0.021739130434782483,
2016-12-31,-0.011609773002945745,,-0.014974262985493647,,-0.01367931180369486,0.03243243243243232,0.17757009345794383,0.17757009345794383,0.2857142857142856,0.2142857142857142,0.2655737704918033,0.4571428571428571,0.5308641975308641,-0.5135135135135135,0.09411764705882364,0.0005885815185404653,-0.04347826086956508,-0.039358600583090264,-0.012526096033402823,0.005681818181818121,-0.027539779681762466,0.024330900243308973,-0.0021158854166666297,-0.04687499999999989,0.0,
2017-03-31,0.032258064516129004,,0.08052256532066515,,0.004575350300257464,0.008227374719521396,0.25396825396825395,0.25396825396825395,0.16666666666666674,0.23529411764705865,-0.4585492227979274,2.764705882352941,-1.838709677419355,0.02777777777777768,0.5698924731182795,0.11352941176470588,-0.03153988868274582,-0.03338391502276161,0.004228329809724984,0.12994350282485878,0.16803020767778465,0.02375296912114,-0.026912412330777902,-0.03278688524590179,0.0,
2017-06-30,0.006623641304347894,,0.001758628269949547,,0.010674637062339842,0.06899109792284874,0.3291139240506329,0.3291139240506329,0.3333333333333335,0.3333333333333335,0.9282296650717703,-1.0104166666666667,-1.7355769230769231,5.864864864864865,0.43493150684931514,-0.027997886951928175,-0.1839080459770116,-0.18995290423861866,0.010526315789473717,-0.030000000000000027,0.001616379310344973,0.023201856148491906,0.004022795843110938,-0.18275607958732487,0.0,
2017-09-30,-0.007001855913615684,,-0.011191573403554922,,-0.0030981551894099235,-0.1297709923664122,-0.5047619047619047,-0.5047619047619047,-0.5,-0.5,-0.3746898263027295,44.0,0.9542483660130718,-0.4724409448818898,0.15990453460620535,-0.016304347826086807,-0.0046948356807511304,-0.009689922480620172,-0.0031249999999999334,-0.02577319587628868,0.2173211403980635,0.0226757369614512,0.00400667779632724,0.0027051397655544207,-0.02127659574468077,
2017-12-31,-0.006626454846657026,,0.003994673768308976,,-0.014973866365305843,0.0717703349282297,-0.11538461538461542,-0.11538461538461542,-0.07142857142857151,-0.07142857142857151,0.45238095238095233,-1.3722222222222222,-0.47157190635451507,0.04477611940298498,0.14094650205761328,0.07127071823204423,-0.05542452830188671,-0.06262230919765166,-0.017763845350052265,0.07407407407407396,0.07114449845338044,0.04434589800443467,-0.008480212836714296,-0.05845323741007191,0.0,
2018-03-31,0.0317283845035492,,0.056587091069849604,,0.018069697404273555,0.0014880952380953438,1.75,1.75,1.6153846153846154,1.6153846153846154,-0.3224043715846995,13.253731343283581,-1.7531645569620253,-5.207142857142857,-0.5311091073038774,0.01753481175863847,0.16479400749063666,0.16075156576200422,0.019148936170212627,0.034482758620689724,0.0709570957095711,0.02123142250530785,-0.013248364916988109,0.16905444126074487,-0.021739130434782594,
2018-06-30,0.0009118037135278367,,-0.009205020920502127,,0.005493731511480471,0.1277860326894502,-0.17391304347826086,-0.17391304347826086,-0.17647058823529405,-0.17647058823529405,0.6411290322580645,-1.100523560209424,-2.46218487394958,-1.5534804753820035,0.6269230769230769,0.028890015205271125,-0.003215434083601254,-0.0053956834532372655,0.0041753653444676075,0.00952380952380949,-0.12134052388289684,0.010395010395010562,0.00458871515975523,-0.015522875816993409,0.022222222222222143,
2018-09-30,0.0066252587991717515,,-0.03082770270270274,,0.025777528719529208,-0.14426877470355737,0.5406698564593302,0.5406698564593302,0.5357142857142856,0.5357142857142856,-0.29729729729729726,5.760416666666667,0.7586206896551724,0.9294478527607362,0.7434988179669031,0.035467980295566415,0.32043010752688184,0.32007233273056035,0.02598752598752596,0.03301886792452824,0.03551074090311279,0.020576131687242816,0.019116900693622263,0.32033195020746885,0.0,
2018-12-31,-0.005347593582887722,,-0.04226579520697171,,0.023490849494673505,0.0477290223248652,-0.05900621118012417,-0.05900621118012417,-0.023255813953488413,-0.023255813953488413,0.2552447552447552,-0.5223420647149462,0.2647058823529411,-0.5532591414944357,0.1905084745762713,-0.1179828734538535,0.21905537459283386,0.23150684931506849,0.025329280648429542,-0.14155251141552516,-0.3348856900931414,0.035282258064516014,0.029050464807436782,0.23695788812067886,0.0,
2019-03-31,0.04028122415219193,,0.11692447679708828,,0.002535361622631349,0.021307861866274758,-0.38613861386138615,-0.38613861386138615,-0.40476190476190477,-0.40476190476190477,-0.42339832869080785,-2.3806451612903228,-0.32558139534883723,-2.715302491103203,-0.2744874715261959,-0.014563106796116498,-0.07481629926519695,-0.0723025583982202,0.001976284584980448,-0.037234042553191404,-0.2087842138765118,0.01947419668938677,-0.03629617680271002,-0.06910569105691056,0.0,
