Quarter end,Assets,Current Assets,Liabilities,Current Liabilities,Shareholders equity,Revenue,Earnings,Earnings available for common stockholders,EPS basic,EPS diluted,Cash from operating activities,Cash from investing activities,Cash from financing activities,Cash change during period,Cash at end of period,Price,ROE,ROA,Book value of equity per share,P/B ratio,P/E ratio,Cumulative dividends per share,Equity to assets ratio,Net margin,Asset turnover,Current ratio
1994-03-31,0.053266912841618996,0.044184356557738,0.04036750282726853,0.06564990816658312,0.05830200583611567,0.0669877015611815,0.10137255899967768,0.10137255899967768,0.09433962264150941,-0.10344827586206884,0.1277859642659791,-2.0220151338174803,-0.23441764402153864,-1.8040668947168377,-0.11603596356106904,0.016559829059829223,0.007741935483871032,-0.03550295857988173,0.05853658536585371,0.034482758620689724,-0.037190082644628086,1.0,0.004726817739468814,0.009216589861751112,0.0,-0.02014633657412046
1994-06-30,0.053266912841618996,0.044184356557738,0.04036750282726853,0.06564990816658312,0.05830200583611567,0.0669877015611815,0.10137255899967768,0.10137255899967768,0.09433962264150941,-0.10344827586206884,0.1277859642659791,-2.0220151338174803,-0.23441764402153864,-1.8040668947168377,-0.11603596356106904,0.016559829059829223,0.007741935483871032,-0.03550295857988173,0.05853658536585371,0.034482758620689724,-0.037190082644628086,1.0,0.004726817739468814,0.009216589861751112,0.0,-0.02014633657412046
1994-09-30,0.04130382422593204,0.032512626928308475,0.03693733546243139,0.04303026054831016,0.04297933472854454,-0.010214072593493828,-0.09258118183498676,-0.09258118183498676,-0.08620689655172398,-0.10344827586206884,0.5615940549589644,-0.058262317076200665,-0.2610800655169091,-1.4336248325848893,0.05692095288819021,0.09379926431949559,0.007741935483871032,-0.03550295857988173,0.041474654377880116,0.034482758620689724,-0.037190082644628086,0.5,0.0016604400166044808,0.009216589861751112,0.0,-0.010101268412438746
1994-12-31,0.005465057893840886,-0.015030575855490835,0.01877064745207191,0.026723275735977214,0.00038900968257005175,-0.10793013427611475,-0.26562659151869084,-0.26562659151869084,-0.26415094339622647,-0.10344827586206884,-0.07665054255458226,-0.7694174757281553,0.05319946539752918,1.378452034883721,0.12809260319277493,0.06005284650492437,0.007741935483871032,-0.03550295857988173,-0.0011061946902655162,0.016666666666666607,-0.037190082644628086,0.2592592592592593,-0.00511120320486258,0.009216589861751112,0.0,-0.040662378258286225
1995-03-31,0.08567111396881533,0.0990807538937839,0.083424827522814,0.1265656102848034,0.08654381253850141,0.22567797221839458,0.6171432534270325,0.6171432534270325,0.6153846153846154,-0.10344827586206884,-0.6098659153015136,1.7044622425629292,-0.04249589897551764,-1.3802612481857766,-0.04739766069190432,0.11330160888284624,0.007741935483871032,-0.03550295857988173,0.0874861572535992,0.11475409836065587,-0.037190082644628086,0.303921568627451,0.0008331019161345043,0.009216589861751112,0.0,-0.024397468695300906
1995-06-30,0.010232679955331614,0.005490317419588608,-0.019716298351004746,-0.038688289273569265,0.021834675100107503,0.05543986252455868,0.08213734347304014,0.08213734347304014,0.07936507936507953,-0.10344827586206884,0.7396385279814184,0.42183864280577055,0.6746508921644685,2.7439734833266374,-0.16527051882068,0.010177081213108119,0.007741935483871032,-0.03550295857988173,0.024439918533604832,-0.07169117647058831,-0.037190082644628086,0.23308270676691722,0.01151498335183132,0.009216589861751112,0.0,0.04595765822959508
1995-09-30,-0.011773779288700936,-0.01702837499577814,-0.04632494536642362,-0.07241667407341568,0.0010667972316880103,-0.08679299833124532,-0.16348313122506675,-0.16348313122506675,-0.16176470588235303,-0.10344827586206884,0.7058872616514373,0.7779397762437514,0.00011581446522668237,-0.12332662642521797,-0.17822743386964823,0.005037275841225153,-0.008536064874093086,-0.03550295857988173,0.00397614314115291,-0.017821782178217838,-0.03991416309012874,0.18902439024390238,0.012892607324098249,0.005136986301369939,-0.010309278350515427,0.05971921676254799
1995-12-31,0.011306320676863102,-0.011206259699652055,0.053001885631888346,0.05938920530765879,-0.0034558099018949795,-0.13491056228702825,-0.37098506142816534,-0.37098506142816534,-0.36842105263157887,-0.10344827586206884,0.06493824140882953,-1.867956420598129,-0.29318896801960903,-4.083358834690006,0.6687241159604971,0.020048115477145245,-0.03745157124408094,-0.03550295857988173,-0.003960396039603853,0.016129032258064502,0.0017881090746534323,0.1743589743589744,-0.014624238320920857,-0.01817149346961955,-0.02083333333333337,-0.06663844410688047
1996-03-31,0.006993558495935304,0.006736636045008737,-0.009497042199234418,-0.013711961968299713,0.013162749874614965,0.22877073809646098,0.661034820375066,0.661034820375066,0.6666666666666667,-0.10344827586206884,-0.4600941662838769,-1.601932013188593,-0.10245207798591016,-1.2102463327973958,-0.0842540667382572,-0.02692610062893086,-0.023255813953488302,-0.019631901840490795,0.012922465208747402,-0.023809523809523836,-0.0138331102186523,0.14847161572052392,0.00618386697815021,-0.02197802197802201,0.010638297872340496,0.02073050345508398
1996-06-30,0.0017689331837755784,0.015364023026858353,0.049949002035084566,0.07044103135970303,-0.015852277599166187,-0.021867088855622385,-0.5510700683150958,-0.5510700683150958,-0.5666666666666667,-0.10344827586206884,0.7811974901627141,0.4564033570376065,0.15196227563127462,-0.8373300604229608,-0.01496660093986435,-0.036760250454453636,-0.18681318681318682,-0.1889862327909888,-0.013738959764474812,-0.04878048780487809,-0.02352941176470602,0.12927756653992417,-0.017618137121005017,-0.17622708456534586,-0.021052631578947323,-0.05144022165298778
1996-09-30,-0.00881160304238715,-0.019160890668379005,-0.004355352571775883,-0.010205130665423834,-0.010550387847562792,-0.05216922144141112,0.7882032117967881,0.7882032117967881,0.846153846153846,-0.10344827586206884,0.12368795003761512,-0.903180398539568,0.822949953783177,-6.8882762623331395,0.08946649029982368,-0.06814845879639342,-0.04729729729729737,-0.05401234567901225,-0.006965174129353269,-0.05555555555555547,0.1506024096385543,0.1144781144781144,-0.0016682886139303132,-0.04809763101220399,-0.010752688172043001,-0.009065858363185408
1996-12-31,-0.017717949486798057,-0.031128663151337888,-0.004947793838840697,-0.028985306540735944,-0.02273193545985852,-0.08690910627985293,-0.22974677586369197,-0.22974677586369197,-0.22916666666666663,-0.10344827586206884,-0.11648122761713475,1.494775102226261,-0.1839306927824298,-0.2962889951209896,0.05778842612640678,-0.011251125112511251,0.014775413711583862,0.009787928221859588,-0.015030060120240551,-0.004524886877827927,0.04107933950865905,0.10876132930513593,-0.005152485726221845,-0.003016591251885248,0.021739130434782483,-0.0021968243374766994
1997-03-31,-0.02862076310974826,-0.029263998028530636,0.008741193746863107,0.016319385019111232,-0.043557258134183985,0.18143409130187882,0.5458545170121236,0.5458545170121236,0.5675675675675675,-0.10344827586206884,-0.484784700505172,-0.24157712620651972,0.45526362506657203,-4.789831220673717,-0.20704365458927954,0.019799726900318726,0.008153756552125913,-0.001615508885298822,-0.03967446592065116,0.036363636363636154,0.013539651837524147,0.09809264305177123,-0.015397536394176958,-0.015128593040847238,0.010638297872340496,-0.04486929379633242
1997-06-30,0.010274739988960224,0.015835709884062465,0.033556150348506675,0.05829687658968363,0.00045840997779822423,-0.0035082403157677966,0.0010277654797292701,0.0010277654797292701,0.0,-0.10344827586206884,0.3605696276409478,-0.26413735142273986,-0.43351021652942967,-1.0235424558809942,0.006147016959783924,0.03213568399910738,0.20277296360485253,0.1933656957928802,-0.0010593220338982468,0.07456140350877205,0.044656488549618345,0.08933002481389574,-0.009667330110890049,0.1735791090629799,0.010526315789473717,-0.04012021475256777
1997-09-30,-0.0036630457715048914,0.0010479898748054772,-0.01883861593114422,-0.03598777423439792,0.0029472351711163913,-0.06613364091540619,-0.10415580723119933,-0.10415580723119933,-0.10344827586206884,-0.10344827586206884,0.39082017844886763,1.168869309838473,-0.11247254403721085,18.56828885400314,0.11955171702736789,0.10205405405405399,0.033141210374639796,0.026440677966101722,0.0031813361611878754,0.10408163265306114,-0.07343807088052623,0.08200455580865618,0.006603502727533739,0.015706806282722585,0.02083333333333326,0.03842295650059291
1997-12-31,-0.03471274400080904,-0.058341117920387875,-0.041975863878270014,-0.08920502610023318,-0.03161774527321193,-0.1402866590688352,-0.3835669575949925,-0.3835669575949925,-0.40384615384615385,-0.10344827586206884,-0.29708723490876787,0.29805160610847814,0.2941890088559991,-1.6604492579221821,-0.07052630226292411,-0.04904845987835982,-0.00883310088331013,-0.012549537648612996,-0.02008456659619462,-0.05360443622920519,-0.06782334384858035,0.07789473684210524,0.0031374786081004302,-0.014175257731958824,0.0,0.03389830508474567
1998-03-31,-0.02887866573012965,-0.041602037074847775,0.01495828324714954,0.02736907283443024,-0.04735888886223527,0.21923752554968567,0.7913103172106062,0.7913103172106062,0.8709677419354838,-0.10344827586206884,-0.5122507722549845,-1.9932773109243698,0.8818335208098989,2.5048891588217432,-0.26594283712913724,-0.03094697751186304,0.016416510318949307,0.011371237458194017,-0.04638619201725991,-0.009765625,-0.0016920473773265332,0.072265625,-0.01890816036394649,0.0032679738562091387,0.010204081632652962,-0.06713100597412158
1998-06-30,0.0025058138356255366,-0.002214062475600742,0.020561481211543553,0.03291683510345078,-0.005603783839363108,-0.021847240707959847,-0.10728770798071086,-0.10728770798071086,-0.10344827586206884,-0.10344827586206884,1.1957178841309823,-2.003675827061089,-0.4797214501329986,-0.840039509253483,-0.057952362417287184,-0.014690227804981859,-0.013844023996308241,-0.017857142857142905,0.0,0.0335305719921104,-0.014406779661016889,0.06739526411657559,-0.008114765975945626,-0.0228013029315961,0.0,-0.03402330945732668
1998-09-30,0.02343048671540582,0.006384165570220812,0.05081898169765897,0.05948047974326398,0.01080542117508032,-0.04218172061557335,-0.10120378485699466,-0.10120378485699466,-0.09615384615384626,-0.09615384615384626,0.13851423327160384,-0.14591326589931408,0.3316291360294117,-0.14234644133896657,-0.052760654426710185,-0.1728608470181504,-0.01169864295741696,-0.020875420875420825,0.02149321266968318,-0.17366412213740456,-0.14746345657781612,0.06313993174061427,-0.012417823228634162,-0.025999999999999912,0.010101010101010166,-0.05011468250227791
1998-12-31,-0.020484202860505896,-0.05802716524412732,-0.03501086942315823,-0.08354013801904059,-0.01352287981494893,-0.08863042595885051,-0.3034090230651356,-0.3034090230651356,-0.31914893617021267,-0.31914893617021267,-0.16301766204603363,1.2610944731826845,-0.24990293775074413,2.4328659845901224,-0.19120854380953722,0.01880877742946696,0.014678030303030276,0.0061898211829436445,-0.013289036544850363,-0.002309468822170868,0.045890065557236515,0.0609951845906902,0.007100591715976323,-0.008898015058179332,0.010000000000000009,0.027851283408309113
1999-03-31,-0.008725822440463826,-0.02531166423750164,0.02198581080013451,0.027448810588183603,-0.023122561639530526,0.1534504875501428,0.3935948347284519,0.3935948347284519,0.4375,0.4375,-0.19731365872115025,0.042022877784467116,-0.6266965723487463,-0.5174405769372286,-0.11408315935977731,0.022564102564102573,-0.06066262249183385,-0.06698564593301437,-0.022446689113355678,0.03703703703703698,0.017357762777242103,0.05748865355521926,-0.014394829612220938,-0.06422651933701662,0.0,-0.05136126665379426
1999-06-30,0.006593980022558954,0.009470542475286114,0.0815168535603299,0.1381887952524794,-0.030149512726941885,0.009011189210501369,-0.4375973759737597,-0.4375973759737597,-0.4347826086956522,-0.4347826086956522,0.097829580271249,-0.1674370233418072,0.9035074205309916,0.2163171940526114,-0.15663017330256768,-0.003259779338014135,-0.13810233482364642,-0.1501831501831502,-0.030998851894374457,0.01785714285714257,0.06445497630331753,0.05436337625178833,-0.03651266766020855,-0.15350553505535058,0.0,-0.1131012958816745
1999-09-30,0.03810833739463182,0.04290314732541467,0.049877465996814196,0.0686956167534083,0.031671999687278296,-0.017260475532164365,0.7917547568710359,0.7917547568710359,0.7692307692307692,0.7692307692307692,0.13772712191885095,-0.39243580846634285,-0.004559311516982745,-1.3430290872617854,0.06370717054940456,0.032955974842767244,0.0028818443804035088,-0.010344827586206917,0.041469194312796276,0.06578947368421062,0.21059661620658954,0.05156037991858886,-0.006187161639597871,-0.016564952048823023,0.00990099009900991,-0.024135556915544698
1999-12-31,-0.02525445018312622,-0.03996258284119891,0.05624578132324931,0.08394439867358994,-0.07061207743013864,-0.07868123310134534,-0.25478588139558545,-0.25478588139558545,-0.23913043478260876,-0.26086956521739124,-0.3205365719774942,0.19051970302684174,0.24340072632663023,-6.341739766081871,-0.3199255732501505,-0.11032635168046767,0.034482758620689724,0.00783972125435528,-0.0523321956769055,-0.1440329218106996,-0.1044501655020228,0.049032258064516165,-0.046536964980544604,-0.0026595744680850686,0.009803921568627416,-0.11429467330380583
2000-03-31,-0.0314992204752782,-0.029275305417433728,0.04476996232030328,0.03856349167708051,-0.07973935843689606,0.10099082983859198,0.19505337009636636,0.19505337009636636,0.19999999999999996,0.23529411764705865,0.09707144660439293,-0.312434040103617,-0.1331763987881166,-0.6212110845022237,-0.17819264504707488,-0.08732548590199829,0.006111111111111178,-0.02765773552290407,-0.078031212484994,-0.03846153846153855,-0.09938398357289535,0.04674046740467386,-0.04995102840352594,-0.03200000000000003,0.0,-0.06531840509802189
2000-06-30,0.020067057182787895,0.021986369190968302,0.1462961918393535,0.20497240590792254,-0.07057481826892531,-0.0031169575466597488,0.11741593567251463,0.11741593567251463,0.1428571428571428,0.1428571428571428,0.656863421930733,0.2632386799693016,0.33739847620005525,-1.1210260115606936,0.026242093100679487,-0.000899820035992871,0.19215902816123687,0.13688888888888906,-0.04296875,0.08499999999999996,0.026447788417692797,0.044653349001175124,-0.08883161512027504,0.1386593204775024,0.0,-0.1518394015434874
2000-09-30,-0.012746761308606858,-0.0029488879531169854,0.10923677116667152,0.1503134050922923,-0.12077888119583158,-0.07909773049606927,-0.40863930002453186,-0.40863930002453186,-0.39583333333333337,-0.39583333333333337,0.3301573632967125,-0.34900033138186237,-0.5104442814973584,39.60970149253731,1.0384329141461368,-0.27469228459921946,-0.031959240389069055,-0.10164190774042225,-0.10068027210884345,-0.24193548387096775,-0.36872501110617506,0.04274465691788509,-0.10937205355459179,-0.09758064516129028,0.0,-0.1332477391983924
2000-12-31,0.8208821468128036,0.2330714969449732,1.575448470901378,1.2153478741234562,-0.022210415769565617,0.13234155204348763,-0.9520862861686313,-0.9520862861686313,-1.0,-1.0,-0.3955727263234834,80.27674556715024,-36.60511560027652,-0.5948141205873165,0.20641265680584153,-0.26531456953642385,-0.1598086124401913,-0.35073977371627507,-0.00302571860816947,-0.18237082066869303,-0.1836734693877552,0.016181229773462924,-0.46305314418801613,-0.24843610366398572,-0.13592233009708743,-0.4434211373736072
2001-03-31,-0.03297264439643832,-0.04741986770565487,0.008777170958361946,-0.33498329540625793,-0.15584094642611035,0.25778801819349706,13.626262626262626,13.626262626262626,-inf,-inf,-1.398576512455516,-0.9863853053572565,-1.0283716936724316,-3.8543244591591455,-0.4883641527442597,0.19774647887323948,-0.10933940774487472,-0.30294906166219837,-0.1562974203338392,0.2007434944237918,0.5405172413793105,0.015923566878981,-0.12697160883280745,-0.2497027348394767,-0.07865168539325851,0.4324230502198565
2001-06-30,-0.008997645580758773,0.006140392449377918,-0.014611436011269574,-0.009407371318230884,0.01074532308217746,-0.011257885171638837,0.6281077348066297,0.6281077348066297,0.6190476190476193,0.6190476190476193,-3.1592839805825244,0.1286513838840757,0.3280994563357791,-0.9166600460792882,-0.07954924621591286,0.1632173095014111,-0.08951406649616378,-0.25576923076923075,0.014388489208633004,0.3777089783281735,0.4118634583100167,0.01567398119122254,0.019873532068654054,-0.213946117274168,-0.04878048780487798,0.015752484045561177
2001-09-30,-0.0044740590934664315,-0.015597256553981143,-0.006896637618407309,-0.17790624316007675,0.0038320934109901117,-0.03240585844053734,0.016664141796697507,0.016664141796697507,0.02941176470588225,0.02941176470588225,0.8055761857925692,-0.1870117519190272,1.1574442504222366,-2.0857959961868446,0.09383908121735396,0.1439547108774768,0.1046348314606742,-0.05684754521963831,0.010638297872340496,0.12808988764044926,0.3349187475227904,0.015432098765431945,0.008414526129318034,-0.01612903225806439,-0.03846153846153855,0.19739144265945607
2001-12-31,-0.04488396948750839,-0.06760180995475118,-0.04911772933012204,-0.12262572982183573,-0.030523070321617718,-0.09411543506966435,-0.13068097153926395,-0.13068097153926395,-0.11428571428571421,-0.17142857142857149,-0.2795490928495198,-0.2546791443850267,-0.03432582331555345,-4.136611062335382,-0.26908592431911305,-0.01378579003181335,0.38080101716465364,0.34794520547945207,-0.026315789473684292,-0.02589641434262946,-0.07957244655581952,0.015197568389057725,0.0149319279754061,0.28893442622950816,0.040000000000000036,0.06269925611052085
2002-03-31,-0.012655359160794855,-0.013169917031196188,-0.024188577087542074,-0.010729828244206652,0.02571493980960371,0.06363527924231227,0.43801851217003773,0.43801851217003773,0.4193548387096775,0.517241379310345,-0.4344042218313119,0.631726457399103,-0.5122906332870746,-0.21351396741868667,-0.28954473320830154,0.13405017921146967,0.18416206261510126,0.20731707317073167,0.027027027027027195,0.16564417177914126,-0.142258064516129,0.014970059880239583,0.038944180008654294,0.21144674085850568,0.0,-0.0024374999999999813
2002-06-30,0.0207006682302171,0.046155359298902576,0.0026385394831871523,-0.11261757875724243,0.0778686466449301,0.0683916347421969,0.08234200300379046,0.08234200300379046,0.09090909090909083,0.06818181818181812,0.35335843291318825,-3.038818275506699,1.3013663896323426,-0.9745889387144993,-0.01035623114411699,0.07553729456384328,0.0695956454121307,0.10269360269360273,0.0736842105263158,0.047368421052631504,-0.09890936442271525,0.014749262536873253,0.05581007913369418,0.09186351706036744,0.012820512820512775,0.17893615688240083
2002-09-30,-0.026330618487783175,-0.046717953539237245,-0.032855094013617525,-0.2595965757742126,-0.007121472265601447,-0.028465201034563847,0.09246492368009518,0.09246492368009518,0.08333333333333348,0.1063829787234043,0.9232552513808814,-1.8583319292333615,-0.018375016832543722,29.73109243697479,-0.3215887439542723,-0.1337055539230091,0.08978553253362409,0.1251908396946564,-0.0032679738562092497,-0.1926298157453935,-0.20617696160267118,0.014534883720930258,0.019723865877712132,0.10697115384615397,0.012658227848101333,0.2875059786363394
2002-12-31,0.0032235163018081714,-0.0174595959195194,0.004777799594214205,-0.012704498205276749,-0.001233949960722125,-0.08316100411213179,-0.2137543095626928,-0.2137543095626928,-0.1923076923076924,-0.25,-0.35350348514228813,-0.2721133838482981,-0.34297757713316535,-0.24473612250478538,-0.35801935706878674,0.15298507462686572,0.03535690460306862,0.06241519674355489,0.003278688524590345,0.15560165975103724,0.03890641430073627,0.014326647564469885,-0.004255319148936176,0.055374592833876246,0.012499999999999956,-0.004829322656540125
2003-03-31,0.025990126725829787,0.0914024706114458,0.0267247119448788,0.713232655627168,0.023870758929348312,0.09882816550865914,-0.178988127291843,-0.178988127291843,-0.19047619047619035,-0.1282051282051282,-0.7677329398985068,-0.6875404530744337,-0.8664110545896287,-1.121650977552498,0.06784223987077675,-0.029126213592233108,-0.07699742268041243,-0.06130268199233713,0.02450980392156854,-0.032315978456014416,-0.08248987854251022,0.01412429378531077,-0.0019425019425018952,-0.06687242798353898,0.0,-0.36296142679386145
2003-06-30,0.013236438118636729,0.03828443125166503,-0.02027050047993162,-0.012373721793402237,0.11017749950713474,0.03514834071176076,0.6053346659587093,0.6053346659587093,0.6176470588235294,0.588235294117647,1.9988133463632556,-14.090799240462628,16.205314009661837,-1.4365079365079365,-0.027732257657884785,-0.030909090909090886,0.004188481675392763,0.03265306122448974,0.10526315789473695,-0.05380333951762528,0.025372311086596877,0.01485608170844932,0.0953678474114441,0.03307607497243659,0.0,0.05130542353017775
2003-09-30,-0.008881352047333868,-0.022810297010348313,-0.021845895747680033,-0.03135721812780601,0.024219869447540177,-0.0035743072578121593,-0.006362115257403045,-0.006362115257403045,0.0,0.0,1.1560252321873326,-1.1829630118019385,-0.35537736082780713,-0.018181818181818188,-0.028004667444574083,-0.0206378986866792,-0.029544664581161006,0.0,0.030303030303030276,-0.11372549019607847,-0.05863367401828945,0.014638609332113361,0.03340440653873489,-0.0010672358591249376,0.0,0.008794203257570965
2003-12-31,0.002809475971655706,-0.0595050553041101,-0.041144819368094776,-0.1071983190966842,0.10998662272343407,-0.018896370449545175,-0.25376436725343154,-0.25376436725343154,-0.2727272727272727,-0.2592592592592593,0.2921349527665318,1.2324324324324323,0.20507827512875032,5.743055555555555,-0.1942777110844338,0.06577266922094505,-0.06805157593123212,-0.013175230566534912,0.10644257703081239,0.03539823008849563,0.053714285714285825,0.014427412082957725,0.10694635488308113,-0.02991452991452992,0.024691358024691246,0.05347166799680769
2004-03-31,0.015230015102570826,0.05526702944148032,-0.004004446828246744,0.002743111330779646,0.05574504700180838,0.13398926237656283,0.47878565243630455,0.47878565243630455,0.4999999999999998,0.47499999999999987,-0.8222402326125464,-0.6222114608555287,-0.8967852358981991,-0.90216271884655,-0.02359076235410973,0.06620730976632716,0.06264411990776342,0.13484646194926575,0.051898734177215244,-0.03632478632478631,0.06019522776572672,0.014222222222222136,0.040074557315936454,0.1013215859030836,0.024096385542168752,0.05233100233100241
2004-06-30,0.0004167332044990868,0.01800936423952293,-0.016060364686196427,-0.02427353797621934,0.03315948772303057,-0.02025737596142163,0.0025550942190992743,0.0025550942190992743,0.0,0.0,1.6463924794359577,0.20646043411382675,3.3556493974662684,0.9333333333333333,-0.04671074940657849,0.014891823545939653,-0.027486437613020054,0.0235294117647058,0.03489771359807459,-0.03547671840354771,-0.10741687979539649,0.015775635407537125,0.03255675029868588,0.0040000000000000036,0.0235294117647058,0.04336028353084509
2004-09-30,-0.01603498417841731,-0.022364302913742695,-0.045419527389553016,-0.14372508179776333,0.039575224035742096,-0.03424034247973495,-0.2512654419312591,-0.2512654419312591,-0.25,-0.2542372881355932,1.0068558843380342,-2.6070264910043917,2.14876208943224,-6.479128856624319,0.2684748777234327,0.04125138427464026,-0.09557456303458522,-0.04367816091954024,0.03953488372093017,0.0045977011494253706,0.016618911174784978,0.014667817083692913,0.056696557708996176,-0.05478087649402397,0.011494252873563315,0.14171222334270994
2004-12-31,0.02509811610145074,0.014073423991696421,-0.007203344658960109,-0.0934603402229579,0.08123061357299277,-0.07505891602417092,-0.03306937714218172,-0.03306937714218172,-0.04444444444444451,-0.06818181818181823,-0.068236127090893,-2.24938293370945,-0.5478003574700732,5.072209340841338,1.285193494111049,0.054506780111672315,-0.03618421052631582,0.007211538461538547,0.07718120805369133,0.016018306636155666,0.10653889515219839,0.015306122448979664,0.05474952094169172,0.015806111696522684,-0.011363636363636354,0.1186369764306634
2005-03-31,0.004252962179060349,0.012358405192589794,0.012410457824060694,0.03288179374352351,-0.008763441982148068,0.1170787131165747,0.28448149415733637,0.28448149415733637,0.30232558139534893,0.3414634146341464,-1.1330737082066868,-0.4536795315035631,-1.3436576211512272,-1.5336569932358717,-0.3001288501656645,0.030257186081694476,-0.05332764505119458,-0.022673031026252954,-0.005192107995846351,-0.04504504504504503,0.025471217524197565,0.015075376884422065,-0.01297690111601335,-0.013485477178423189,-0.011494252873563204,-0.01986452229564062
2005-06-30,-0.0026700711443131686,0.010789611313011704,0.005171205238921894,1.2807838917847425,-0.015449170533668455,-0.014289210250606033,0.07936356888643581,0.07936356888643581,0.0714285714285714,0.09090909090909083,-6.107137758743755,0.43323001420637985,-1.431691876479969,-4.787284064192988,1.6241178275544645,-0.06779246206558975,-0.02073005858494814,-0.0012210012210012167,-0.01148225469728592,-0.061320754716981174,-0.0491803278688524,0.014851485148514865,-0.012884564817249533,0.00525762355415349,0.0,-0.5568369726521094
2005-09-30,0.02034002419932679,-0.018714066146752417,0.0055186436000576045,-0.014446666227504457,0.0450006471107911,-0.04356275869024673,0.2091054960943699,0.2091054960943699,0.21666666666666679,0.19999999999999996,0.17472851532473332,0.027799053840955157,9.561177655882682,-1.8522307090226984,-0.5274622477615929,-0.03938041480703591,0.10906580763920837,0.12347188264058673,0.05596620908130934,-0.03015075376884424,-0.043887147335423204,0.015447154471544655,0.024240809802877017,0.14435146443514646,-0.023255813953488413,-0.004305396096440872
2005-12-31,0.09235149905616735,0.23404347889141874,0.1589174506693789,0.29658286159063985,-0.014220005147805526,-0.06382448014471176,-0.7777810184915126,-0.7777810184915126,-0.7808219178082192,-0.8194444444444444,-0.5768622178863336,0.3202700333157986,-3.5432835504488938,-8.735526982518369,8.634650735294118,-0.08581579666575567,-0.1182572614107884,-0.14145810663764957,0.008999999999999897,-0.13212435233160613,-0.198360655737705,0.015212169735788539,-0.09752925877763319,-0.11425959780621575,-0.03571428571428559,-0.048236763716729025
2006-03-31,-0.019425774279090757,-0.03165686483546182,-0.015174283991226112,-0.021974796623585702,-0.027427849766263557,0.1078469386649914,2.5234282714266962,2.5234282714266962,2.6874999999999996,3.461538461538461,0.1582691334420514,-0.8559665316422074,-1.439766442583802,-1.2755048985290083,-0.2469096846392339,0.024813153961136036,0.00894117647058823,-0.016476552598225558,-0.02874132804757179,0.014925373134328401,0.16837082481254262,0.014195583596214423,-0.008357348703170064,0.011351909184726505,-0.024691358024691357,-0.009893992932862195
2006-06-30,-0.05194037604945134,-0.13699133639977734,-0.11205476965367012,-0.40110451113565204,0.06263135488030769,0.037293325407874445,0.1395418141180853,0.1395418141180853,0.13559322033898313,0.15517241379310365,0.9364000485495814,1.0606270170585521,1.3402073579863152,1.6067405712247749,-0.8546511344646311,0.05455075845974311,0.00746268656716409,0.014175257731958713,0.06428571428571428,0.08529411764705874,0.03908984830805129,0.014774494556765161,0.12089508863702414,0.015306122448979664,0.0,0.44101152238197194
2006-09-30,0.05275016513222819,0.13931719057309944,0.07716805324901,0.04306838845585492,0.01386260858902455,0.016267518685026516,0.04027328299172961,0.04027328299172961,0.05970149253731338,0.04477611940298498,0.465513350883791,-0.6987358764962524,-1.0761580017332566,-1.7577899645418373,4.455803975463413,0.027385892116182697,-0.03287037037037033,-0.040660736975857814,0.024928092042185934,-0.035230352303523005,-0.006737787759685476,0.01379310344827589,-0.03681617837697693,-0.046231155778894584,0.012658227848101333,0.09227285592980472
2006-12-31,-0.039911632817625775,-0.04798501889830009,-0.03025926122197975,-0.39198367993511163,-0.05624369208184232,-0.04603114247822904,-0.24611130314552365,-0.24611130314552365,-0.2676056338028169,-0.27142857142857135,-0.7858755902278793,4.68770887486075,-4.308890779538445,-1.3630106070864365,-0.296474014364444,0.19897684437264407,0.17185256103398738,0.18807947019867566,-0.05706267539756782,0.1713483146067416,0.21028829847371378,0.015873015873015817,-0.017227456258411933,0.13909378292939945,0.03749999999999987,0.565755377040684
2007-03-31,0.007458538128140457,0.037515176379395054,-0.010120503057691965,-0.22988734720919668,0.03802167111519639,0.10068284602133315,0.3065107748739111,0.3065107748739111,0.34615384615384603,0.3529411764705881,-0.6993448386065836,-0.4506104328523862,-0.5043148472528003,-0.3513003833799606,-0.2733695462325776,0.08668313496519198,0.02614379084967311,0.04905239687848395,0.044642857142856984,0.15107913669064743,-0.08127043437645953,0.015625,0.030402629416598215,0.01295097132284928,0.03614457831325302,0.3472216475650627
2007-06-30,0.019858708661392166,0.030352259013560534,-0.0035158353816161503,0.022911435081845344,0.05861317348954431,0.01346932791145039,0.250171481440125,0.250171481440125,0.25714285714285734,0.26086956521739135,11.265213925059793,-0.46809269162210343,0.5307829469930296,-2.308692457591924,0.4923502193377802,0.03223806571605703,0.05931528662420393,0.06269925611052085,0.05698005698005715,-0.012499999999999956,-0.011692933401118433,0.01538461538461533,0.03801169590643294,0.05205479452054784,0.011627906976744207,0.007278646233223718
2007-09-30,-0.005233240203722955,-0.031234947795924173,0.2793345753356884,0.17633620971339425,-0.44935032815365317,0.016710067174923182,-0.24917062216097585,-0.24917062216097585,-0.22727272727272718,-0.2298850574712643,-0.044622351258829185,2.303172475424486,1.9239680623504247,-2.51850314895279,-0.5009784893413116,0.014814814814814614,0.09996242014280354,-0.014000000000000123,-0.3926325247079965,-0.040084388185654074,-0.058641975308642014,0.016594516594516717,-0.4463508322663252,-0.03819444444444442,0.02298850574712641,-0.17644368559058476
2007-12-31,0.07622533261184716,0.06457973585772914,0.06225679170493548,0.3016560066472145,0.12687440547592055,-0.05111321023189952,-0.19748827408061997,-0.19748827408061997,-0.16176470588235303,-0.20895522388059706,0.42919184932361176,0.6014879945891105,-0.914001781821079,-2.4388573633192405,1.4445000322768058,0.0013809429867823741,0.0898530919029723,-0.02738336713995937,0.1272189349112427,0.6505494505494505,0.012568306010928953,0.016323633782824754,0.04671600370027762,-0.020758122743682272,-0.011235955056179803,-0.18214801377216694
2008-03-31,0.005158816893722662,-0.008683906800461716,0.022806790510577546,-0.03879598289837005,-0.05516229016019192,0.07788104022056097,0.18476166274908423,0.18476166274908423,0.22807017543859653,0.3018867924528301,-0.9393759074572157,-0.3498606301207873,5.980291417501895,-2.0168254996815893,-0.6008608908635977,-0.14617809298660356,0.09905956112852676,-0.049009384775808074,-0.04986876640419946,-0.24234354194407448,-0.15272531030760939,0.0160614525139664,-0.059655324790101716,-0.03963133640552996,-0.011363636363636354,0.03132497397130063
2008-06-30,0.028430179633727404,0.0837875167353026,0.008383448332115906,0.04795854738228034,0.10260464270832093,0.0662431592091921,0.19811253306641885,0.19811253306641885,0.19999999999999996,0.2028985507246377,8.319329930637352,0.06944263998960643,-1.0758232078863859,-1.6486106380407195,0.9764133778821662,-0.013613290263036482,0.09298345693097532,-0.07127192982456143,0.12983425414364635,0.03690685413005279,-0.013375796178343946,0.01580756013745699,0.07189849624060152,-0.07197696737044157,0.011494252873563315,0.034192160821665096
2008-09-30,-0.015270446980925723,-0.030970562641270183,-0.057032539400577176,-0.225040574322395,0.12604804155617932,-0.02922062610237597,-0.1394557823129252,-0.1394557823129252,-0.11904761904761907,-0.12048192771084332,-0.19043941074864135,0.3018283423434367,-7.55649267982177,-1.1821723810814473,-0.08999916310988365,-0.03228070175438602,-0.0733298538622128,-0.02715466351829987,0.12591687041564814,-0.1423728813559323,-0.018076178179470603,0.01691474966170503,0.1433581762384919,-0.01964839710444677,-0.011363636363636354,0.250445632798574
2008-12-31,-0.009302404337015013,-0.06320835172247419,0.06097376714552105,0.07219163623916014,-0.20844520684168655,-0.12701242676564028,-0.15116843492129528,-0.15116843492129528,-0.1351351351351351,-0.17808219178082196,0.4591139328337497,0.7010078387458007,-1.5612727846411496,-7.484191928584712,0.6412871542083578,-0.2238336959149142,0.025063362433117353,0.0060679611650484855,-0.20955483170466893,-0.3102766798418971,-0.2406311637080868,0.016633399866932796,-0.20092024539877296,0.01371308016877637,-0.011494252873563204,-0.1262939958592133
2009-03-31,-0.04737640790817743,-0.09388855777611649,-0.09314719482984668,-0.231393598364672,0.11271987450947552,0.038076211781422176,-0.036087737929907715,-0.036087737929907715,-0.0625,0.0,-1.1708137668667895,-0.4765470704410797,-3.0852756756756756,-2.3032654056302073,-0.5092145886914667,-0.10214886328246653,-0.05851648351648353,-0.027744270205066313,0.11263736263736246,0.13467048710601714,-0.12380952380952392,0.0163612565445026,0.16794625719769685,-0.02289281997918846,0.0,0.17889052909641845
2009-06-30,0.05951446615402478,0.12846642339721126,0.04168002759823897,0.1780813619751178,0.11742134380409963,0.015422689991601679,0.018772379600398237,0.018772379600398237,0.016666666666666607,0.0,-8.092497216035635,-0.26044123041450506,-0.6380490232673883,-1.8387728603182287,0.8702690977177499,0.09850849809226503,-0.10971695360373512,-0.08188585607940457,0.11358024691358026,-0.012626262626262541,0.13339920948616624,0.016097875080489432,0.05464256368118314,-0.05857294994675177,-0.023255813953488413,-0.04211289419052955
2009-09-30,0.005484702425259558,0.0038493578647771365,-0.013783866981598614,-0.12546736237448242,0.060742948639686434,0.07808559799106396,0.09810120000831901,0.09810120000831901,0.09836065573770503,0.10000000000000009,0.10431284039055977,-0.13136824204634023,5.516958863297812,-1.121257838532784,-0.056423404450141934,0.11083043890116828,-0.03572599147820377,-0.025675675675675635,0.05986696230598687,-0.002557544757033292,0.21272885789014806,0.01584283903675554,0.05531749123490459,-0.022624434389140302,-0.011904761904761862,0.14788950428291314
2009-12-31,-0.052310821313612976,-0.05346200350567765,-0.07648474609869071,0.35637950874520885,0.017363913224091698,-0.04407362307674734,-0.10140151515151519,-0.10140151515151519,-0.08955223880597019,-0.09090909090909094,-0.18634202692495672,1.8903662615221468,0.16723078410859182,7.053337660932598,-0.4815684600056931,0.11853325753268917,-0.07545887151597552,0.001386962552011095,0.01569037656903771,0.05641025641025643,0.1502516175413371,0.015595757953836609,0.07345884090070154,-0.02662037037037046,0.03614457831325302,-0.3021757372332774
2010-03-31,0.012648339706908818,0.038001322617648325,-0.006145133869837838,-0.018808803312595157,0.057610958604843,0.11658496020545295,0.34445474855625346,0.34445474855625346,0.3114754098360657,0.3333333333333335,-0.646240375689401,-0.5839471678943358,-0.9468023409078926,-1.1300831575694883,0.12083359331128718,0.11944091486658182,0.022426470588235325,0.07894736842105265,0.05355303810504619,0.10194174757281549,0.11937500000000001,0.01535626535626533,0.04436038514442919,0.041617122473246226,0.03488372093023262,0.05793429246295889
2010-06-30,0.01816724951516413,0.04499485026483141,0.00939960405188689,0.042110732903888115,0.03868654602326793,0.01818448744397161,0.052720688519964254,0.052720688519964254,0.04999999999999982,0.03749999999999987,1.940479130649543,0.4658119658119657,6.295908254282883,1.14127852938139,0.23084459685141057,0.06447219069239507,0.044588277597986226,0.09499358151476267,0.03421309872922773,0.008810572687224738,-0.015633724176437824,0.015124016938898865,0.020085610800131715,0.047945205479452246,0.04494382022471921,0.0027604124380937733
2010-09-30,0.050396386789014036,0.08542684820450797,0.018406994487588424,0.29925367258897073,0.12119748570616862,0.011239110844097233,0.1472182511317608,0.1472182511317608,0.1428571428571428,0.14457831325301207,-0.15289559885771875,-0.18418251654403262,0.1641924278589586,-0.7910195813639433,0.03919422534192063,-0.028577521859671662,0.04234079173838223,0.09730363423212185,0.12003780718336476,-0.058951965065502265,-0.10606920022688593,0.016090584028605415,0.06746287927695271,0.07952069716775578,0.021505376344086002,-0.16460205651364268
2010-12-31,0.0028446671393813627,-0.0022248992960132163,-0.023065847546428264,0.026964078452820672,0.05518426781706043,-0.06447957248289349,-0.2785638256444871,-0.2785638256444871,-0.26041666666666663,-0.2947368421052631,0.32380244159385274,1.9952351239435022,-0.36394852647019604,2.7957535195015,0.14316055185620402,0.1459934138309551,-0.034015852047556194,0.010683760683760646,0.05063291139240511,0.023201856148491906,0.04187817258883264,0.015835777126099737,0.052010885999395295,0.014127144298688332,-0.010526315789473717,-0.028396976158170273
2011-03-31,0.025793615565779193,0.047105520319651095,-0.013694966030064704,-0.04081845704144482,0.09919733606024272,0.1339974915458746,0.5121630861132103,0.5121630861132103,0.46478873239436624,0.5373134328358209,-1.3271573152577918,-0.6316875935079447,-1.8965354578332199,-2.17723597008573,-0.14742789266896106,0.12241379310344835,-0.0023931623931623403,0.051797040169133224,0.09799196787148601,0.0680272108843536,0.09805115712545676,0.015588914549653499,0.0715722908881864,0.052736318407960114,0.0,0.0916708229426435
2011-06-30,0.021060251562337706,0.03719392715147318,-0.012915875684764377,-0.00839153779662194,0.0783324018125513,0.00184523801190295,-0.09346406006449082,-0.09346406006449082,-0.09615384615384626,-0.09708737864077666,-2.061383928571429,0.34959893048128343,-1.0071908798596902,-1.59193265158558,0.10235777440385818,0.08107185526540372,-0.05106237148732018,0.007035175879396949,0.07168983174835408,-0.01698513800424628,0.00942872989462007,0.015349630471859,0.05606223175965663,0.013232514177693666,0.0,0.045961257309941494
2011-09-30,-0.01830485331886811,-0.03876586785989733,-0.035618695006887746,-0.08492775017020548,0.009083119832181685,-0.002534974685189373,0.07944820706672973,0.07944820706672973,0.07446808510638303,0.07526881720430101,2.0893526382485375,0.23945593782146535,390.479674796748,-2.4089520984207313,-0.13082612957846895,-0.0729396905588886,-0.03864210906464427,0.009980039920159722,0.00887372013651877,-0.13390928725701945,-0.098901098901099,0.017357222844345044,0.027940055880111725,0.002798507462686617,0.0,0.050449899536996634
2011-12-31,0.0040805422936425195,-0.047864123917460644,0.05874939104819488,-0.01859326706787512,-0.0760957858412632,-0.09721831109243106,-0.7033839569071387,-0.7033839569071387,-0.693069306930693,-0.7,-0.3675740305984413,0.6271978359768844,-0.6016053331118125,0.17686400792667833,-0.17713896889535152,-0.020946866485013538,-0.12509391435011263,-0.11166007905138342,-0.07645466847090654,-0.029925187032418865,-0.03414634146341455,0.01706108970831033,-0.07981220657277,-0.10976744186046516,0.0,-0.029814129485633445
2012-03-31,0.01612399054350555,0.02136696983040043,-0.024665074422524524,-0.0774293882380448,0.08428648004549033,0.10278514485950119,2.3227842912191523,2.3227842912191523,2.2258064516129035,2.3000000000000003,-0.2736255243983219,-0.4830361190871997,0.012953840540047334,-0.38155125236792253,-0.1331347206017286,-0.03513654548617151,-0.0322026620867325,-0.016685205784204515,0.08205128205128198,0.04370179948586106,0.07449494949494939,0.016774891774891776,0.06713211600429636,-0.00940438871473348,-0.010638297872340274,0.10706326075775752
2012-06-30,0.003952016958927995,0.01403931275155812,-0.007474306725772539,-0.02578275594602686,0.02152903676746276,0.015058765915768824,0.09302210817212786,0.09302210817212786,0.09000000000000008,0.09090909090909105,0.5717379740101831,-0.07118322005408173,-0.34481782626595303,-3.3918148557815027,0.36733920497608663,0.03335136109608805,0.038598047914818245,0.04524886877828038,0.016249153689912088,-0.044334975369458074,0.04582843713278506,0.016498137307078276,0.01736285858077502,0.044303797468354444,0.0,0.04088269454123106
2012-09-30,0.011436194739905758,0.0181132092067966,0.005725496387583684,0.2867173935749858,0.019573605388790716,-0.017138096010491877,-0.8153076888347104,-0.8153076888347104,-0.8165137614678899,-0.8148148148148149,-0.9088722349812643,0.19348493193799676,-1.464556415190669,-1.265234249937747,-0.07125586551602203,0.01413119330076773,-0.2464758650149509,-0.24458874458874458,0.01865423051299131,-0.002577319587628857,-0.030898876404494402,0.017801047120418856,0.008162255750680192,-0.23737373737373746,-0.010752688172043001,-0.20877036375808977
2012-12-31,0.06199375470807089,0.1321812516379115,0.10389172486795895,-0.046220765496010174,0.0012700204614408683,-0.04005472843833524,3.1629896718205712,3.1629896718205712,3.0999999999999996,3.0999999999999996,22.994031038599285,0.026536128691983185,5.585679262828641,-31.477601931330472,2.338327450839156,0.09736796834680872,0.17176870748299322,0.1790830945558739,0.0019620667102682177,0.07751937984496116,0.4388405797101449,0.017489711934156382,-0.05716388616290491,0.19337748344370853,-0.010869565217391353,0.18709161848352385
2013-03-31,-0.015094473165928157,-0.024076044205654568,-0.05375342067905331,-0.13243578296923875,0.04628253502540014,0.06946946476273874,0.3314493753578296,0.3314493753578296,0.35365853658536595,0.3414634146341464,-0.8965177924827659,-0.09013840274878782,-1.15249929398475,-1.1072693748047227,-0.07513670466244582,0.12196269007681448,0.01548137397194016,0.023086269744835963,0.04634464751958234,0.11990407673860903,-0.06688154713940375,0.01718907987866536,0.06219099661722627,0.031076581576026552,0.0,0.12489605195422326
2013-06-30,0.03386044081812223,0.06463486627336446,0.02370432931840405,0.04916891866878914,0.04827775167112347,0.04094191548645565,0.128174030012018,0.128174030012018,0.12612612612612595,0.1272727272727272,4.30605267375394,-0.4893414272605351,0.2920875420875422,-3.7014686576960947,0.21946968131553168,0.08858460248707556,0.02239161505478804,0.028503562945368266,0.045539613225202835,0.04068522483940051,0.051381692573402526,0.016898608349900535,0.013963743263106343,0.038751345532830994,-0.01098901098901095,0.014714683000668805
2013-09-30,0.004711505653957948,-1.5912914738014372e-05,-0.02559329560075496,-0.10099784059955119,0.0483840821911008,-0.020298692642235383,-0.03201657512558398,-0.03201657512558398,-0.03200000000000003,-0.032258064516129115,0.40220893238290856,0.7585182113483999,8.052182410423454,-1.345446538397291,-0.06217050153458492,0.03221666024900527,0.2520969245107174,0.27136258660508084,0.051312649164677815,-0.012345679012345734,-0.017248459958932316,0.019061583577712593,0.04348876540227109,0.2829015544041449,-0.011111111111111072,0.11233304423243728
2013-12-31,0.0021717479653398097,0.0116508871285117,-0.010769869828926693,0.09967109910984817,0.01888287741206729,-0.02302035955249937,-0.3792884114451871,-0.3792884114451871,-0.3801652892561983,-0.375,0.07878770472381591,0.46042288948278576,-0.6339932782059863,-3.7411640583787587,0.18171698008736725,0.05620492414822187,-0.056196501674730226,-0.02452316076294281,0.02156640181611791,0.004166666666666874,-0.18595904722106138,0.01870503597122286,0.016670525584626006,-0.033117932148626794,0.011235955056179803,-0.08002994105355088
2014-03-31,-0.003114897331147115,-0.0502461426956089,-0.03446435849582774,-0.13531334877562162,0.03652861923404993,0.06213034478859414,0.7356658371151126,0.7356658371151126,0.7466666666666668,0.7333333333333334,-0.7670952970461776,2.292822734734519,-0.03006469119295274,-3.195795111937905,-0.3376555159615787,0.06439839886979049,0.007492113564668834,0.036312849162011274,0.036666666666666625,0.04149377593360981,0.08162217659137583,0.01836158192090398,0.039854247324071945,0.030910609857978333,0.0,0.09838288639522674
2014-06-30,0.023839682201801438,0.047263721206662224,-0.0010142106125532457,-0.032795986304564484,0.05392755500106827,0.023616506366978873,0.03353107106375397,0.03353107106375397,0.03053435114503822,0.03846153846153855,2.401737490355214,-0.8280946076268001,-0.18308060330846576,-1.4255665675827667,0.21694888749888297,0.08903882313903333,-0.017221135029354295,0.014375561545372895,0.05519828510182223,0.05179282868525914,0.04081632653061229,0.018030513176144236,0.029347349978098958,0.011345218800648205,0.0,0.0827803327263188
2014-09-30,0.02234237985633425,0.04170255369672904,0.019051601005010133,0.10285714285714276,0.02579055970788935,-0.0185194580512269,-0.02602348460806092,-0.02602348460806092,-0.022222222222222254,-0.029629629629629672,0.3732956979762594,0.7659028239992394,-0.04466833759336919,0.3383274125178053,0.2385873772001481,0.022547227300426798,-0.011150935882118684,0.010628875110717306,0.028440832910106684,-0.032196969696969724,-0.0018239854081166795,0.021344232515894568,0.0034042553191491187,0.0112179487179489,0.0,-0.05547162281576934
2014-12-31,0.005209823992976759,-0.0015076412654611016,0.07587997959467607,0.003780564724274127,-0.07377651616114234,-0.022913804756446332,-0.16086207699110922,-0.16086207699110922,-0.15909090909090906,-0.16030534351145032,0.2288695992610401,0.0983469739392635,0.9276307244720368,-0.05444776425631226,0.18214042229446004,-0.0284068335319827,0.06443817962142573,0.06134969325153383,-0.07111111111111112,-0.0547945205479452,-0.05116491548652358,0.02089817696754115,-0.07866836301950808,0.06339144215530901,0.0,-0.00525124490719775
2015-03-31,0.003591519652631936,0.02636391121309778,-0.018690806782383995,-0.060692973123005034,0.032106711551264544,0.024898093063979942,0.42293867045353695,0.42293867045353695,0.4234234234234233,0.42727272727272725,-0.843314898425483,-0.5604823884109126,-0.4671463993100474,-1.473086781398755,-0.07289170095262376,0.1279901860560213,0.04351116155883461,0.03798513625103217,0.030303030303030276,0.21532091097308492,0.050072219547424135,0.020470383275261295,0.02853855005753747,0.050670640834574954,-0.011111111111111072,0.09268529474227116
2015-06-30,0.04175900126939891,-0.01872019417586357,0.04748084699559452,0.07428589017483378,0.03552759269503225,-0.009505656807849205,-0.1784216189243556,-0.1784216189243556,-0.17721518987341778,-0.17834394904458595,3.2839623840386327,9.988957671072445,-0.8122249759749127,0.9044547643618852,-0.1497332591071674,0.03969548667754208,-0.014865844815083351,-0.029435163086714455,0.03921568627450989,0.008517887563884052,-0.013296652911508389,0.020059752454118618,-0.006041620049228147,-0.004964539007092039,-0.022471910112359605,-0.08657263438471785
2015-09-30,0.07063034331902429,-0.04848471828197232,0.14237224919756453,0.31287952154736876,-0.01917929759704251,-0.0031907090305273167,0.010182777535255427,0.010182777535255427,0.01538461538461533,0.015503875968992276,-0.047945002298987016,0.6803083590891328,-16.332659932659933,0.5801610596823963,-0.27826875261759987,-0.046025104602510525,0.005152741994847387,-0.031967213114754145,-0.014895729890764708,-0.08277027027027029,-0.034851301115241595,0.023430962343096384,-0.0837460603331831,0.0007127583749109156,-0.034482758620689724,-0.27524469572618393
2015-12-31,-0.04863147211495811,-0.11158925303478073,-0.08165366463747492,0.07974160507478323,-0.0009762091424435626,-0.06462360082186192,-0.25626837769030597,-0.25626837769030597,-0.25,-0.24427480916030542,0.08183708919822097,-0.9061019109434509,-2.740735210154157,-0.1399340814265846,-0.3316046952357167,0.04879385964912286,-0.036250457707799444,-0.03979678238780693,0.0035282258064517347,0.06629834254143652,0.04862782859894077,0.02289452166802941,0.04987714987714975,-0.012108262108262213,-0.023809523809523836,-0.17720085559703058
2016-03-31,0.11850368162551517,0.2992305705674354,0.18831073556853073,-0.03958885798676237,0.025181127296553196,0.09454774617165684,0.49811792643492314,0.49811792643492314,0.49494949494949503,0.48484848484848486,-0.7723623481635622,-0.31982373186657664,-2.712025795513034,-4.842027733475102,1.9061091940127919,-0.043300226520299745,-0.032674772036474176,-0.06525573192239864,0.027122049221496747,-0.04663212435233166,-0.022956841138659367,0.022382094324540303,-0.0833138310320618,-0.02595529920692141,-0.04878048780487798,0.352788255683556
2016-06-30,-0.0018815796428073295,0.02003934383242334,-0.01986782223277539,-0.03436979128668194,0.02668606519771055,0.01297822578997887,-0.015766886166454497,-0.015766886166454497,-0.013513513513513487,-0.006802721088435382,2.8885022932152458,-0.09670859737066106,-1.2539326041399557,-0.9679580499814061,0.021016228726149944,0.11993443220107469,0.01963864886095834,-0.0037735849056603765,0.028361858190709244,0.08876811594202905,0.14191729323308278,0.0218921032056294,0.028593311207556704,0.01924500370096216,-0.012820512820512886,0.05633219036135495
2016-09-30,-0.013839746903934635,-0.0375234395164592,-0.03139868599133688,0.24362187632128385,0.011890992859669103,-0.02076554107360251,-0.23092013398096511,-0.23092013398096511,-0.226027397260274,-0.23287671232876705,0.42191401960385577,0.3605570388984869,1.1745943310815514,-4.712280701754386,-0.07641224314434292,0.09042120670027631,-0.05431432973805861,-0.051136363636363646,0.014265335235377874,0.061564059900166335,0.05514403292181069,0.02448355011476666,0.026061057334326065,-0.043572984749455146,-0.012987012987012991,-0.22608261396875218
2016-12-31,-0.019561258627687872,-0.13355752584092384,-0.005452845454913091,0.049505563578074785,-0.03987067947591649,-0.018586848665574474,-0.1098165454403689,-0.1098165454403689,-0.11504424778761058,-0.1071428571428572,0.17877267552616383,10.129290441742343,-0.5438003736322391,3.2348407735931364,-0.35036592946083056,-0.029530201342281903,-0.0036659877800406804,-0.015968063872255578,-0.035161744022503494,-0.043887147335423204,0.0070202808112325155,0.02389843166542205,-0.020803096274794375,-0.01290812452543666,0.0,-0.17441002949852513
2017-03-31,0.05857006151879118,0.0636532683991562,0.09845212398097125,0.09743659391047732,-0.00010269061715217909,0.08620185454502538,0.4485347481168198,0.4485347481168198,0.45999999999999996,0.44999999999999996,-0.8946824360722727,-0.43923824802577893,-2.330622798909546,-0.8630807265734985,-0.07384441591150404,-0.0387275242047026,-0.006541291905151292,-0.012170385395537497,0.0004859086491739717,-0.003278688524590123,-0.04066615027110765,0.02334062727935793,-0.05533596837944654,-0.021538461538461506,0.013157894736842035,-0.030817329164805618
2017-06-30,0.08621676149077473,0.1650622606903105,0.12135761551499535,-0.1263927435323141,0.0296917058663273,0.01758797913298804,-0.051561798141045556,-0.051561798141045556,-0.047945205479452135,-0.048275862068965614,0.6690475093313673,-0.5693947764322884,1.0213669577145268,-8.996614420062695,0.6375876054347862,0.07458033573141498,-0.017283950617283828,-0.04414784394250515,0.02962603205439529,0.07401315789473695,0.07912797739200639,0.02280826799714908,-0.05203974895397501,-0.0322327044025158,-0.012987012987012991,0.33364055299539164
2017-09-30,-0.02131189954263757,-0.07230910274503666,-0.06153521059184586,-0.19169947853227332,0.04954436267512685,0.03568678584013263,0.004244273418643862,0.004244273418643862,0.0,0.007246376811594235,2.9085588072887907,-0.5539311845816808,-2.244605975187486,-1.9167097883639368,-0.356916965481312,0.02960648664732557,0.041876046901172526,0.025778732545649774,0.04952830188679247,0.0,0.04601571268237947,0.024041811846689853,0.07227586206896541,0.021121039805036546,0.0,0.14771941948859713
2017-12-31,0.017362919256939335,0.025299135503395798,0.05499809641219011,0.10435021195845007,-0.04160385770776176,-0.020980823424290307,-1.3641813515204833,-1.3641813515204833,-1.3669064748201438,-1.3669064748201438,0.35106097423146476,0.17966166982313103,-0.6503014522132708,-1.2967431464671806,0.1646951601572142,0.08236399104110981,-0.295016077170418,-0.312041884816754,-0.04089887640449441,0.030627871362940207,0.026466380543633816,0.023477373256209466,-0.05788525855415483,-0.3078758949880669,0.0,-0.07157910582568117
2018-03-31,0.017906354657587498,0.038911303929674235,-0.0025150946923871986,-0.06766150516150515,0.05281314236653323,0.0892824338160012,-4.2229112190262725,-4.2229112190262725,-4.196078431372548,-4.196078431372548,-1.0595764036660793,-0.04111564625850339,-0.8539288784056609,-2.2060948428253018,-0.17054933350722468,-0.03250784326813971,0.023945267958951133,0.022831050228310446,0.05248359887535159,0.008915304606240682,0.36132404181184663,0.02293882978723416,0.034407427635172017,0.014942528735632399,0.0,0.11430887717875948
2018-06-30,-0.0016734753515921241,0.028542775083094662,0.005142448404962474,-0.024251065919592807,-0.013137636409779163,-0.011721636904250432,-0.23387370958768627,-0.23387370958768627,-0.2331288343558282,-0.2331288343558282,-6.841509433962264,-0.02868980391044018,-0.3211084502223742,-1.273171897403218,0.05616884393139321,-0.0836898026769698,-0.045100222717149197,-0.03720238095238104,-0.014247551202137165,-0.1296023564064801,-0.12618377271563863,0.022424439389015394,-0.011615628299894487,-0.05436013590033972,0.013157894736842035,0.054092397235358414
2018-09-30,1.0574861098094295,2.4278572767914417,0.9119424222698242,0.08448460757538934,1.304084624154573,-0.013551938227161275,-0.03462465582103702,-0.03462465582103702,-0.05600000000000005,-0.06400000000000006,1.2052310558259718,-0.04113591211873324,-489.37250554323725,287.7989735813845,15.358817454089813,-0.004593027633461477,-0.2827988338192421,-0.25502318392581136,0.7082204155374887,0.010152284263959421,0.02987697715289972,0.023204068658613908,0.11992521367521358,-0.05868263473053892,-0.20779220779220786,2.1608517099768783
2018-12-31,0.34047513910292326,-0.5765174517805035,0.21274804382463897,0.48764199900851213,0.49633663656111127,0.34323143238704734,-0.8380626018638472,-0.8380626018638472,-0.923728813559322,-0.9230769230769231,0.6051407121787056,148.63278488726385,-0.9897623261527082,-1.9341484997281926,-0.8770448305693532,0.04175491679273846,-0.1869918699186991,-0.11410788381742731,0.4960338445267054,-0.39028475711892796,0.10637087599544937,0.02267785026405722,0.11638445027426658,0.08651399491094147,-0.180327868852459,-0.715335400471657
2019-03-31,0.024983717234206892,-0.005450633272827354,0.026317318417584223,0.014023615829323655,0.018276296293472383,0.06427561857746267,6.175096774193548,6.021225806451613,9.777777777777779,9.666666666666666,-0.7995390824940476,-0.9816127151010354,-3.2613086598935657,-0.9672730086899152,-0.2334431214361271,-0.02512343886145807,-0.28900000000000003,-0.2552693208430913,0.017674089784376124,-0.3489010989010989,-0.1663239074550128,0.0221749696233291,-0.0066225165562914245,-0.139344262295082,-0.14,-0.0192152801748936
