Quarter end,Assets,Current Assets,Liabilities,Current Liabilities,Shareholders equity,Revenue,Earnings,Earnings available for common stockholders,EPS basic,EPS diluted,Cash from operating activities,Cash from investing activities,Cash from financing activities,Cash change during period,Cash at end of period,Price,ROE,ROA,Book value of equity per share,P/B ratio,P/E ratio,Cumulative dividends per share,Equity to assets ratio,Net margin,Asset turnover,Current ratio
1993-09-30,0.06979970398689739,0.08189335738424597,0.006219128202832325,0.10855054985731183,0.11482001009116383,0.0986198561765943,0.033627270334298576,0.033627270334298576,0.04347826086956519,0.045454545454545414,-1.5977874713315645,-0.2656214689265537,0.21174352582744782,4.139683608212723,-0.06962247791343468,-0.054406964091403665,-0.09229208924949284,-0.15223274695534506,0.10810810810810811,-0.2248722316865418,0.02891030392883631,inf,0.04201537147736967,-0.047070124879923125,-0.045454545454545525,-0.024043536820647304
1993-12-31,0.06979970398689739,0.08189335738424597,0.006219128202832325,0.10855054985731183,0.11482001009116383,0.0986198561765943,0.033627270334298576,0.033627270334298576,0.04347826086956519,0.045454545454545414,-1.5977874713315645,-0.2656214689265537,0.21174352582744782,4.139683608212723,-0.06962247791343468,-0.054406964091403665,-0.09229208924949284,-0.15223274695534506,0.10810810810810811,-0.2248722316865418,0.02891030392883631,inf,0.04201537147736967,-0.047070124879923125,-0.045454545454545525,-0.024043536820647304
1994-03-31,0.06299468719505574,-0.0036177952942547664,-0.006662687098412778,-0.06446574752261958,0.10751302089504144,0.0986198561765943,0.033627270334298576,0.033627270334298576,0.04347826086956519,0.045454545454545414,-1.5977874713315645,-0.2656214689265537,0.21174352582744782,4.139683608212723,-0.3846153846153846,-0.14154200230149594,-0.09229208924949284,-0.15223274695534506,0.10975609756097571,-0.2248722316865418,0.02891030392883631,0.0,0.0417964268152764,-0.047070124879923125,-0.045454545454545525,0.06504914119468119
1994-06-30,0.04093975248198012,0.004409131963485136,0.031427995550810994,0.4808358758850959,0.04639206137967333,0.1406674486589643,0.2702934997135036,0.2702934997135036,0.25,0.3043478260869563,0.9908222372677349,-1.666307650882794,-1.5056,-0.5557956777996071,-0.2776277013752456,-0.23860589812332444,-0.09229208924949284,-0.15223274695534506,0.01098901098901095,-0.3142857142857143,0.02891030392883631,1.0,0.005349276274386305,-0.047070124879923125,-0.045454545454545525,-0.3217356283598032
1994-09-30,0.1340535639395195,0.12221323436430542,0.25623339871315154,-0.39050521699917584,0.06501945533247855,-0.08102535139224865,-0.029294574614709967,-0.029294574614709967,0.0,0.0,-2.22037484885127,-1.261286225609052,-19.006781193490053,-8.91920978917883,3.043571873760553,-0.047535211267605515,-0.09229208924949284,-0.15223274695534506,0.06521739130434767,-0.05769230769230771,0.02891030392883631,0.5,-0.06087636932707363,-0.047070124879923125,-0.045454545454545525,0.8412288627855944
1994-12-31,0.04454336826388694,0.05368724176787287,0.044967448291755474,0.1665986325135218,0.04426073400554453,-0.07708363530946516,-0.3384448574969021,-0.3384448574969021,-0.3666666666666666,-0.3666666666666666,0.44135496655932616,-0.43371630578877596,-0.8672516381712736,-0.4921252513217663,0.3822742240594128,-0.34565619223659894,-0.09229208924949284,-0.15223274695534506,0.0714285714285714,-0.3860544217687075,0.02891030392883631,0.3333333333333335,-0.000333277787035402,-0.047070124879923125,-0.045454545454545525,-0.09678911946158153
1995-03-31,0.0,0.0,0.0,0.0,0.0,-0.05751350672194999,-0.10005463201436038,-0.10005463201436038,-0.052631578947368474,-0.052631578947368474,0.0,0.0,0.0,0.0,0.0,0.0,-0.09571694599627567,-0.15223274695534506,0.0,-0.06648199445983372,0.02891030392883631,0.0,0.0,-0.04133064516129026,-0.0714285714285714,0.0
1995-06-30,0.012100296468844363,-0.02818508044392687,0.05593935217091661,-0.12640510869089794,-0.017136648269420962,0.004999166805532473,0.09951435261469088,0.09951435261469088,0.11111111111111116,0.11111111111111116,0.0,0.0,0.0,0.0,0.09839223080510107,0.03672316384180796,-0.1330313014827018,-0.15223274695534506,-0.00952380952380949,0.03857566765578624,0.09005763688760804,0.5,-0.028838139689948306,-0.06256572029442709,-0.10256410256410264,0.11242373907508885
1995-09-30,0.058906350290908405,0.05962249913537421,0.0902407568882786,0.2231387372953486,0.03645522548592317,0.06652959708174433,-0.26635643017707145,-0.26635643017707145,-0.29999999999999993,-0.29999999999999993,-0.3955531686358754,5.74326960593055,0.3530023640661939,-0.5434734797111542,0.11494480950974606,-0.016348773841961872,-0.19097387173396674,-0.2011173184357542,0.03846153846153855,-0.008571428571428563,0.09715796430931922,0.16666666666666674,-0.0212838997596978,-0.16320807627593936,-0.042857142857142705,-0.1336747652074407
1995-12-31,0.05052084083737962,-0.01758550432219652,0.1274951629279133,0.2803651285829778,-0.00749336750347418,-0.02850018034152957,0.48701822286727947,0.48701822286727947,0.4999999999999998,0.4999999999999998,0.4179194654725096,1.1716137244691316,-1.597148448420464,-1.241318398972259,-0.024878628219508037,-0.1523545706371191,0.018790369935407947,-0.00899100899100902,0.0185185185185186,-0.18443804034582134,0.03855421686746974,0.1428571428571428,-0.055243774114346,0.027479892761393954,-0.02985074626865669,-0.23271585051546395
1996-03-31,-0.0009453471775263678,-0.0659834085051546,-0.014136106751392652,-0.19043927235525437,0.010348439278609511,0.02767838282455215,-0.2997867187217583,-0.2997867187217583,-0.2857142857142857,-0.2857142857142857,-1.8518147182674953,0.43139187892997977,-1.3469101123595506,12.65862585260356,-0.3484775171687846,0.05555555555555558,-0.043804034582132556,-0.06653225806451613,0.009090909090909038,0.03886925795053009,0.026682134570765736,0.0,0.011323556710599592,-0.05544683626875391,-0.015384615384615441,0.15373795477924967
1996-06-30,0.06563191295753001,0.048240886455256815,0.07723909133015217,0.17985171143954437,0.05593480541872364,0.22478152815063512,0.7925141972121839,0.7925141972121839,0.8000000000000003,0.8000000000000003,-2.0439324387947266,-0.3612605401783221,5.948380566801619,-1.1712016759640447,0.09157003257329,0.25077399380804954,0.07715491259795071,0.057235421166306644,0.054054054054053946,0.23809523809523814,0.3045197740112995,0.125,-0.00899412628487506,0.028314917127071793,0.03125,-0.11154378047892854
1996-09-30,0.062046989345364345,0.05500456728997749,0.061869936746198784,0.06640670761300682,0.06219789060316194,0.11906323899610949,0.04441116327294714,0.04441116327294714,0.11111111111111094,0.07407407407407396,-0.6089861036728021,-0.0024770508523969115,-0.15702840495265846,-0.8332384746727376,0.013989352813387868,0.14108910891089121,0.1410184667039731,0.1266598569969355,0.05982905982905984,0.08241758241758235,0.03724556084885222,0.11111111111111116,0.0,0.08059100067159153,0.045454545454545414,-0.010691025273419918
1996-12-31,0.02359063132750583,0.0025276481825624586,0.06892070803993322,0.16675821157860038,-0.015032092426187416,-0.13936113648447834,-0.07156054380498034,-0.07156054380498034,-0.09999999999999987,-0.06896551724137923,0.5274653979238755,-0.6290972830850132,-2.057024364955936,-5.68216723549488,-0.06459682165979985,0.11496746203904551,0.022560078469838096,0.012692656391659174,0.008064516129032251,0.05329949238578702,-0.06680584551148216,0.09999999999999987,-0.03759955547323601,0.005593536357986428,0.0,-0.14075438887048686
1997-03-31,-0.02722667309963056,-0.10443362046057025,0.014818978017312023,-0.04656542967436483,-0.06610440641739113,-0.13206182246371068,-0.17684448140667697,-0.17684448140667697,-0.18518518518518523,-0.18518518518518523,0.21506442021803762,2.237870195337114,1.8613699525911396,5.145694760820046,-0.42440773949976407,-0.12451361867704269,0.05947242206235015,0.036705461056401045,-0.040000000000000036,-0.1325301204819278,-0.178076062639821,0.0,-0.04003079291762879,0.06180469715698389,-0.02898550724637672,-0.06071557643657399
1997-06-30,0.013862966163120438,0.004655353656705108,0.03442744195252034,-0.07482542145728999,-0.0067997662471326326,-0.003175742679669802,0.24384787472035785,0.24384787472035785,0.3181818181818181,0.3181818181818181,0.35201584712188305,-1.5704729006519411,-1.0632653449884781,-1.9267001734643954,0.6832939787485242,-0.039999999999999925,0.005432322317790783,-0.01899827288428324,0.025000000000000133,0.0,-0.10397387044093631,0.09090909090909083,-0.02044907778668814,0.04249126891734578,-0.059701492537313494,0.08593048608439147
1997-09-30,0.04280107554105328,0.029311866299277733,0.1667958994602432,0.2548451533218463,-0.08695774355984032,0.3815708365629329,0.20077164075191467,0.20077164075191467,0.2068965517241379,0.1724137931034484,-0.05314717458128648,-1.9739456739584664,-4.511137868753763,-1.035357171426286,-0.014352420103779018,0.1504629629629628,0.08599729851418281,0.0255281690140845,-0.07317073170731714,0.12222222222222223,0.12879708383961108,0.08333333333333348,-0.12443716741711008,0.03015075376884413,0.0,-0.17973308137474908
1997-12-31,0.007176647583807094,-0.032894990079538666,-0.021294438331139753,0.028489318783872397,0.045251776003323974,-0.2710530152096797,-0.28333293068876375,-0.28333293068876375,-0.2571428571428571,-0.23529411764705888,0.08892866895233476,-0.09076182136602451,0.6402606310013716,0.5475113122171946,-0.02253394917342577,0.2233400402414487,0.0016583747927032544,-0.03776824034334769,0.043859649122807154,0.31930693069306937,0.16846071044133493,0.0769230769230771,0.03786816269284721,0.003794037940379358,-0.031746031746031744,-0.05969590508552669
1998-03-31,0.20552030933866772,0.13042904051597026,0.3436385308075678,0.041186930297677726,0.03257074816285743,0.10350219076304001,0.19642676554862626,0.19642676554862626,0.1923076923076923,0.1923076923076923,-0.3666480913903595,8.118505320941878,-12.098735103491533,-14.193274853801169,0.3041502922123882,0.014802631578947345,0.0641556291390728,-0.008920606601248937,0.04201680672268915,-0.02814258911819889,0.0239520958083832,0.0,-0.1434684684684684,0.032937365010799136,-0.049180327868852514,0.0857195357241296
1998-06-30,0.0006181868957935155,0.018195087054425185,-0.04112389563482466,-0.029844140959665033,0.06863326970479577,0.22457026745016195,0.28465569705849214,0.28465569705849214,0.2903225806451615,0.2903225806451615,1.1527429501561746,-0.9250279884244101,-1.156950376987958,-1.2195208439529266,-0.05119603870327494,0.05834683954619124,0.06456631660832368,0.016201620162016095,0.08064516129032273,0.01737451737451745,-0.020692757534862882,0.0714285714285714,0.06810412831974744,-0.001568217459487653,0.01724137931034475,0.049531761254654194
1998-09-30,0.045680987729254996,0.05396819907954642,0.14343208037261435,0.17282398282930478,-0.0972368853374963,0.13928478531899446,-0.08555762693277769,-0.08555762693277769,-0.050000000000000044,-0.10000000000000009,-1.008766910532554,0.1081918715221526,-1.1249737450115522,-0.17677940434124184,-0.04441974864763276,-0.09341500765696786,-0.007672634271099765,-0.055801594331266635,-0.0671641791044777,-0.16129032258064513,-0.16949931097841076,0.06666666666666665,-0.13663220088626293,-0.03141361256544506,-0.016949152542372947,-0.10134917222102768
1999-01-02,0.013235701865993654,0.003098980975120069,0.014417091001963422,0.11956716864465933,0.011047968134556108,-0.12727916863486066,-0.17388593082937598,-0.17388593082937598,-0.1578947368421053,-0.11111111111111105,-47.89044289044289,-1.160872052373991,-4.236494597839135,-1.8523424086337994,0.0396207806719,-0.13344594594594594,0.02945508100147287,-0.026266416510318913,0.016000000000000014,-0.07239819004524894,-0.1465707964601769,0.0625,-0.0022811519817508286,-0.03513513513513522,0.0,-0.10404641564733685
1999-04-03,-0.01989566889740091,-0.011768886192967565,0.04621052455588748,-0.04558209141360603,-0.1427211396494511,-0.003766248996418642,-0.017797003832307534,-0.017797003832307534,0.0,0.0,3.0067607874328894,-0.11062821019359936,4.235459940652819,0.5535251798561152,0.0592060889544479,-0.0779727095516568,0.03147353361945626,-0.020231213872832443,-0.06299212598425208,-0.09268292682926815,-0.11795204147764093,0.0,-0.12546441840525868,-0.05210084033613449,0.034482758620689724,0.03544962948127384
1999-07-03,0.31044704264547685,0.6746767362965527,0.5618308124723865,0.021746840641391874,-0.25956035476850736,0.17199179611628512,0.012887588306582654,0.012887588306582654,0.125,0.125,-0.5115508684863523,-2.531763660595291,-6.725904724119364,39.44049272946189,2.260488714019466,-0.09513742071881615,0.04993065187239942,-0.14650934119960668,-0.19327731092436973,-0.032258064516129115,-0.1013960323291696,0.0,-0.4349673202614379,-0.10756501182033096,-0.050000000000000044,0.6390070921985815
1999-10-02,-0.12135274223207648,-0.12390425147731787,-0.08343143981799139,-0.029176410406313913,-0.30272498546252213,-0.11833855496621715,-2.181428196223772,-2.181428196223772,-2.2777777777777777,-2.2777777777777777,2.0824760598440397,25.209686774941996,-1.5910096510764662,-1.4659556243644591,-0.323045875172278,0.03504672897196248,-0.48943196829590496,-0.5841013824884793,-0.27083333333333337,0.28055555555555567,0.06541291905151247,0.0,-0.20647773279352233,-0.5576158940397351,-0.05263157894736825,-0.09755713779945718
2000-01-01,-0.0060638165274834455,-0.028790861736598172,-0.017276907256301044,0.06971339317638647,0.06443369196343784,-0.09512062604611216,-2.0474261436616934,-2.0474261436616934,-2.0652173913043477,-2.0652173913043477,-0.8656986996720339,-1.439377676467008,-0.9190041326985643,-1.1810541009471476,0.08639991743736841,0.0790067720090295,0.3758085381630014,0.09972299168975063,0.22857142857142865,0.48156182212581333,1.7175748273215654,0.0,0.0714285714285714,0.1467065868263473,-0.03703703703703709,-0.09208404167211526
2000-04-01,-0.15233843510756362,-0.27095576047180947,-0.0022271491688784506,0.0003166588967955519,-1.0236517017356734,0.055859808151387025,-0.4160928214319404,-0.4160928214319404,-0.3265306122448979,-0.3265306122448979,2.3640937538348266,-1.3031707255647618,15.208850289495452,-8.331713541101097,-0.5830812709557212,0.043933054393305415,0.0,-0.1234256926952142,-1.0232558139534884,-0.1508052708638361,-0.20615645297938434,0.0,0.0,-0.1266318537859008,0.0,-0.27119091629257985
2000-07-01,0.035190615835777095,0.05779242689961084,0.002120280016260301,0.016623726071243183,-8.062643489668744,0.2092014326792111,0.5196688206785138,0.5196688206785138,0.5757575757575757,0.5454545454545454,-1.090464726052382,-1.589051337431467,-1.0354112979358558,-1.0404078927393168,0.05651241792157746,0.222444889779559,0.0,0.1293103448275863,-8.5,0.0,0.20562077552472435,0.0,-0.8095238095238095,0.049327354260089606,0.0769230769230771,0.040480895915678605
2000-09-30,0.0547493785049431,0.11472146543816653,0.020560491591289587,0.12008113239370832,1.242616327667874,-0.2029279023021201,0.3820129162569432,0.3820129162569432,0.3846153846153846,0.3333333333333335,-13.635887096774194,-3.304329431673953,-1.9261460866432496,2.7465408228718045,0.20040093911901224,0.25901639344262306,0.0,1.491094147582697,1.2000000000000002,7.827586206896552,0.041900265565063544,0.0,1.125,1.4857549857549857,0.0,-0.004780144987179047
2000-12-30,0.02244050067869008,0.026928641433705103,-0.020889498019488806,-0.09101790395879428,0.7075425790754257,0.28675225062332266,-0.07326782177265823,-0.07326782177265823,-0.08333333333333326,-0.05882352941176472,-1.4747104062290584,-0.44553243574051404,-2.335894194301274,-1.6262534853005919,-0.10454989036654727,0.32291666666666674,0.0,0.053115423901940684,0.696969696969697,-0.39863281250000004,-0.4273576890399321,0.0,0.6689075630252102,-0.03209169054441252,0.08928571428571419,0.12974743940454214
2001-03-31,0.07915655966648849,0.04698428037007618,0.04192666011249102,0.23668762212216454,0.41669142569562756,0.15647730088119238,0.11132784129816775,0.11132784129816775,0.10606060606060597,0.09375,-2.0126714170475934,3.247792494481236,-0.980781830093907,-0.823120484280414,-0.02065188643970417,0.23818897637795278,0.0,0.12221144519883609,0.4107142857142856,-0.2705423838908736,0.152324431256182,0.0,0.3131923464249746,0.07223208999407937,0.049180327868852514,-0.1533913337275108
2001-06-30,0.04520014624085644,0.06426497364747696,-0.006271823970422141,-0.02907525906691255,0.38840976695413976,0.023626276998832907,0.05904100380909694,0.05904100380909694,0.041095890410958846,0.04285714285714293,0.7511035879053403,-0.5529686890996492,107.92045454545455,-14.62000441598587,0.28721021729919505,0.11923688394276621,0.0,0.04753673292999139,0.36708860759493667,-0.20658949243098845,-0.0446351931330472,0.0,0.3282208588957056,0.04362230811706236,0.0,0.0961455319431972
2001-09-29,0.027179601654220065,0.03861337042689805,0.05114301013662126,0.3120993646436203,-0.08718383452272693,-0.075696427121143,-0.0220035967417751,-0.0220035967417751,-0.013157894736842146,0.0,1.748611611289069,-0.6565914903510812,-2.8034428794992174,0.4229715489989463,0.31750211605379475,-0.08522727272727271,2.947813822284908,-0.025577557755775637,-0.05555555555555558,-0.33052749719416386,-0.15858041329739447,0.0,-0.11143187066974591,-0.05608465608465607,0.03125,-0.2084344660194174
2001-12-29,-0.012167269146565074,-0.009029900565686422,-0.05091235560668239,-0.22620174225328193,0.20076119589481034,0.0188982125778554,-0.06634216693708306,-0.06634216693708306,-0.053333333333333344,-0.04109589041095896,-0.4851738452839036,-1.122037914691943,-0.3280689575378919,-0.5120078381334305,0.1176002240318037,0.08850931677018625,-0.14338454209836837,-0.0160880609652837,-0.02941176470588236,0.1525565800502935,0.06940736785904966,0.0,0.21572449642625058,-0.008968609865470767,0.0,0.2806439248754313
2002-03-30,0.8701377237062877,0.4060500387929955,0.34376794703701896,0.4813850822819432,3.1289005262106926,0.759360913852063,0.4269163931260862,0.4269163931260862,0.16901408450704225,0.15714285714285725,1.154252112996772,178.86823855755895,-0.10225283397905005,5.0236027454825605,0.6338375897884383,0.16690442225392288,-0.45877936883080783,-0.11445783132530118,3.1111111111111116,0.20218181818181824,0.14228657014478263,0.0,1.208444681988242,-0.07070135746606343,-0.045454545454545525,-0.05084999401412671
2002-06-29,-0.043049208221360824,-0.023234236586190726,-0.017384948366978015,0.008620304403764267,-0.07291856824851028,-0.015210157700755067,0.11810554803788897,0.11810554803788897,0.10843373493975905,0.12345679012345667,-0.23914070757943173,-1.1250183136060454,6.899622786266863,-1.541193341472395,-0.20995274274037978,-0.09718826405867975,-0.2214230670434113,-0.048590864917395615,-0.03439803439803446,-0.780399274047187,-0.13068181818181812,0.0,-0.031219748305905237,-0.026780279975654353,-0.031746031746031744,-0.031564342698577774
2002-09-28,-0.02486294837518721,-0.09260773661051569,-0.08106760291957915,0.19176865100833917,0.052987966431206956,-0.05569647393499211,-0.2393982669313066,-0.2393982669313066,-0.2065217391304348,-0.2197802197802199,0.19853067361831833,-0.860667365694196,-0.007947684488256557,-0.27129823254748064,-0.19365035864701863,0.012863913337846977,-0.2250082481029363,-0.0898876404494382,0.04834605597964381,0.04958677685950419,-0.044746103569633044,0.0,0.07969023232575556,-0.08192620387742322,0.0,-0.23863636363636376
2002-12-28,0.018746806971914554,0.050008284366312994,-0.008844131651308373,-0.04434908689603356,0.05475165091574885,0.077825058334837,0.4573010644899518,0.4573010644899518,0.43835616438356184,0.46478873239436624,-0.6351567880106094,10.242585214696769,-0.9626313470826263,-1.1695969652000433,0.040729866365820655,0.20721925133689822,-0.08301404853128991,0.0224466891133559,0.08009708737864085,0.14960629921259838,0.21473684210526311,0.0,0.03540027764923659,0.019754768392370448,0.0,0.09874695291451063
2003-03-29,0.15992757799856072,0.4284940105181534,0.31010203845406337,0.010077928885285248,-0.023830866539076512,0.06768774145979961,-0.04883880900127746,-0.04883880900127746,-0.02857142857142858,-0.03846153846153855,0.3221701022257939,-2.1732488089144386,-46.90012007422771,29.11270788665469,1.1732958990908289,0.11627906976744184,0.04131847725162485,0.015367727771679496,-0.02921348314606742,0.03424657534246589,0.006932409012131657,0.0,-0.15843575418994416,0.024048096192384794,-0.016393442622950838,0.41425346411334285
2003-06-28,0.029950403385626823,0.05153114452285967,0.0008116109264610927,0.7895223345685118,0.07810784582146235,0.05288655489571892,0.1902220079436141,0.1902220079436141,-0.7058823529411764,-0.7,0.6736586193249279,1.118233379199248,-1.0014221469662847,-0.6518016761120359,0.18881330499198068,0.11755952380952395,0.024074899687917872,0.019459459459459483,0.06712962962962954,0.15231788079470188,0.05938037865748713,0.0,0.04673393520977176,0.028049575994781417,0.0,-0.4124122746662998
2003-09-30,0.03708726638637527,0.10261526715856228,0.025599827872712755,0.07054938830992308,0.060744523501061964,-0.27860525038901063,0.04490524183826006,0.04490524183826006,0.06666666666666665,0.0,0.5806279981082358,-0.8395836304006845,31.91137123745819,-0.021813499278778403,0.1512367677264188,0.1846426986240568,0.08576404005224214,0.06786850477200423,0.0563991323210411,0.10919540229885061,0.09788789601949643,1.0,0.022831050228310446,0.1649746192893402,-0.08333333333333326,0.029976580796252872
2003-12-31,0.0381049457007272,0.04255115415632926,-0.002561101918404307,-0.016411291730550115,0.09829757780545889,0.41030392711686714,0.627490977561588,0.627490977561588,0.59375,0.6666666666666667,-0.3054996019427332,-0.2854320987654321,1.5658249072709718,-0.500514135912676,0.06740609260131847,0.2184338703634321,0.15396952686447474,0.14597815292949368,0.0965092402464065,0.15371329879101903,0.08398076211616723,0.2941176470588234,0.05803571428571419,0.17483660130718937,-0.036363636363636376,0.059936334697589855
2004-03-31,-0.04122232352040145,-0.16620935735618758,-0.12417334174642247,-0.4913029773949489,0.07028396641114787,0.04608583678282274,-0.3367777500510424,-0.3367777500510424,-0.33333333333333326,-0.36,-0.7346171008293456,2.310573600552868,7.838251019842369,-5.389776827626772,-0.2772119302982574,0.23677736777367753,-0.012856150104239017,0.04679376083188913,0.06554307116104874,0.1272455089820359,0.016723549488054656,0.2272727272727273,0.11626816690107833,0.030598052851182223,0.018867924528301883,0.6390938733482066
2004-06-30,0.033270757464092915,0.08956568910735441,0.017378583645432988,0.8586397952925751,0.05075231370619493,-0.02703573741832843,0.20659814266901533,0.20659814266901533,0.17647058823529416,0.1875,5.841281345122481,-2.070349031396126,-0.9188732596333523,-1.4527077691342405,0.17362765076422249,-0.001989060169070078,0.004223864836325086,0.057119205298013176,0.06326889279437609,-0.06374501992031878,-0.0510238335011749,0.18518518518518512,0.01679966400671984,0.06432748538011701,0.0,-0.41377866192021784
2004-09-30,-0.10019020943017787,-0.23300805143816328,-0.14577173190336934,-0.3628260486178667,-0.05164260008338584,0.004577572319341083,-0.6151082195858315,-0.6151082195858315,-0.6000000000000001,-0.6052631578947368,-0.05454892156447311,1.0987635058704215,15.259776844896155,-3.404900677329387,-0.35578341619174647,-0.16666666666666663,-0.13249211356466872,-0.08300704776820678,-0.056198347107437985,-0.2156028368794326,-0.2111779271312345,0.0,0.054109871953738065,-0.16863905325443784,0.11111111111111094,0.20374173959635655
2004-12-31,0.03522986529180239,0.1012681956198036,0.018069782710151028,0.05382770634043377,0.051692536206478845,0.03134047481181246,1.2545802721464212,1.2545802721464212,1.1875,1.2000000000000002,-0.310962409856712,-0.13295914953722632,-1.0018157605981648,-1.2628462286724558,0.14516287149484142,0.014947683109117982,-0.13494949494949493,-0.09137489325362935,0.05429071803852881,0.07594936708860756,0.12780269058295946,0.375,0.01586990595611293,-0.12201321809862742,0.03333333333333344,0.044994250528580526
2005-03-31,-0.027972209363576916,-0.05457271761090687,-0.054243256304708276,0.8410276657070286,-0.003574612028802826,-0.14067263979538525,-0.23289830453105098,-0.23289830453105098,-0.22857142857142843,-0.21212121212121215,0.23245043451111003,2.1581068335762668,-173.88306828811974,-2.3183770496231664,-0.5911862464445024,-0.11487481590574378,-0.06305464736104627,-0.03759398496240596,0.0016611295681063787,-0.16134453781512603,0.012723658051689846,0.125,0.025072324011571778,-0.01968731905037635,-0.016129032258064502,-0.48647593355104357
2005-06-30,0.02440922536266532,0.060018818505754634,0.0573658440406164,0.0941814359661588,-0.004640831593765715,0.05181622671300623,0.22162956338433037,0.22162956338433037,0.2222222222222221,0.23076923076923084,0.1565455581827393,-0.357620883446909,-0.5053567950133109,-1.2133661168596115,-0.1544064886295422,-0.09450915141430949,-0.061316051844466646,-0.04589843750000011,0.0033167495854062867,-0.09619238476953917,-0.04632901452689442,0.12121212121212133,-0.028410159924741274,-0.049025398700531575,0.0,-0.031174396903297263
2005-09-30,-0.0320572790449819,-0.1374374474102118,0.014554009578359395,0.024213187081253196,-0.07570292314952642,0.04844743217221459,-0.08156417764763302,-0.08156417764763302,-0.030303030303030276,-0.09375000000000011,-0.2513268197852446,-1.769491668691821,1.7395751290802486,-1.4475672215108835,-0.04610020405333126,0.027563395810363822,0.14232607541157738,0.1340839303991812,-0.06446280991735531,0.024390243902439046,0.08604363935776038,0.018018018018017834,-0.045120061967467096,0.13913043478260878,-0.016393442622950838,-0.15781963470319638
2005-12-31,-0.015681606458958663,0.0331199554689674,-0.08418849236738657,-0.03745072273324568,0.0547305452064859,0.01409730199429271,0.14437538549129392,0.14437538549129392,0.125,0.1724137931034484,-0.030836467368446696,-0.9629258379447183,-0.8414796299327986,-9.761264482906594,0.4240221529941157,0.014663805436337718,0.004184100418409997,0.00902527075812265,0.053003533568904526,0.08441558441558428,-0.10386656557998475,0.10619469026548689,0.07158791320219016,0.0065430752453652374,0.016666666666666607,0.07328024398508992
2006-03-31,0.013433934486566157,-0.04667295258620685,-0.004292563273497585,-0.5217576791808873,0.029253731343283684,0.04576436222005853,0.028192371475953548,0.028192371475953548,0.0277777777777779,0.02941176470588225,-0.7119496855345913,-41.44444444444444,0.7632241813602014,-2.079183673469388,-0.3213417598444337,0.18611209023616482,0.06944444444444442,0.07155635062611809,0.02348993288590595,0.12774451097804396,0.17639593908629436,0.10399999999999987,0.01570779712339143,0.028710725893824618,0.032786885245901676,0.9933696424342884
2006-06-30,0.02368414226049964,0.05065347933592368,-0.016404456637366338,-0.04281891168599461,0.05829466357308588,-0.04965859714463061,-0.07983870967741935,-0.07983870967741935,-0.08108108108108103,-0.05714285714285705,2.8799126637554586,-1.1794871794871795,0.6928571428571428,-1.5832072617246595,0.2761461318051577,0.10104011887072795,-0.016883116883116944,0.0016694490818029983,0.057377049180328044,0.07433628318584073,0.02481121898597638,0.0869565217391306,0.033724613378051105,-0.014744602422327668,0.015873015873015817,0.09764789736279389
2006-09-30,-0.011023262885814233,-0.0749731038192577,0.05914162112932608,1.3235787511649582,-0.06732438110897965,0.04294578706727625,0.007011393514460895,0.007011393514460895,0.0,-0.030303030303030276,0.3595948227349466,-8.505102040816325,0.33924050632911396,-1.8002594033722439,-0.17316867808026948,0.050202429149797556,0.003963011889035695,0.018333333333333313,-0.05581395348837215,-0.00658978583196046,0.042105263157894646,0.08666666666666667,-0.05695746214852193,0.00801710315339399,0.015625,-0.6018759018759019
2006-12-31,0.24339559791938914,0.5434324343970343,0.5549524372547965,0.019493021017166656,-0.04049951028403531,0.005636449037106583,0.053089643167972156,0.053089643167972156,0.0588235294117645,0.09375,-0.07491721854304634,2.0129163834126444,-4.911153119092628,-7.439222042139384,1.3486082824168362,0.12130557697250088,0.007017543859649145,-0.06301145662847785,-0.049261083743842304,0.18739635157545598,0.09629629629629632,0.07975460122699385,-0.22821100917431192,-0.009544008483563071,-0.06153846153846154,0.5138637187386736
2007-03-31,-0.13724601244693568,-0.31535816888805157,-0.23519856219541702,-0.5309623101738925,0.007400602255907662,-0.050755098863459414,0.05950413223140494,0.05950413223140494,0.05555555555555558,0.08571428571428585,-0.36017897091722595,-1.598375451263538,-2.235862735621073,-1.897558520010068,-0.515392397745339,-0.006646802658721085,0.020470383275261295,-0.010480349344978213,0.02590673575129543,0.0460893854748603,-0.014127764127764175,0.07386363636363624,0.16765725606736015,0.0224839400428265,-0.032786885245901676,0.45968755611420353
2007-06-30,-0.0224764725552955,-0.1491366856985623,0.013376717281272654,0.05955376614661967,-0.06267098996858855,0.1587666065278006,0.06396255850234,0.06396255850234,0.07894736842105265,0.07894736842105265,0.38741258741258733,-1.1764705882352942,-0.6614522226567592,-0.688166012338755,-0.3316433045034297,-0.09090909090909105,0.09176269739650023,0.03706972639011474,-0.043771043771043905,-0.11481975967957281,-0.11059190031152655,0.06878306878306883,-0.0411452810180275,0.008900523560209539,0.033898305084745894,-0.1969491942428343
2007-09-30,0.01832620647525962,0.04050448702401166,0.21066714234748485,0.09483850538315397,-0.21479920004324093,-0.06171266808209486,-0.10117302052785926,-0.10117302052785926,-0.04878048780487798,-0.09756097560975607,0.2933467741935485,0.5363247863247864,-0.4208702348864074,-1.3345323741007193,0.1659973226238287,-0.024111675126903487,0.09812353401094587,0.0,-0.18838028169014076,0.02111613876319751,-0.0774080560420316,0.06930693069306937,-0.22893165228931645,0.0062272963155163286,0.0,-0.049632352941176405
2007-12-31,0.02716256748650281,0.015229215229215276,0.06858700456755562,-0.11945046999276931,-0.05025125628140703,-0.025795745964700578,-0.07259380097879287,-0.07259380097879287,-0.07692307692307698,-0.027027027027027084,-0.5315666406858924,-0.2878998609179416,-0.7014627659574468,-0.33870967741935487,0.09414466130884036,0.11911573472041614,0.07155571377714498,0.019574468085106433,-0.04338394793926248,0.37813884785819796,0.08200455580865595,0.06481481481481466,-0.07544463568559967,-0.01598762248581742,0.032786885245901676,0.15291209972061037
2008-03-31,0.019599598196556656,0.013087402418490823,0.0322992071699415,-0.005912300870422049,-0.007102993404363267,-0.11241870548157329,-0.3984168865435356,-0.3984168865435356,-0.38888888888888884,-0.38888888888888884,-0.3777038269550749,0.8515625,-0.49443207126948774,-2.3780487804878048,-0.11857292759706195,-0.009993028119916314,-0.031561461794019974,-0.12854757929883132,0.0022675736961450532,0.03536977491961424,-0.016491228070175445,0.0608695652173914,-0.026062674526838192,-0.10691823899371067,-0.031746031746031744,0.01910709292571533
2008-06-30,0.03468817302845628,0.0889174284203369,0.1136340868868333,0.0943333884024451,-0.1378932768815242,0.1817864619678995,0.5833333333333333,0.5833333333333333,0.5909090909090908,0.5909090909090908,1.21524064171123,-0.15084388185654007,1.555066079295154,-1.6578171091445428,0.0884920634920634,-0.22230046948356808,0.05283018867924527,-0.08716475095785448,-0.09954751131221717,-0.22360248447204967,-0.1309311452015698,0.05737704918032782,-0.16693214399490286,-0.052816901408450745,-0.032786885245901676,-0.004938723248582244
2008-09-30,0.009167404782993716,0.0199111974469266,-0.0690554722638681,0.11216787439613518,0.23005927180355634,-0.06672571597283727,-0.5189289012003693,-0.5189289012003693,-0.5142857142857142,-0.5428571428571428,-0.24079662039831018,0.7291925465838509,-1.1793103448275861,-1.3542600896860986,-0.028800583302952987,-0.37941442801086633,-0.17073965461062235,-0.1888772298006296,0.2386934673366834,-0.31066666666666665,-0.3505747126436781,0.054263565891472965,0.21912045889101317,-0.1604708798017347,-0.03389830508474578,-0.08295036764705888
2008-12-31,-0.025080089524729066,-0.0706754642541324,0.13949818017843918,-0.15732319804533734,-0.376815584773181,-0.04840240430243592,0.2610364683301343,0.2610364683301343,0.2941176470588234,0.375,0.18839427662957076,-0.07255747126436785,-2.980769230769231,-0.3291139240506329,-0.019894894894894932,-0.3866731517509727,-0.056974459724950965,-0.14747736093143593,-0.3793103448275862,-0.504835589941973,-0.26864728192161824,0.05514705882352944,-0.36072772898368877,-0.1254612546125462,-0.01754385964912264,0.10283137058381353
2009-03-31,-0.01719520154846843,-0.06265554091641046,-0.032138617219741095,-0.11952319587628868,0.04120181155418101,-0.20927526595744683,-0.4170471841704718,-0.4170471841704718,-0.40909090909090906,-0.40909090909090906,-0.6214046822742475,-0.5639039504260264,2.3349514563106797,12.18867924528302,-0.2677135197242436,-0.1649484536082474,-0.01666666666666672,-0.10318664643399089,0.03921568627450989,0.34375,-0.04235090751944681,0.020905923344947785,0.05937193326790968,-0.06497890295358644,-0.0535714285714286,0.06457036397509897
2009-06-30,0.02074793322188384,-0.017179447134155867,0.013667825121929766,-0.019575557994877424,0.04646721833227252,0.09754046668068117,0.731070496083551,0.731070496083551,0.7692307692307692,0.6923076923076923,1.6201413427561837,-0.6394316163410302,1.0829694323144103,-0.8969957081545065,-0.03765690376569042,0.3371320037986705,-0.12076271186440679,-0.15566835871404394,0.047169811320754595,0.28779069767441845,0.47743682310469326,0.020477815699658786,0.025011579434923492,-0.10018050541516244,-0.05660377358490576,0.002475670138295971
2009-10-03,-0.015502658560114901,-0.019783886858414146,-0.014405485608919855,0.16532935249113634,-0.019363341443633386,-0.014365064163953223,-1.3212669683257918,-1.3212669683257918,-1.3043478260869565,-1.3181818181818183,0.3047875927174646,3.0738916256157633,0.0398322851153039,4.180555555555555,-0.20271739130434785,0.30965909090909105,-0.24433734939759033,-0.3226452905811624,-0.021021021021021102,0.25056433408577883,0.5430665852168601,0.02341137123745818,-0.004066877541798353,-0.29287863590772323,-0.040000000000000036,-0.15886059780294637
2010-01-02,-0.0260699147714325,-0.018237821188295422,-0.08258060744248585,-0.08999199359487586,0.17398945518453424,0.00213758258841823,-4.44131455399061,-4.44131455399061,-4.571428571428571,-4.571428571428571,-0.12816537467700262,-0.19347037484885132,-0.49395161290322576,-1.7050938337801609,0.1792774369461485,0.08351409978308011,-0.008928571428571286,0.059171597633136175,0.17484662576687127,0.10649819494584833,0.5819477434679334,0.019607843137254832,0.20553539019963685,0.09503546099290805,-0.04166666666666663,0.07886610984560871
2010-04-03,-0.02587860920024332,-0.031126155878467676,-0.036356105021667084,-0.042231215907091335,0.0033462486791122625,-0.04130308318789999,-0.990450204638472,-0.990450204638472,-1.0,-1.0,-0.3598103141671607,-0.6521739130434783,0.09030544488711811,-1.0456273764258555,-0.006936416184971095,-0.04604604604604612,-0.27541827541827546,-0.23184357541899436,-0.0026109660574412663,-0.18760195758564424,-0.10010010010010006,0.019230769230769162,0.030109145652992053,-0.24740932642487057,0.021739130434782483,0.011589170928541392
2010-07-03,-0.018639508070714794,-0.02420110779718787,-0.04897000958899578,-0.015248943597280906,0.062225732841846515,-0.00950647249190939,130.57142857142858,130.57142857142858,inf,inf,0.36203703703703694,0.5560344827586208,0.4104750304506699,4.75,-0.040162980209546006,-0.02728226652675758,0.15541740674955573,0.2472727272727271,0.0628272251308899,-0.026104417670682833,0.28893214682981094,0.018867924528301883,0.08220679576178314,0.23752151462994853,0.02127659574468077,-0.00909090909090915
2010-10-02,-0.01923830037203833,0.0500392978779145,-0.03598498018218488,0.0863805970149254,0.019829794265884493,-0.0046967531141515195,-0.7839305103148752,-0.7839305103148752,-0.8064516129032258,-0.8064516129032258,0.13664174031271248,-1.2299168975069252,0.6312607944732298,-0.05797101449275366,-0.03941782898726498,-0.1763754045307443,0.21137586471944658,0.3119533527696794,0.019704433497536922,-0.2247422680412371,-0.32772384034519964,0.01851851851851838,0.03983794733288315,0.30180806675938787,0.0,-0.03346751544654558
2011-01-01,-0.023558772148739693,-0.02270459081836329,-0.05831860641252207,-0.10475699811093941,0.054524831888519865,-0.04636848584324993,2.7035175879396984,2.7035175879396984,3.166666666666667,3.166666666666667,-0.3875598086124402,-1.108433734939759,-0.5108523028057173,-2.5846153846153843,0.0650252525252526,0.04191224623444656,-0.031725888324873,0.02444444444444449,0.053140096618357724,0.02127659574468077,-0.17650834403080873,0.0181818181818183,0.08019480519480515,0.028846153846153744,0.0,0.09167514165334878
2011-04-02,0.017839799621734986,0.09386435197004506,-0.004902336269628549,0.010166890466142275,0.06346035648432702,0.05916523235800342,-0.05563093622795112,-0.05563093622795112,-0.07999999999999996,-0.07999999999999996,0.5751953125,-2.333333333333333,-0.711038961038961,12.320388349514563,0.8132780082987552,0.07605279698302958,0.3040629095674967,0.3861171366594358,0.059633027522935755,0.0234375,0.0759937646141855,0.017857142857142794,0.04478509167418099,0.37071651090342694,0.0,0.08282317451867627
2011-07-02,0.02360385697067091,0.018437840360977065,0.009545069663613237,0.002088872009115006,0.048042190434908205,-0.006703229737964667,0.24856321839080464,0.24856321839080464,0.26086956521739113,0.26086956521739113,0.14693118412895223,-118.08333333333333,0.14981273408239693,-0.924198250728863,0.03399803857469763,-0.02219626168224309,-0.06381909547738707,-0.020344287949921713,0.051948051948051965,-0.07888040712468192,-0.28685258964143423,0.01754385964912286,0.023878020713463677,-0.01969696969696988,0.0,0.01634642959564081
2011-10-01,0.01913453046806013,0.07699946528149115,0.03301563095691962,0.01326511275345843,-0.0057213758875025444,0.044785276073619595,-0.38550057537399307,-0.38550057537399307,-0.3793103448275862,-0.4137931034482758,-0.11513513513513518,-1.1558718861209965,0.33550488599348527,12.817307692307692,0.45431552323743274,-0.02807646356033444,0.09125067096081607,0.1230031948881789,-0.002057613168724437,-0.074585635359116,-0.004570848146267181,0.01724137931034475,-0.024445068839561657,0.11978361669242665,0.02083333333333326,0.0628829409867786
2011-12-31,-0.0002166377816291698,-0.0016313213703099683,-0.016496899911426,-0.098559940153357,0.03036605657237934,-0.12800939518496768,-0.07677902621722843,-0.07677902621722843,-0.05555555555555547,-0.05882352941176472,-0.6041539401343922,-2.3105022831050226,-0.6707317073170731,-0.8281141266527487,0.053695652173913144,-0.028887523048555575,-0.11510083620265621,-0.09957325746799439,0.030927835051546504,-0.0268656716417911,-0.1423469387755103,0.016949152542372836,0.03052995391705071,-0.07660455486542439,-0.04081632653061229,0.10751668689320382
2012-03-31,0.04694835680751175,-0.11800227337311742,0.06484295845997967,0.19190871369294604,0.016552280985062673,0.2148148148148148,0.2555780933062881,0.2555780933062881,0.23529411764705865,0.3125,0.7268518518518519,8.282229965156795,3.481481481481482,-9.647773279352228,-0.4406849597689292,0.020886075949366978,-0.05058365758754857,-0.05055292259083721,0.02400000000000002,-0.009202453987730008,0.12908982748364073,0.016666666666666607,-0.029066517607602038,-0.053811659192825156,0.0,-0.2600075334725884
2012-06-30,-0.01876509141083127,-0.045509464357631924,0.1118511470557142,0.009225413402959015,-0.26409849086576653,-0.01552106430155209,-0.24717285945072698,-0.24717285945072698,-0.23809523809523803,-0.23809523809523803,0.34316353887399464,-0.9433183183183184,1.677685950413223,-0.8604868913857677,-0.10992253780892658,-0.058896466212027265,-0.1088992974238876,-0.16971713810316136,-0.1875,-0.08359133126934981,-0.03635405690200222,0.016393442622950838,-0.24985607369027052,-0.17851500789889418,0.02127659574468077,-0.054234150856085184
2012-09-30,0.004265391736389512,0.0660759493670886,-0.021489017780735975,0.08709899965505352,0.07735204173412491,0.18468468468468457,0.890557939914163,0.890557939914163,1.0,1.0625,-0.20492348636061208,-1.0927152317880795,-0.033333333333333326,0.17449664429530198,-0.1450476585163697,-0.11067193675889331,0.21813403416557176,0.15631262525050094,0.08173076923076916,0.09797297297297303,0.05467468562055777,0.016129032258064502,0.07252494244052188,0.09903846153846163,0.04166666666666674,-0.01932674429983361
2012-12-31,-0.025343632587337517,-0.07662471305311491,-0.05318563145790822,-0.10693320640964621,0.046418433795291314,-0.15985424588086183,-0.25879682179341656,-0.25879682179341656,-0.21875,-0.2727272727272728,-0.20920502092050208,-8.0,-0.42975734355044704,-0.84,-0.0271449345613185,0.002962962962962834,0.11380798274002135,0.06239168110918536,0.053333333333333455,-0.0738461538461539,-0.18403317781233797,0.0185185185185186,0.07370304114490134,0.025371828521434825,0.040000000000000036,0.033927056827820046
2013-03-31,0.005554890458517869,0.10381483069009856,0.01166569737607337,0.10801208029845433,-0.00869634593904578,0.1314350367716386,0.19754977029096477,0.19754977029096477,0.19999999999999996,0.20833333333333326,-0.06878306878306883,-1.989795918367347,-0.3269876819708847,-7.392857142857143,0.17837568510214252,0.14771048744460868,0.1215496368038742,0.07177814029363772,0.006329113924050445,0.0897009966777409,0.050190597204574416,0.020779220779220786,-0.013995334888370459,0.03498293515358375,0.03846153846153855,-0.0037639337933697004
2013-06-30,-0.020310974593423348,-0.014212488350419439,-0.04406195049371031,1.349527016193683,0.03621730382293764,-0.03500000000000003,-0.15984654731457804,-0.15984654731457804,-0.16666666666666663,-0.13793103448275856,0.7352272727272726,-2.134020618556701,1.4043261231281199,-1.2011173184357542,-0.03044397463002113,0.10875160875160894,0.030656303972366183,0.07914764079147663,0.03563941299790363,0.10060975609756095,0.02177858439201441,0.022900763358778553,0.05745184183845908,0.04699093157460843,0.03703703703703698,-0.5804310971179463
2013-09-28,0.12113552401322192,0.39919640746868357,0.18812126357494074,0.02941176470588225,-0.025941747572815532,0.09205526770293604,-0.0334855403348554,-0.0334855403348554,-0.07999999999999996,-0.040000000000000036,-0.1656843483955468,1.272727272727273,-3.6152249134948096,-68.22222222222223,2.1107719145224597,0.09576320371445135,-0.09300377042312524,-0.10014104372355437,0.020242914979756943,0.05817174515235446,0.007104795737122638,0.024875621890547484,-0.13103227868328549,-0.08267716535433067,-0.017857142857142905,0.35915492957746475
2013-12-31,-0.05751387443635103,-0.11131756756756761,-0.03456694554440709,-0.03188597944978455,-0.11896977912447171,-0.14407717855448365,0.24724409448818907,0.24724409448818907,0.34782608695652173,0.29166666666666674,-0.402668759811617,2.092,-1.6062450383699391,-1.480785123966942,-0.3262301976727885,-0.03866525423728817,0.08314087759815236,0.040752351097178785,-0.11111111111111105,-0.05759162303664911,0.04585537918871241,0.02669902912621369,-0.06546524457521141,0.0454935622317596,-0.018181818181818188,-0.08205215323197146
2014-03-31,-0.01058079355951691,-0.11347652537540387,-0.01717757355208782,-0.023281292796494157,0.00877907502941433,-0.05247597930524761,-0.6755050505050505,-0.6755050505050505,-0.6774193548387096,-0.6774193548387096,-2.85676741130092,-2.2716688227684347,-0.6494980357922304,-0.46368715083798884,-0.25967540574282144,-0.12947658402203843,-0.16119402985074616,-0.18825301204819278,0.006696428571428381,-0.019444444444444486,-0.18493535694210228,0.026004728132387633,0.019677292404565172,-0.15188834154351394,-0.03703703703703709,-0.09234755251226057
2014-06-30,-0.05674764616994077,-0.13336192109777012,-0.09253506542407985,-0.634394279304543,0.04557688856989062,-0.08814352574102968,1.8054474708171204,1.8054474708171204,1.8999999999999995,1.8999999999999995,-1.8959660297239915,-0.9857578840284842,2.119551681195517,-0.03685897435897434,-0.33783024170882514,-0.09746835443037982,0.05439755973563787,0.029684601113172393,0.04434589800443467,-0.10481586402266285,0.09241379310344833,0.025345622119815836,0.10845233500578932,0.08131655372700863,-0.03846153846153855,1.3704760933836275
2014-09-30,-0.016734854833144408,0.007009731156193411,-0.03461272475795296,0.044678811121764195,0.027629998283851043,0.14734816082121482,-0.01664355062413314,-0.01664355062413314,0.034482758620689724,0.0,0.08846761453396534,8.0,-0.4986027944111776,-1.1622296173044926,0.08276740237691005,0.14235624123422164,0.043394406943105146,0.07027027027027022,0.027600849256900206,0.09493670886075933,0.09406565656565657,0.024719101123595433,0.04526462395543174,0.0787824529991048,-0.020000000000000018,-0.03603991054532951
2014-12-31,-0.04534402807369342,-0.10515109327655392,-0.06325441455639524,-0.2011747430249633,-0.003590514362057484,-0.160111835973905,-0.5063469675599436,-0.5063469675599436,-0.5333333333333332,-0.5172413793103448,-0.2532656023222061,-2.5317460317460316,0.06608280254777066,-3.7435897435897436,-0.2097216777734222,0.02516881522406389,-0.19408502772643255,-0.1515151515151515,-0.008264462809917328,-0.0028901734104045396,-0.026543566070397984,0.02412280701754388,0.04363757495003329,-0.1410788381742739,0.0,0.12019273668243069
