Quarter end,Assets,Current Assets,Liabilities,Current Liabilities,Shareholders equity,Revenue,Earnings,Earnings available for common stockholders,EPS basic,EPS diluted,Cash from operating activities,Cash from investing activities,Cash from financing activities,Cash change during period,Cash at end of period,Price,ROE,ROA,Book value of equity per share,P/B ratio,P/E ratio,Cumulative dividends per share,Equity to assets ratio,Net margin,Asset turnover,Current ratio
1996-05-31,0.13844343650959323,0.19615694239096682,0.20160573359046952,0.3864658664479734,0.05966444613140687,0.0,0.0,0.0,0.0,-0.13461538461538458,-0.7472708962739174,2.6185034013605444,-0.7727272727272727,-1.0198609731876862,1.6181616911869732,0.014285714285714235,0.07904903417533427,0.06210790464240912,0.048192771084337505,0.6257309941520468,-0.32812105926860025,inf,-0.06921348314606746,0.06703910614525133,0.007246376811594235,-0.1372798102981031
1996-08-31,0.13844343650959323,0.19615694239096682,0.20160573359046952,0.3864658664479734,0.05966444613140687,0.0,0.0,0.0,0.0,-0.13461538461538458,-0.7472708962739174,2.6185034013605444,-0.7727272727272727,-1.0198609731876862,1.6181616911869732,0.014285714285714235,0.07904903417533427,0.06210790464240912,0.048192771084337505,0.6257309941520468,-0.32812105926860025,inf,-0.06921348314606746,0.06703910614525133,0.007246376811594235,-0.1372798102981031
1996-11-30,0.007498166299926723,-0.01781488356544003,-0.04020921311736647,-0.05092310449901416,0.07497142489173658,-0.07569833546501836,0.41542408209074866,0.41542408209074866,0.4242424242424241,-0.13461538461538458,-0.7472708962739174,2.6185034013605444,-0.7727272727272727,-1.0198609731876862,-0.012275126501998135,0.704225352112676,0.07904903417533427,0.06210790464240912,0.06896551724137945,0.6257309941520468,-0.32812105926860025,inf,0.06687590535972965,0.06703910614525133,0.007246376811594235,0.03489741827819759
1997-02-28,0.10201893516971161,0.07431657769338251,0.1029464958106272,0.1683129048707246,0.10084763530715546,0.09413995174077905,0.25271862256456723,0.25271862256456723,0.23404255319148937,-0.13461538461538458,-0.33591010519604714,0.3808843435103022,-19.46,7.067777777777778,-0.10026374294038853,0.9297520661157026,0.07904903417533427,0.06210790464240912,0.08602150537634401,0.8057553956834531,-0.32812105926860025,inf,-0.0009051821679113559,0.06703910614525133,0.007246376811594235,-0.08043632914394105
1997-05-31,0.1237260448384172,0.06416071235023879,0.14132106106385955,0.24454826142480712,0.10146514665070461,0.11454315509008173,0.3176598245772675,0.3176598245772675,0.3103448275862071,-0.13461538461538458,3.2820112804512185,1.4180689429831728,-1.3271939328277356,0.32585043382454204,-0.13393597102427945,0.31477516059957167,0.07904903417533427,0.06210790464240912,0.0990099009900991,0.2111553784860558,-0.32812105926860025,inf,-0.019932049830124643,0.06703910614525133,0.007246376811594235,-0.14492753623188415
1997-08-31,0.08466120287209966,0.04201384400230346,0.05713935785348201,0.09528633960695676,0.1207412942389754,0.23248141432823033,0.23785341751303868,0.23785341751303868,-0.39473684210526316,-0.13461538461538458,-0.6413597892494816,-0.6087426525234781,5.068432671081678,0.04643191025241511,-0.19446757987630914,0.781758957654723,0.07904903417533427,0.06210790464240912,0.10810810810810789,0.6217105263157894,-0.32812105926860025,inf,0.03327940836607346,0.06703910614525133,0.007246376811594235,-0.0486760359490922
1997-11-30,0.1359487365207943,0.1132940849179318,0.16053525118306022,0.21386895938333828,0.10554591288536241,0.04686639930801295,0.05726798979931247,0.05726798979931247,0.06521739130434767,-0.13461538461538458,0.679534265843557,0.8078627755712888,-2.3839578028373953,-0.7710939051022434,-0.05072926061992655,0.23674588665447893,0.07904903417533427,0.06210790464240912,0.09756097560975618,0.11561866125760645,-0.32812105926860025,inf,-0.0268396331916797,0.06703910614525133,0.007246376811594235,-0.0828683743342633
1998-02-28,-0.012602882331891108,-0.08001445291658504,-0.13178214210293915,-0.16666259604628786,0.14210027910685796,0.03497834197150662,0.05600125845524628,0.05600125845524628,0.10204081632653073,-0.13461538461538458,1.2435211464197646,-0.14197019867549665,-2.1489026153239585,-6.433217692974848,0.29035248314059925,-0.2025129342202513,0.023134122831176107,0.06210790464240912,0.1407407407407406,-0.27363636363636357,-0.32812105926860025,inf,0.15674557572971737,0.041884816753926746,0.021582733812949728,0.10397511234013135
1998-05-31,-0.02165069826082755,-0.051383979533033086,-0.1203548511208502,-0.11495896834701058,0.07574917848929319,-0.0637731033481711,-0.14191369978648394,-0.14191369978648394,-0.14814814814814814,-0.13461538461538458,-1.0048112816258814,-0.5481464989424468,-1.008808053077099,-1.9842764785697182,-0.2214798850574713,-0.03707136237256703,-0.0646029609690445,-0.0041346721795629815,0.07792207792207795,-0.15519399249061328,-0.1569069069069069,inf,0.09954301609378113,-0.01340033500837523,0.007042253521126751,0.07188928549063811
1998-08-31,0.18249415716059336,0.1235838105556415,0.3993253162265973,0.23664794553209534,0.00753319351423265,0.025762357113556567,-0.9744227764596957,-0.9744227764596957,-0.9565217391304348,0.0,-125.85775862068965,6.517450932085079,549.1818181818181,0.6387447291599091,-0.4662037464242872,-0.26275264677574595,-0.29122302158273383,-0.2846975088967971,0.0,-0.317037037037037,-0.28940338379341046,inf,-0.147994217564149,-0.24278438030560268,-0.05244755244755239,-0.0914295729391833
1998-11-30,0.1701262381266102,0.2342765833617444,0.25213679819786816,0.3707442734804707,0.07821924095890731,0.41050460521136745,42.633484162895925,42.633484162895925,25.0,0.11111111111111116,-0.19995166914074636,-0.6303910858641031,-0.9873477480879993,-0.49908456628234943,-0.43748649466269074,0.3655352480417755,-0.06414941128704821,-0.07213930348258701,0.07831325301204828,0.3665943600867678,0.7713032581453634,inf,-0.07847295864262982,-0.08744394618834084,0.014760147601476037,-0.09960133744855959
1999-02-28,0.1340577534970282,0.12809423896788008,0.16416749876619718,0.06807739192948459,0.09487178529685236,0.10140174710508743,0.12081302499222235,0.12081302499222235,-0.4423076923076924,-0.43999999999999995,-0.3286299892125135,0.5847668026245789,79.47014925373135,-1.5010372419243307,0.38967424708051634,0.6357552581261949,-0.03644251626898054,-0.0840035746201967,0.0,0.5174603174603176,0.6246904846126635,inf,-0.03452243958573076,-0.08108108108108103,-0.0036363636363635488,0.056202242376633516
1999-05-31,0.20450259682657768,0.2955099698751973,-0.19851576537163784,0.01694419244388512,0.7622024631734761,0.05905185431416626,0.1289785344189489,0.1289785344189489,0.034482758620689724,0.03571428571428559,2.49379780191529,-0.38355806710307916,1.7606881201891866,26.677641955835963,7.761001769128704,0.17182933956750457,-0.10715893741557847,-0.04390243902439017,0.759776536312849,0.17154811715481166,0.1413019812758547,inf,0.462932061978546,-0.013368983957219305,-0.02919708029197088,0.27396889790398915
1999-08-31,0.09358767400396495,0.12237923779777704,0.15262602748572363,0.1899172661870503,0.05642994836222304,0.026886278772892513,0.07228323225700706,0.07228323225700706,0.06666666666666665,0.034482758620689724,-0.7385577630610743,0.6270535201040752,-1.0448964509464702,-1.319936458637565,-0.28341820797758555,0.12468827930174564,0.13666162380231972,0.21326530612244898,0.053968253968254,-0.36071428571428565,0.03662724151087371,inf,-0.03389278148932706,0.2384823848238482,-0.022556390977443663,-0.05678802674875294
1999-11-30,0.23689432803527066,0.19495322333730236,0.4156726313233854,0.4277064181355936,0.11412852306204102,0.28567408139112294,0.012228676245796377,0.012228676245796377,-0.0625,-0.033333333333333326,-1.048972699127498,0.6459956488592202,-2.219790497568275,0.8412263709839023,-0.6190954242840536,1.1529933481152992,-0.10825199645075412,-0.07821698906644237,0.054216867469879526,1.041899441340782,0.5955097534044902,inf,-0.09934221622533301,-0.03719912472647702,-0.04230769230769227,-0.16300922799909967
2000-02-29,0.14851222570753153,0.1779383442014597,0.24379547737462337,0.07346262077026178,0.06537285797210113,0.21417119198865797,0.2811839323467231,0.2811839323467231,-0.3666666666666666,-0.3793103448275862,27.860632183908045,-0.5088228648892905,10.796350253028677,-1.1615333454259629,0.3088269293013364,-0.37425334706488156,-0.04726368159203986,-0.0374087591240877,0.04857142857142849,-0.40629274965800277,-0.39584775086505186,inf,-0.07228464419475655,-0.02499999999999991,-0.012048192771084487,0.09734453781512609
2000-05-31,0.1309988943821463,0.1320915461555472,0.19247436301486087,0.09598481979423079,0.06837510534325686,0.15316716852006174,0.12485266383781246,0.12485266383781246,0.1578947368421053,0.16666666666666674,-0.7037885199382685,1.0649738954437775,0.015547813426238788,-2.318535708938464,-0.31111778421536074,-0.07669519420671489,0.04490861618798947,-0.023696682464455,-0.008174386920980825,-0.11981566820276501,-0.13631156930125998,inf,-0.055510698425514815,-0.03962703962703962,0.016260162601626105,0.03289836427127368
2000-08-31,0.3643853582522927,0.48082085768419924,-0.04956074478980044,0.24537018706423974,0.8350445909379194,0.10274794507215934,0.23257276085191103,0.23257276085191103,0.13636363636363646,0.1428571428571428,-11.445210084033613,0.27594310726975046,3.493241167434716,-17.953557031737923,7.656683504705249,0.0014260249554367554,-0.09545227386306854,-0.04854368932038822,0.8324175824175823,0.010471204188481575,-0.093501326259947,inf,0.3451592220559949,-0.007281553398058249,-0.04399999999999993,0.18908659549228934
2000-11-30,0.06531737317361275,0.009912994586489976,0.10999600272189247,0.1057682719751436,0.0390061904465735,0.059964059307775486,0.014686191579350139,0.014686191579350139,0.0,0.0,-1.9811903650903475,0.28654480699732887,-0.9947893519309882,-1.691670880734621,-0.6117706648657295,0.02812388750445005,-0.061325966850828695,-0.020408163265306145,0.03748125937031488,-0.43911917098445596,-0.09144111192392101,inf,-0.024785510009532774,0.022004889975550057,-0.03765690376569053,-0.08669193934557062
2001-02-28,0.004744152947770086,-0.01959426761321381,-0.05397290334546967,-0.04248239593080694,0.04168510480947596,0.07282841211562907,-0.1469565581668133,-0.1469565581668133,-0.16000000000000003,-0.125,-2.3686782551656282,-0.45768197361993157,5.3012575177692725,-1.0729077396082989,0.1148878054735365,0.20879501385041555,-0.12183637433784578,-0.07291666666666674,0.039017341040462394,0.16397228637413397,0.07702630166398294,inf,0.036819811013359294,-0.05023923444976075,-0.02608695652173898,0.023921354451119647
2001-05-31,0.10662827542628861,0.16209803650341814,0.2686085090022077,-0.1979245432384551,0.014079015610940493,-0.135992734328235,-0.5381819967588273,-0.5381819967588273,-0.5238095238095237,-0.5714285714285714,-0.8262802233351705,-0.4889214177582605,28.300130151843817,19.675587727453845,2.130593669803251,0.0948152391864796,-0.2278820375335121,-0.20449438202247183,0.012517385257301727,0.05555555555555558,0.058310490904559975,inf,-0.0835952231301067,-0.12594458438287148,-0.0892857142857143,0.44884787710689134
2001-08-31,-0.013794704576970629,-0.09361160689953718,-0.05314518710754779,-0.14102343753988367,0.014331868106643997,-0.09785620910036086,-0.402328796256912,-0.402328796256912,-0.4,-0.33333333333333337,9.055727981240086,3.2436474908200736,-0.9977819499887469,-1.0861007345832276,-0.058597729190439374,0.2930402930402931,-0.25173611111111105,-0.2612994350282486,-0.015109890109890167,0.27631578947368407,0.4918766187897339,inf,0.028463648834019084,-0.21037463976945248,-0.06372549019607854,0.055185362441556585
2001-11-30,0.0026616298591182197,-0.018217470579859785,-0.003278212446820472,-0.021068793026596033,0.006624820730993353,-0.06301923286736766,-0.25495952317409487,-0.25495952317409487,-0.33333333333333326,-0.33333333333333326,0.04975376891315375,-0.46661436490859687,0.5260347129506009,-3.3028799522494965,0.1433431169482553,-0.5742614326183731,-0.34454756380510443,-0.3479923518164436,0.0069735006973501434,-0.5684830633284241,-0.44649621212121215,inf,0.004001333777925886,-0.291970802919708,-0.07853403141361248,0.002930709650408092
2002-02-28,0.02074621391431708,0.05347282991690605,-0.0041279911187579454,-0.01769336625247908,0.037179544822276034,-0.07064812501483775,-0.5579701492537313,-0.5579701492537313,-0.5,-0.5,-0.01706609518333635,-0.9325250908461672,4.914260717410324,1.4454650013769417,0.30659263215829946,0.188212927756654,-0.47787610619469034,-0.4809384164222874,0.03462603878116344,0.1808873720136519,0.7821499857428,inf,0.01610760544669554,-0.41237113402061853,-0.11931818181818177,0.07242746816948453
2002-05-31,0.006337617814955898,0.029945950136193833,-0.007156227209680011,-0.0027935895771914465,0.014897379852028658,0.034702472040230026,4.62020529443544,4.62020529443544,4.5,4.0,-0.045818931135336305,18.323449270716463,-2.1303254437869823,-0.8983379813329271,0.02385504489044732,-0.10919999999999996,0.03050847457627115,0.04519774011299438,0.014725568942436373,-0.138728323699422,0.6967999999999999,inf,0.008498120607942417,0.10526315789473673,-0.058064516129032295,0.03282729985727251
2002-08-31,0.04930429546995163,0.030584470483199233,0.11950098136746168,0.22589202154362953,0.00574294178772683,0.16179247168475963,-0.9119484764010382,-0.9119484764010382,-0.9090909090909091,-0.9,-0.25411886002493955,0.08752560986736779,-1.7964926056798847,-2.170000651593145,-0.02726012652366583,-0.1441400987876067,-0.22697368421052633,-0.2324324324324324,0.003957783641161061,-0.15771812080536918,-0.18302687411598295,inf,-0.04148436233997721,-0.2222222222222222,-0.006849315068493178,-0.15929648241206018
2002-11-30,0.12949496566984808,0.08712218511858882,0.3121092474109939,0.2891004445702767,0.003353758478957136,0.08097666215014221,3.5616812227074233,3.5616812227074233,3.0,3.0,-0.12594681934079888,1.6416776624386968,23.694873480118304,4.707061706393406,-0.15993507456280676,-0.08761804826862529,-0.012765957446808529,-0.04929577464788737,0.0026281208935610145,-0.08764940239043817,0.18063250230840255,inf,-0.11174978867286567,-0.05102040816326536,0.0,-0.15667961745367598
2003-02-28,0.02663206209364155,0.03839988324711996,0.026020132857236034,0.1274889564913868,0.027184825597545093,0.0727089078732801,0.21000358980495393,0.21000358980495393,0.25,0.25,-0.37812019148572407,-0.8317237038512731,-1.2874052683757726,-0.577657207541278,-0.07600058707796808,0.06958021851638874,0.1681034482758621,0.125925925925926,0.02490170380078638,0.06550218340611358,0.0696060220940462,inf,0.0005709935287399048,0.08602150537634423,0.034482758620689724,-0.07902897138300691
2003-05-31,0.015066559710813054,0.030501999408822034,0.003010633910056404,0.4199042494106897,0.02594448350550249,0.06404216012154462,-0.5583465189873418,-0.5583465189873418,-0.6000000000000001,-0.6000000000000001,-0.2418124334169559,-0.6061630321019851,-0.8261835860632017,-1.3945009242144177,0.03432987970266477,-0.011290322580645218,-0.40590405904059035,-0.4276315789473685,0.024296675191815886,-0.03688524590163933,-0.15958321908417872,inf,0.010652463382157196,-0.4455445544554455,0.03333333333333344,-0.2742664742664743
2003-08-31,0.08194087103585046,0.13325929618162058,0.17834851680972696,0.03153940690595669,-0.003102134466828832,0.06291376063721588,3.4944021495745634,3.4944021495745634,4.5,4.0,0.5316940509915014,2.916659405768058,-29.34709643047416,9.854105657725196,0.360252709335666,0.3213703099510603,0.7080745341614907,0.6321839080459772,-0.0074906367041197575,0.28936170212765955,1.2022838499184338,inf,-0.07848673066064371,0.625,0.012903225806451646,0.09862142099681859
2003-11-30,0.08397578238043368,0.13392889122790597,0.1191255768235715,0.13912879645476872,0.04732586453934462,0.16433374613719742,1.1171781586289358,1.1171781586289358,0.909090909090909,1.0,0.1368774598289586,-0.5642414602404814,-0.9657895973312033,-0.7359636958175726,0.06992803123410152,0.17448559670781894,0.7527272727272727,0.7112676056338025,0.046540880503144644,0.18481848184818483,-0.3288888888888889,inf,-0.033905228758169925,0.6373626373626373,0.03821656050955413,-0.004524613899613894
2004-02-29,0.02402149421774258,0.039019334253430404,0.010694480336085999,0.016964935981898188,0.038869907889390376,-0.011343981487003885,-0.0583819653614458,-0.0583819653614458,-0.04761904761904756,-0.050000000000000044,1.3544125876856201,-0.04413416377373902,0.46902897953577805,2.106494727376768,0.20303333867606987,0.0010511562718991119,0.35062240663900424,0.3168724279835391,0.03485576923076916,-0.04456824512534807,-0.4317880794701987,inf,0.01458773784355194,0.30201342281879207,0.012269938650306678,0.021635052421065337
2004-05-31,-0.09737114051809781,-0.13541240209903882,-0.20305690841658675,-0.24145744782626521,0.01718607339621525,0.0898023696339374,0.0028989129076595344,0.0028989129076595344,0.0,0.0,-0.47709860369473645,0.390498571314124,-32.9883133881825,-3.0033485300019076,-0.3381008052741963,-0.018200910045502283,0.30107526881720426,0.30937499999999996,0.016260162601626105,-0.04956268221574356,-0.28774928774928776,inf,0.12690143779954144,0.24226804123711343,0.054545454545454675,0.13981492466484746
2004-08-31,0.024098657309987503,0.02330462684139034,0.011403961178574562,0.044185954329409194,0.03487956059683017,0.00020112556508911084,0.10283820487902129,0.10283820487902129,0.09999999999999987,0.21052631578947367,0.04551989513298649,0.4768580756673708,-1.0167471876123422,-1.0826144494832903,0.04219979737119317,-0.1393939393939394,0.1310507674144037,0.16229116945107402,0.03200000000000003,-0.15337423312883436,-0.3545454545454545,inf,0.010539940828402372,0.10788381742738595,0.051724137931034475,-0.01998438719750195
2004-11-30,0.13390577637236745,0.18179344153389754,0.20991234529965253,0.27706274955050714,0.07082183649015583,0.1274141744717825,0.2633874101857292,0.2633874101857292,0.27272727272727293,0.17391304347826098,-0.7182867889425897,-0.38687906371911573,-2.412041884816754,-1.059066698465697,-0.0023916745262521077,-0.03976801988401002,0.03757828810020891,0.061601642710472415,0.06976744186046524,-0.0688405797101449,-0.19380281690140844,inf,-0.05562671546203113,0.02621722846441954,0.027322404371584508,-0.07461101375391643
2005-02-28,-0.05203439521760045,-0.07545849517207215,-0.1472199856922901,-0.17826908513109174,0.037229447450940256,-0.06401799959091836,-0.1764821604220692,-0.1764821604220692,-0.1785714285714286,-0.18518518518518523,6.140119158710789,-0.02252433773780993,-1.3768384624891854,-108.63122476446837,0.25803599661846044,0.05435720448662651,-0.006036217303822977,0.03481624758220492,0.03416149068322971,-0.015564202334630406,-0.029699510831586395,inf,0.09397403603952714,0.0,0.037234042553191626,0.12515781016871363
2005-05-31,0.05702766087588995,0.02682415671067262,0.11470470816126643,0.13549938545396256,0.012557411495611293,0.1296085211823268,0.288965622081786,0.288965622081786,0.26086956521739113,0.3181818181818181,-0.04199298273834062,5.501377828888841,8.593637258117415,-1.6173189946229836,-0.12661841349310576,0.13747954173486088,0.06275303643724683,0.06168224299065428,0.00800800800800805,0.09881422924901195,0.10010803024846959,inf,-0.04197662061636542,0.054744525547445244,0.01025641025641022,-0.0957311164380068
2005-08-31,0.07783550067357092,0.0968376743048327,0.11821929718493962,0.13537181454126568,0.043557627362183826,0.050647049264476385,0.18834768250972989,0.18834768250972989,0.1724137931034484,0.1724137931034484,-0.09427339126054657,-0.6801744824432883,0.2557177532392054,-2.1650393987886645,0.16890147744191997,0.10035971223021578,0.08380952380952378,0.073943661971831,0.03574975173783512,0.09352517985611519,-0.008510638297872353,inf,-0.031798853762248114,0.06574394463667832,0.0050761421319796,-0.033953750705019714
2005-11-30,0.08938719169874298,0.1329905600842909,0.14146840057774157,0.17799747342214833,0.04201774339563613,0.18060434353502663,0.09014348097317537,0.09014348097317537,0.11764705882352944,0.08823529411764697,-0.16862765544529212,-0.31633430381199845,-0.6967956222264572,-0.30844395761068943,0.09992701656008074,0.01830663615560635,0.054481546572934914,0.04426229508196733,0.038350910834132446,-0.016447368421052544,-0.08187520633872569,inf,-0.04353637578766478,0.01298701298701288,0.030303030303030276,-0.038183092013078124
2006-02-28,0.025148608072058654,0.036216551396436314,-0.03307405370755734,-0.041330581858890936,0.08315797232637023,-0.037200440690781544,-0.10234100663285217,-0.10234100663285217,-0.13157894736842102,-0.1351351351351351,-0.9589015323080783,-0.04176142868045485,7.369309508844392,-0.45942752265899,0.049110344670062256,0.19646869983948645,0.04249999999999998,0.028257456828885363,0.06186518928901208,0.15050167224080258,0.0985257101761956,inf,0.056697943701337516,0.01602564102564097,0.009803921568627416,0.08085468010197894
2006-05-31,0.10764985439515784,0.06793503165362824,0.17068858133909348,0.1959445571301437,0.051581876010132977,0.11987324197978189,-0.06947161008968283,-0.06947161008968283,-0.06060606060606066,-0.0625,19.479823669040353,2.3352076331257265,-0.9502944994582069,-2.4823264034230963,-0.06938980342295309,0.036490474912798554,-0.035171862509991936,-0.05343511450381688,0.03826086956521735,-0.023255813953488413,-0.041898527004910036,inf,-0.05063291139240511,-0.05362776025236593,0.0,-0.10698640907559243
2006-08-31,0.07299059500217608,0.09246745580052584,0.24226347271980964,0.27547578902338765,-0.09461678238069027,0.13930762394386198,-1.7102886681406284,-1.7102886681406284,-1.7419354838709677,-1.7666666666666666,0.47345806772083776,-0.6189004732998696,-39.179365421972804,0.27568517327392805,-0.09511989416046018,-0.24514625938389856,-0.424192212096106,-0.45483870967741935,-0.06700167504187593,-0.27380952380952384,-0.2511103518961393,1.0,-0.15621890547263673,-0.4666666666666667,0.024271844660194164,-0.14351298660461598
2006-11-30,0.05069598815905452,0.06604982651370706,0.06455788421136721,0.07353848135772911,0.03186341486375355,0.09154513758399041,-1.907012429031763,-1.907012429031763,-1.8695652173913042,-1.8695652173913042,-2.4172121430056355,-0.1220377216617583,-2.0760494106340275,0.5036524177283683,-0.1580621100026759,-0.01851851851851849,-0.22733812949640297,-0.26331360946745563,0.0314183123877918,0.05327868852459017,0.7180656934306566,0.4999999999999998,-0.017924528301886733,-0.275,0.014218009478673022,-0.006975548865555514
2007-02-28,0.09961989650872138,-0.06133259900661914,0.1610957627741758,0.15948525268742686,0.0069184246772351354,-0.08968384954976782,-0.6640645769388791,-0.6640645769388791,-0.6499999999999999,-0.6499999999999999,-0.9986916910487881,10.302881938992535,2.5999411570004782,-0.20991077197373054,-0.14832824600947037,-0.07617051013277432,-0.42644320297951577,-0.4698795180722891,0.006962576153176636,-0.10505836575875482,0.18985661178969737,0.3333333333333335,-0.08429394812680124,-0.4568965517241379,-0.02336448598130858,-0.19047619047619047
2007-05-31,-0.0052557924552141255,-0.0238870043483268,-0.019125184559808828,-0.015843016382794728,0.020198651745344298,0.02284059693437035,-0.5515107913669064,-0.5515107913669064,-0.5714285714285715,-0.5714285714285715,-581.5727272727273,-0.8582489524478245,-1.1477564280314418,-1.038000103514311,0.006618146810723813,-0.09493192133131623,-0.7824675324675325,-0.7954545454545454,0.012964563526361328,-0.09999999999999998,0.5706315554563712,0.24999999999999978,0.025439286650931203,-0.7936507936507937,-0.014354066985645786,-0.0081293386919985
2007-08-31,0.012149201532943632,0.020263098869674367,0.016971759508662254,-0.09620759460162653,0.004476334265851589,0.042618065382678205,0.8808148861084375,0.8808148861084375,1.0,0.6666666666666667,0.27806920021504355,-0.28483228651610315,-0.41570281402171017,27.67529283573958,0.18852958137968834,-0.05516088591725865,3.5373134328358207,3.4444444444444446,0.0017064846416381396,-0.06763285024154586,3.5893719806763285,0.19999999999999996,-0.007416879795396403,3.615384615384616,-0.024271844660194275,0.12883322589557045
2007-11-30,0.06970465901812672,0.09676967989192353,0.07921449476641196,0.08449613102910303,0.05481432543692999,0.07607950716827849,4.287931769722815,4.287931769722815,4.0,4.999999999999999,-0.41597784892838474,0.5482347958243017,-0.9432686456149841,-0.992105788138733,0.0012522132228292016,-0.061919504643962786,0.256578947368421,0.22499999999999987,0.047700170357751315,-0.062176165803108696,-0.8123839009287925,0.16666666666666674,-0.013913939706261313,0.25,-0.02985074626865658,0.01133953336596516
2008-02-29,-0.04308157407463786,-0.09208647728632047,-0.07690230696554468,-0.17850252284371315,0.011835821248830536,-0.09184645720375051,-1.3878163255431364,-1.3878163255431364,-1.4,-1.4,-0.09233179027453398,-0.3608297192697312,41.57777115613826,-161.15282791817089,-0.2002946771494275,-0.2687411598302688,-0.4188481675392669,-0.40816326530612246,0.0138211382113822,-0.30386740331491713,-0.43118811881188124,0.14285714285714302,0.05722498040240409,-0.4,0.00512820512820511,0.10518673872711148
2008-05-31,0.07512888881715907,0.12008271082000843,0.10858205719908942,0.09534042538818532,0.026113906335872628,0.009695898108063927,-2.5988771054273236,-2.5988771054273236,-2.5833333333333335,-2.5833333333333335,0.12907351196437644,-0.2221480903346006,-2.7928490947645406,-3.4698129794795887,0.6185908474148849,-0.27852998065764023,0.5405405405405406,0.5402298850574714,0.02165196471531683,-0.2857142857142857,0.24862199013635045,0.125,-0.04547701433514584,0.5555555555555558,-0.020408163265306145,0.022626085687176056
2008-08-31,0.015023850141980821,0.012214646963004228,0.015132489974731378,0.04420582330005285,0.015029641044539854,0.05718575681069238,0.4954090258811288,0.4954090258811288,0.47368421052631593,0.47368421052631593,-1.051168154152679,0.9292129921833276,-1.065570570922235,-1.2651232126559173,-0.10132442862142454,0.42001787310098315,0.4795321637426899,0.4701492537313432,0.011773940345368938,0.38888888888888884,-0.12105018587360594,0.11111111111111094,0.0,0.5,-0.02083333333333337,-0.030690172007708183
2008-11-30,-0.03542109603382304,0.03449704612338267,0.040729792100641315,0.0691390715438831,-0.15650259138903977,0.036030486934564676,-5.798264076116261,-5.798264076116261,-5.785714285714286,-5.785714285714286,3.475130017335645,-0.042673310516072704,1.1503750446481722,1.215144699699355,-0.24975450335932559,-0.3045940843297671,-2.567193675889328,-2.5228426395939088,-0.16912335143522106,-0.31200000000000006,-0.5506212001057362,0.10000000000000009,-0.1255825996892801,0.0,0.0,-0.032398203372358436
2009-02-28,-0.21955636187904237,-0.14242636197504632,-0.13386737868749632,-0.18585075702402842,-0.38783222821600494,-0.14637329863719506,2.1396701914397678,2.1396701914397678,2.126865671641791,2.126865671641791,-11.206561578116153,-0.4059988959087285,1.6966668512263996,-2.0104278365735775,0.33636843357786583,-0.4660633484162896,4.808322824716268,4.356666666666667,-0.3874883286647993,-0.36046511627906974,0.0,0.09090909090909083,-0.21557595498963567,0.0,0.03191489361702127,0.05334449433072064
2009-05-31,-0.02356232936371283,-0.04293141789935151,-0.0336778673919329,-0.049287842508097146,0.0046694815720207394,-0.09430594998961006,-0.9667913635838817,-0.9667913635838817,-0.9665871121718377,-0.9665871121718377,-0.7708789508411138,-0.3248805098247477,-0.5534909505281853,-1.030868374911563,-0.0077696738827464085,0.037288135593220195,0.23664785062961347,0.14125700062227753,0.004573170731707377,0.6909090909090909,0.0,0.08333333333333348,0.029067572668931563,0.0,0.030927835051546504,0.0067186822713478644
2009-08-31,0.028787273495832322,0.04621162132346779,0.03252462052788796,0.06498405651946015,0.018679840578629925,0.07052385357200364,-1.1914679090466587,-1.1914679090466587,-1.2142857142857142,-1.2142857142857142,1.1644898635303713,0.27829127062165404,-0.5657332045799421,-18.83042683939545,0.13962141459068955,0.4558823529411764,0.251755617977528,0.12649945474372948,0.01669195751138086,0.4516129032258065,0.0,0.07692307692307687,-0.009904622157006715,0.0,0.03499999999999992,-0.017653390742734087
2009-11-30,0.05686368458879487,0.09192983295918822,0.06910296071500355,0.09733886935083103,0.023692795656518273,0.10313452839192894,4.244416197566733,4.244416197566733,3.333333333333334,3.333333333333334,-0.5628167919607693,-0.3993777884138733,2.7275518847945786,-1.2254627085332117,-0.027622701626892066,0.4511784511784511,-0.15539971949509124,-0.22168441432720232,0.010447761194029681,0.4296296296296296,0.0,0.0714285714285714,-0.031493145609484796,0.0,0.02898550724637694,-0.00489444079187662
2010-02-28,-0.030314126539900066,-0.039056638926222687,-0.04443343323870563,-0.06016005450280948,0.009349528473656887,-0.027074180378828694,0.032581974308368844,0.032581974308368844,0.0769230769230771,0.0769230769230771,-0.5889069927150802,1.1603722571648118,-1.0543561628270317,1.3933071679405082,-0.06798761130286701,0.18793503480278417,-1.0406841580870143,-1.041044776119403,0.005908419497784312,0.17616580310880825,0.0,0.06666666666666665,0.040933435348125435,-0.7047619047619048,0.0046948356807512415,0.022463661723682193
2010-05-31,0.04466246767358828,0.051823599090727646,0.056197345140566624,0.08102432549221916,0.01097241150960171,0.1500790110242678,0.7667158473610087,0.7667158473610087,0.714285714285714,0.714285714285714,0.2245406007402797,0.6706187672081045,-21.04964724327149,2.3452097358881407,-0.2440233863930279,0.0,2.240816326530612,2.212121212121212,0.011747430249632984,-0.00440528634361248,4.647058823529412,0.06249999999999978,-0.0323410510841603,2.064516129032258,0.04672897196261694,-0.027067777139574978
2010-08-31,0.11846662110420292,0.1468841417389546,0.1418880446445887,0.20393227715220474,0.052611708329664664,0.11730454355248243,0.12695731394841236,0.12695731394841236,0.16666666666666674,0.12500000000000022,6.629841643483843,0.5959941647281473,-1.5607845692688649,-1.742976861312362,0.23982716719774655,-0.15104166666666674,0.42695214105793444,0.391509433962264,0.05079825834542828,-0.16371681415929196,-0.7484375000000001,0.05882352941176472,-0.0588682111659703,0.33684210526315783,0.03571428571428559,-0.047376577374363515
2010-11-30,0.0026236909223937843,-0.006224943693814655,-0.02044994999973826,-0.049939337185944455,0.07183884373459337,0.05730428370551888,0.7966350040420371,0.7966350040420371,0.7857142857142856,0.8148148148148147,-1.2900355497591451,-0.46461886598549373,0.8181691417416161,-1.7929920822336436,-0.15339319037683607,0.0038343558282210033,0.40335392762577227,0.4101694915254237,0.07182320441988943,-0.042328042328042215,-0.3051759834368529,0.05555555555555558,0.06900726392251832,0.36220472440944884,0.03879310344827602,0.04601440855217298
2011-02-28,0.03576359074714919,0.031828433311056115,0.027165301891443505,0.0355743746084094,0.05958043314132411,-0.03760685770670136,-0.4806471873037299,-0.4806471873037299,-0.48,-0.4897959183673469,-6.443537859007833,0.03944296274421144,-1.8754505713628347,-3.3837354937595796,0.43189918654805015,0.46676852559205506,0.05094339622641497,0.05288461538461542,0.05670103092783507,0.3646408839779005,0.0035756853396899935,0.05263157894736836,0.023027557568893853,0.034682080924855585,0.016597510373443924,-0.00362882322446878
2011-05-31,0.05183640478255369,0.06376126170961105,0.04200430939382915,0.05325007379515134,0.07876916793234634,0.07611368040475863,0.8896991137664025,0.8896991137664025,0.8846153846153846,0.8799999999999999,-0.6517865668294351,-0.3160086297976614,0.01655716162943488,-0.9675635556633341,0.009783701293447855,0.05677083333333344,0.11609814482345904,0.13242009132420085,0.07804878048780495,0.0,-0.03622327790973867,0.050000000000000044,0.02583025830258312,0.13407821229050287,0.0,0.010034190575293644
2011-08-31,0.014717992836817961,0.011586631839796357,0.033543253326429934,0.04123015382276307,-0.0342590988204442,0.012443444265518133,0.0916280624671666,0.0916280624671666,0.08163265306122458,0.1063829787234043,0.9360253041859041,0.6646677050882659,1.9852062507181434,-3.552560036248301,-0.02473151913252003,-0.12617052735337597,0.12225201072386072,0.1370967741935485,0.014705882352941346,-0.18623481781376539,-0.26186075169439305,0.04761904761904767,-0.04856115107913672,0.13793103448275867,0.0,-0.02847891677091763
2011-11-30,0.020038991547108642,0.035371619516450625,0.02117153516242487,0.028148625358879187,0.016806097090706462,0.010857662848004601,-0.012389752204955862,-0.012389752204955862,0.037735849056603765,0.03846153846153855,-0.6226086326385412,-0.26254230151427727,-0.843732258157639,0.1851868287920475,-0.030054770872744108,0.027072758037224975,-0.011944577161968506,-0.012411347517730431,0.010033444816053505,0.00995024875621886,-0.12103505843071793,0.051948051948051965,-0.0030245746691872633,0.0,-0.01632653061224487,0.007044387214058423
2012-02-29,-0.004489279206775443,-0.038302759109167805,-0.02562636020743947,-0.0369782038879497,0.05390205630869449,-0.02093825669916749,-0.13443546672336804,-0.13443546672336804,-0.14545454545454561,-0.14814814814814814,-1.9543697031586849,1.159416765352732,-5.681270975091597,4.787022129029842,-0.17931695409233506,0.24327292696320701,0.07930367504835578,0.08617594254937155,0.06843267108167761,0.23152709359605916,0.2079772079772082,0.04938271604938271,0.05877891543420555,0.09090909090909105,0.0,-0.001429108687476477
2012-05-31,0.02871249470144921,0.04335455229937324,0.04053816240826991,0.05186170661610956,0.006364352429389264,0.0034804991485242187,0.037073430367049465,0.037073430367049465,0.042553191489361764,0.04347826086956519,-2.7037724633042206,-0.4858075983332436,-1.176568470761561,-1.225028145502543,0.049168021488654734,0.018551236749116518,-0.018369175627240275,-0.02148760330578503,0.012396694214876103,-0.04800000000000004,-0.08883647798742145,0.04705882352941182,-0.021848137535816603,-0.011904761904761973,-0.016597510373444035,-0.008059656523049075
2012-08-31,0.058363278835097177,0.05703634295319793,0.06325321390243466,-0.04745265521304842,0.04543729880222447,0.020504276958529966,-0.1828168180023687,-0.1828168180023687,-0.18367346938775508,-0.1874999999999999,1.37628221300168,0.9240665441421538,-9.367727035685018,12.661318611805974,0.6402215787282266,-0.0975715524718127,-0.10132359653126422,-0.09797297297297292,0.04489795918367334,-0.10924369747899154,-0.10267471958584984,0.04494382022471921,-0.012083485902599889,-0.07630522088353409,-0.021097046413502185,0.1096514541726783
2012-11-30,0.049000652429579405,0.05439442430020036,0.07262343555942752,0.10637326392667945,-0.014889858089353392,0.06891020912477419,0.2783917291689313,0.2783917291689313,0.30000000000000004,0.3076923076923077,-0.6568458478559924,-0.18583334983073663,-1.7770299145299147,-1.394046223430788,-0.15380659450436063,-0.045170591061989285,-0.03859827323514475,-0.048689138576779145,0.001953125,-0.08490566037735858,0.02211538461538476,0.043010752688172005,-0.061156412157153284,-0.034782608695652084,-0.012931034482758563,-0.0469445014712927
2013-02-28,0.007591594893409104,-0.008207597750180096,-0.006515147423133527,-0.009580066940079512,0.04937520283665098,-0.047394036425996156,-0.16357572722892477,-0.16357572722892477,-0.15384615384615385,-0.1568627450980392,0.012217438814065895,0.25387832514710884,-1.5087996700123747,-1.1688957494311567,0.03069898663539261,-0.059386009058882694,-0.04437400950871628,-0.057086614173228356,0.04678362573099415,-0.061855670103092675,-0.04421448730009414,0.04123711340206193,0.04145282273983408,-0.031531531531531654,-0.026200873362445476,0.0013642564802183177
2013-05-31,-0.0138411698569324,-0.015105965079113659,-0.02359048320900159,-0.03287504008430242,0.013548991017428902,0.011436071891771649,-0.4343013339658658,-0.4343013339658658,-0.43181818181818177,-0.4418604651162791,2.277602913442154,-0.5949395931506584,-2.3443791379543306,8.173365801208059,0.27322529446948396,-0.013911182450508375,-0.1547816473189607,-0.1565762004175365,0.013035381750465591,-0.05494505494505497,0.0019685039370078705,0.03960396039603964,0.02805155420773331,-0.14883720930232547,-0.008968609865470878,0.018356517997992094
2013-08-31,0.12544402865979687,0.002075690030059363,0.14709426276878368,0.1894723483356331,0.058805206958510325,-0.49013366184942053,1.536169957869936,1.536169957869936,1.48,1.5416666666666665,-0.19799522616206044,10.012902299194504,-2.525532467314924,-2.1733437675603557,-0.25179141334856325,0.16386326641345628,0.10529758011772405,0.09158415841584167,0.05606617647058809,0.14534883720930236,0.34184675834970535,0.03809523809523818,-0.059365781710914445,0.28415300546448075,-0.15384615384615374,-0.15751302633431907
2013-11-30,-0.013587718561324569,-0.036347267168306496,-0.02744250181003427,-0.03803607983991564,0.023802213603724143,1.024370007603281,-0.07161920657539422,-0.07161920657539422,-0.06451612903225812,-0.06557377049180335,-0.7087984404069192,-0.7857138975741709,-1.8999143534785663,-0.2885327880171469,-0.23942699676578272,0.013519813519813573,-0.00295857988165682,0.006802721088435382,0.00870322019147074,-0.040609137055837574,-0.11054172767203507,0.0366972477064218,0.03802430419443348,0.03404255319148941,-0.021390374331550777,0.0017551190973674746
2014-02-28,-0.09980660956284815,-0.11518116067997997,-0.12158379733724722,-0.16335713262996832,-0.03994149414941495,-0.22425241388702277,-1.327903190244399,-1.327903190244399,-1.3275862068965518,-1.3333333333333335,-0.856336975175437,-0.6133801281108469,-0.7865160999060483,-0.6114226718975841,-0.12232343546669822,-0.16835326586936528,-0.3406528189910979,-0.3288288288288288,-0.025884383088869756,-0.17460317460317454,-0.19588477366255153,0.03539823008849563,0.0664652567975832,-0.29218106995884774,-0.05464480874316946,0.057567161688636626
2014-05-31,0.011456645794497344,0.03918830937886564,-0.0028811333203851985,-0.006854925740645945,0.04959185353865614,0.05830070877180238,-5.868621822225671,-5.868621822225671,-5.894736842105264,-5.894736842105264,15.249083382613836,-8.139510173026721,4.0169748235361356,-7.877558611601165,0.9585382941630414,-0.0016592920353980523,0.5058505850585058,0.5335570469798656,0.06820194862710371,0.025641025641025772,0.5015353121801434,0.03418803418803429,0.037535410764872434,0.6104651162790697,-0.046242774566474076,0.04638687283054588
2014-08-31,0.03143238381137836,0.03914151941825317,0.07396360349787967,0.1113480985083426,-0.06947550005001646,-0.6499176544391984,-1.139156994502138,-1.139156994502138,-1.139784946236559,-1.139784946236559,-0.6743882200515336,-1.3861832386468034,0.152621056169151,-1.4976025169322724,-0.2435342056741987,0.11578947368421044,-0.38194859533771663,-0.37636761487964987,-0.03897180762852415,0.043749999999999956,-0.2849352419904567,0.03305785123966953,-0.09761092150170636,-0.3465703971119133,-0.04848484848484835,-0.0649879372738239
2014-11-30,0.04601104797242739,0.07059876839353185,0.06377132890137882,0.09299282103595452,-0.002975250554458242,2.4333241786432147,-3.7545902202542276,-3.7545902202542276,-3.846153846153846,-3.846153846153846,1.113592417485386,-0.09453280743739922,-0.6705361422860052,-0.7554632208858538,-0.07872539737605333,-0.009433962264151052,-0.17601547388781436,-0.1859649122807019,-0.0017256255392579245,0.029940119760479167,0.6120114394661582,0.03200000000000003,-0.04689863842662645,-0.18232044198895025,0.0,-0.020480567650378867
2015-02-28,-0.03289233665106783,-0.0688775336797065,-0.04561807473886015,-0.06292452478631905,0.004208651021538445,-0.05298304463458081,-0.28006429976996206,-0.28006429976996206,-0.2702702702702702,-0.2702702702702702,0.7785416259036178,0.42190718399260163,-0.868287634247315,-1.5703219252016,0.04873554536930924,0.05463659147869682,0.4718309859154932,0.44396551724137945,0.0008643042350906516,0.058139534883721034,0.2696629213483146,0.03100775193798455,0.038492063492063355,0.3851351351351351,0.04458598726114649,-0.006338491932828427
2015-05-31,0.04515853990065,0.03003622864215405,0.05074414172402553,0.06796648696037266,0.029892206284959366,0.01144448907635831,0.3898021250384971,0.3898021250384971,0.37037037037037024,0.37037037037037024,0.0629512018172953,0.24292513839308816,1.238469422617014,-1.0806056557559565,-0.0037458066625690734,0.09505703422053235,-0.3995215311004785,-0.417910447761194,0.030224525043177852,0.0934065934065933,-0.2547741034000931,0.03007518796992481,-0.01490256018341618,-0.4292682926829269,0.018292682926829285,-0.035539723303786075
2015-08-31,0.07112505190712026,0.06608971946379927,0.09549957457840308,0.20069619607738587,0.0013825562582732154,0.07391592929998136,0.21465867069235345,0.21465867069235345,0.2432432432432432,0.18918918918918926,-0.0003776266028151509,-0.03614464995555133,2.431216931216931,12.489226519337016,-0.05071801444545765,-0.09592013888888895,0.6573705179282867,0.6153846153846154,0.025146689019279078,-0.12060301507537685,0.4793750000000001,0.029197080291970767,-0.06477889837082995,0.35897435897435903,0.19161676646706582,-0.1120941419000171
2015-11-30,0.06434777465486263,0.0768566742733805,0.07590040224561911,0.017654186917999137,0.029267047280694847,0.11262207812572766,0.5037855465097718,0.5037855465097718,0.4999999999999998,0.5454545454545456,-0.5936070248292343,0.061526407679542094,-7.144208528557025,-5.431221969650427,0.23675028420187694,0.05904944791166589,0.19070512820512842,0.16825396825396832,0.022076860179885527,0.028571428571428692,-0.3574144486692016,0.028368794326241176,-0.03318125259228544,0.16352201257861632,0.0,0.05814065976588956
2016-02-29,-0.03159624277185191,-0.11903281435654611,-0.05202999288349974,-0.06967514069756353,0.03541753668778491,-0.1544521029950785,-0.4015240550479584,-0.4015240550479584,-0.4057971014492754,-0.3970588235294118,-1.501504520447018,0.0028709913637789963,-0.5739400082048312,-2.142087336688526,-0.2186290191304594,-0.00045330915684482775,0.053162853297442636,0.04076086956521752,0.03200000000000003,-0.022222222222222254,-0.17619986850756086,0.02758620689655178,0.06906906906906918,0.07567567567567579,-0.03015075376884424,-0.05302614737611999
2016-05-31,0.0007952959537500526,-0.005839298802581716,-0.002451238286100055,0.0027415188796289236,0.010320669998390652,-0.021083233377100608,-0.9339541365767136,-0.9339541365767136,-0.926829268292683,-0.926829268292683,-6.705531833097634,-0.41721140472879004,-2.217405341111835,-1.0152675153565387,0.004271878516968641,-0.12063492063492065,-0.1961661341853036,-0.19843342036553524,0.010852713178294504,-0.1477272727272727,-0.1851556264964085,0.02684563758389258,0.009630818619582593,-0.18090452261306544,-0.025906735751295318,-0.008592392353736322
2016-08-31,0.042055308692424465,0.057052346347894245,0.06360711833707322,0.0334824146420416,-0.02177815259832483,0.027839922129595962,6.302321120276233,6.302321120276233,5.666666666666667,5.666666666666667,0.03058349035377117,0.4398355308951336,-0.43009877220978976,5.644049827723297,0.02826184256661013,-0.0067044868488911336,-0.17408585055643866,-0.1791530944625408,0.0076687116564417845,-0.013333333333333308,0.20959843290891267,0.026143790849673332,-0.061208267090619994,-0.15337423312883425,-0.031914893617021156,0.022787028921998242
2016-11-30,0.021425546880910806,0.0401880452043053,0.0364523125980587,0.05191057704879398,-0.026341876759259253,0.15214873826471864,1.3124228334252765,1.3124228334252765,1.4,1.3499999999999996,-0.6452155232802503,-0.4322213282596159,0.21225529413685562,-7.56789532471677,-0.18051902344036952,0.14693665628245056,-0.17131857555341679,-0.1785714285714286,-0.008371385083713934,0.1351351351351351,0.3546558704453442,0.02547770700636942,-0.046994072819644406,-0.16666666666666663,-0.016483516483516536,-0.011139674378748965
2017-02-28,-0.050173153135961934,-0.07346119351364433,-0.06920535179352405,-0.09490896257992654,0.01573878080578961,-0.12914283497926893,-0.7652424824201666,-0.7652424824201666,-0.7708333333333333,-0.7659574468085106,0.2785507437146242,-0.12483959447049453,-0.6436354330814713,-1.0466643181652535,0.01027942976793339,0.05839746491625175,-0.27293844367015097,-0.28019323671497587,0.01534919416730629,0.06547619047619047,0.25881649731022116,0.024844720496894235,0.06974677920924033,-0.27826086956521734,0.0,0.023782014249951855
2017-05-31,0.031435487459195555,0.045567114892324456,0.05259491310312825,0.15393270889680566,-0.034765778573288886,0.009879349123646408,-2.2233728526494074,-2.2233728526494074,-2.272727272727273,-2.272727272727273,-0.03831403818534662,0.17411396803335655,-0.593446464341056,-2.45346869712352,-0.014788808869842018,0.19076133447390942,-0.18690095846645371,-0.20805369127516782,-0.01814058956916098,0.17318435754189943,0.6320037986704654,0.024242424242424176,-0.06436877076411951,-0.20481927710843373,0.0,-0.09395278848866728
2017-08-31,0.07418896808594377,0.12443188190915166,0.0927586071328137,0.12315335278111772,0.011186791534352425,0.11882508675132097,-2.8068509948182427,-2.8068509948182427,-2.7857142857142856,-2.714285714285714,2.873354030617707,-0.3952058240359859,7.441944780143162,-40.938031700546254,0.5995018355196919,0.07686781609195403,0.07072691552062871,0.04237288135593231,0.025404157043879882,0.10000000000000009,0.36281640965958695,0.02366863905325456,-0.05858854860186413,0.030303030303030276,0.016759776536312776,0.0011417894955365604
2017-11-30,0.03817323277452811,0.04458414564269941,0.05124196648101531,0.05518169974556786,-0.010101915688625618,0.111984820314595,0.3965936207009786,0.3965936207009786,0.43999999999999995,0.45833333333333326,-1.0740540615240044,1.8890519949502362,-0.5000770840215836,-1.9947823708261208,-0.372849748596333,-0.01767845230153442,-0.1834862385321101,-0.2032520325203252,-0.0022522522522523403,-0.04329004329004338,-0.07536293766011959,0.023121387283236983,-0.04667609618104673,-0.2058823529411764,0.0,-0.010057024364955924
2018-02-28,-0.0027178109590075827,0.01647571382673063,0.002075015098301547,-0.06685275191165896,-0.020450359460866596,-0.05092281272401622,-0.41518927815659534,-0.41518927815659534,-0.41666666666666663,-0.4,-7.5645025845820815,-0.6236907713778572,-0.4476849200405304,-1.4384834366780042,0.260684642576696,-0.1049235993208828,0.17528089887640452,0.11224489795918369,0.0022573363431153126,-0.10407239819004521,0.08681597783421835,0.02259887005649719,-0.017804154302670572,0.11111111111111116,0.01098901098901095,0.08933808127356513
2018-05-31,-0.027223189731914954,-0.04323201171090829,-0.0221841390459403,-0.027144622516282246,-0.04774297301383157,0.02562694051669645,0.14026482255816441,0.14026482255816441,0.19047619047619047,0.19047619047619047,-1.2937527716816575,1.5071157879576202,-3.667025604211534,-2.3534836381580977,-0.2798736389185328,0.09863429438543259,0.5850860420650097,0.5321100917431192,-0.03153153153153154,0.09595959595959602,-0.06777140429148076,0.022099447513812098,-0.020644511581067393,0.4833333333333334,0.02717391304347827,-0.016536871454667867
2018-08-31,0.07786051822243456,0.12149993753701538,0.12150331837144401,0.09867893351363866,-0.10256306424663653,0.06159314998550669,-2.347264991420042,-2.347264991420042,-2.3600000000000003,-2.3600000000000003,-8.151557086728474,-0.592259746228251,-1.2979229285361806,-3.2045126545741804,0.8567732165103057,-0.027624309392265234,-0.5235223160434258,-0.5508982035928144,-0.06589147286821706,0.004608294930875667,-0.38878760255241573,0.021621621621621623,-0.16760925449871478,-0.5617977528089888,0.010582010582010692,0.020725388601036343
2018-11-30,0.06082665090218109,0.08885070748403656,0.07841128096168104,0.11125046726723031,-0.029914518958270575,0.12724627592180027,-3.156541159228112,-3.156541159228112,-3.264705882352941,-3.235294117647059,-1.1240772991573738,0.15576376108415602,4.909250614867239,-1.7813498674320405,-0.36053925874578385,-0.054332386363636354,0.7822784810126584,0.6400000000000001,0.014937759336099532,0.013761467889908063,1.1126025354213271,0.0,-0.08523780111179724,0.6153846153846154,0.015706806282722585,-0.020113015994636663
2019-02-28,-0.023613636109299674,-0.038279040363646155,-0.02346051035131258,-0.035275672590644014,-0.02364851293609227,-0.06751712769595508,-0.4550647249190939,-0.4550647249190939,-0.4285714285714286,-0.4342105263157895,-3.175280555767616,0.9683966720507116,-0.9844899345961098,-0.8779556378709705,-0.06881076666223274,-0.04130679684566274,0.2727272727272727,0.17886178861788626,-0.0122649223221587,-0.05429864253393668,-0.4879985880691845,0.021164021164021163,0.0,0.17460317460317465,0.010309278350515427,-0.003127748998142721
2019-05-31,0.010594477948068226,0.008640463887371386,0.011663025905131352,0.014880944702303722,0.004221581604341829,0.011309067593650246,-0.3544258692876444,-0.3544258692876444,-0.36363636363636354,-0.34883720930232553,-0.975478546861996,0.2172622273142486,-71.92579408543264,-0.006883220118514277,-0.07338693851068745,0.09674892283587933,0.0479910714285714,-0.020689655172413834,0.004139072847682224,0.11004784688995217,-0.1227163047225096,0.020725388601036343,-0.006752194463200523,-0.027027027027027084,0.0,-0.006177076183939589
