Quarter end,Assets,Current Assets,Liabilities,Current Liabilities,Shareholders equity,Revenue,Earnings,Earnings available for common stockholders,EPS basic,EPS diluted,Cash from operating activities,Cash from investing activities,Cash from financing activities,Cash change during period,Cash at end of period,Price,ROE,ROA,Book value of equity per share,P/B ratio,P/E ratio,Cumulative dividends per share,Equity to assets ratio,Net margin,Asset turnover,Current ratio
1993-12-31,0.012869169334445152,-0.005978607139258352,-0.03718072859003485,-0.039168871024998,0.059893017980672925,0.04618473818531066,0.0027472527472527375,0.0027472527472527375,0.0,0.04081632653061229,-1.9467192392438828,-4.212659204940177,-1.3314100572544494,-2.0785304719268316,0.6610348053745096,0.02960526315789469,-0.019128586609989506,0.5749385749385751,0.05494505494505497,-0.19476744186046513,-0.07588471360817228,inf,0.0463537626066719,-0.07692307692307698,0.012861736334405238,0.03454726864554769
1994-03-31,0.012869169334445152,-0.005978607139258352,-0.03718072859003485,-0.039168871024998,0.059893017980672925,0.04618473818531066,0.0027472527472527375,0.0027472527472527375,0.0,0.04081632653061229,-1.9467192392438828,-4.212659204940177,-1.3314100572544494,-2.0785304719268316,0.6610348053745096,0.02960526315789469,-0.019128586609989506,0.5749385749385751,0.05494505494505497,-0.19476744186046513,-0.07588471360817228,inf,0.0463537626066719,-0.07692307692307698,0.012861736334405238,0.03454726864554769
1994-06-30,0.037098777207017264,0.047161859271132034,0.03143675348250086,0.03514758822154551,0.04193124983378005,-0.032561624758248864,-0.003424657534246589,-0.003424657534246589,0.0,0.04081632653061229,-1.134514844014131,-0.47829168668909183,-0.8869961162448106,-1.8590611210885002,-0.3418768222954296,-0.15175718849840258,-0.019128586609989506,0.5749385749385751,0.04166666666666674,-0.19476744186046513,-0.07588471360817228,inf,0.004633920296571059,-0.07692307692307698,0.012861736334405238,0.011573236889692584
1994-09-30,0.36825599814225174,0.40060722202403265,0.8003945182109251,0.6721711192457982,0.0031455700763944883,0.3979306838615557,-1.42446735395189,-1.42446735395189,-1.4137931034482758,0.04081632653061229,-17.450442574582013,8.448637944136136,-65.75823654894525,-5.389829569840368,2.2803952734046304,0.05084745762711873,-0.019128586609989506,0.5749385749385751,0.0,0.0072202166064982976,-0.07588471360817228,inf,-0.266789667896679,-0.07692307692307698,0.012861736334405238,-0.16237635561911568
1994-12-31,-0.07059224266908715,-0.10115634777620608,-0.137672082700377,-0.11988682135078421,0.031125566460263876,0.11831400662490532,-3.3639896373056994,-3.3639896373056994,-3.4166666666666665,0.04081632653061229,-1.194243313980523,-0.8547935056516038,-1.319645700272679,-1.740700091146203,-0.5149041033421322,-0.07885304659498216,-0.019128586609989506,0.5749385749385751,0.030000000000000027,-0.07885304659498216,-0.07588471360817228,inf,0.1094614997483645,-0.07692307692307698,0.012861736334405238,0.021270541367290452
1995-03-31,0.04175932246778746,0.05108636946007272,0.030121169179371465,0.05642115090159883,0.05651808494526822,-0.037853969279435185,0.03452054794520554,0.03452054794520554,0.034482758620689724,0.04081632653061229,-1.2603308140396474,-0.30625020979490447,-1.1560023817157514,-0.9836325237592397,-0.017373226068878256,-0.07587548638132291,-0.019128586609989506,0.5749385749385751,0.04854368932038833,-0.10116731517509725,-0.07588471360817228,inf,0.014062145611249743,-0.07692307692307698,0.012861736334405238,-0.005015324602953508
1995-06-30,0.0672589375615229,0.03521027369798757,0.08988767790504948,0.04521338525857432,0.039279587236423996,0.12068011203126239,0.11255296610169485,0.11255296610169485,0.10000000000000009,0.04081632653061229,9.277575863729911,4.908503689367365,5.838593658250147,-22.809573361082204,0.3856017956360158,0.08842105263157896,0.024918743228602436,0.5749385749385751,0.03703703703703698,0.03463203463203457,0.07422029214370318,inf,-0.02616864236188765,-0.06060606060606066,0.03809523809523818,-0.00959115093811247
1995-09-30,0.024496335239264644,0.02560835101740322,0.0031789229996472823,0.004793013229692722,0.05213780144837998,0.055559753842444604,0.06974529873839552,0.06974529873839552,0.06060606060606055,0.04081632653061229,-0.36019922542382266,-0.5703400101544458,-0.5045669697002222,0.07273724891454747,0.29851420073559676,0.14700193423597674,0.5306553911205074,0.5749385749385751,0.044642857142856984,0.10878661087866104,0.08967291436971703,inf,0.027101515847496538,0.5080645161290325,0.04892966360856277,0.020711104827878524
1995-12-31,0.028068328879083504,0.03396506915092745,0.018571341459283408,0.022524728234257108,0.039809684161148606,0.003820133888991828,0.0625278148642634,0.0625278148642634,0.05714285714285716,0.04081632653061229,0.8829702930737113,-0.28670129127555155,-1.0805910006715918,1.2646607512175594,0.5206554527327574,-0.011804384485666009,0.022099447513812098,0.02808112324492984,0.03846153846153855,-0.05660377358490565,-0.37740303541315345,inf,0.011404293381037656,0.03743315508021383,-0.005830903790087438,0.01114958448753467
1996-03-31,0.05415405130671447,0.02359537590453753,0.053657189990288234,-0.008378507805765767,0.05475578613261578,0.033747097354825284,0.034554973821989465,0.034554973821989465,0.027027027027026973,0.04081632653061229,-0.5923751591455652,2.4093520374081496,-65.0725806451613,-0.5178965974370304,0.16506682356896696,0.15529010238907826,0.019594594594594783,0.02427921092564489,0.04938271604938249,0.1160000000000001,0.0866738894907908,inf,0.0004421843908910539,0.015463917525773141,0.0058651026392961825,0.032258064516129226
1996-06-30,0.008206877601911966,0.012037105865525755,-0.020261930991379407,-0.029010423508140204,0.042648743603452166,-0.10307769069506245,0.0506072874493928,0.0506072874493928,0.05263157894736836,0.04081632653061229,0.7680027763317716,-0.8472118813433128,-1.2531151667715545,0.0796415113555351,0.15296375389587902,-0.002954209748892156,0.0066269052352552205,0.02370370370370356,0.04313725490196085,-0.05017921146953408,-0.05882352941176472,inf,0.034254143646408775,0.055837563451776706,-0.03206997084548113,0.042263800424628295
1996-09-30,-0.018691829073893107,-0.028313953341117415,-0.06850912746228843,-0.09252414166291989,0.037941163543665946,-0.07511789753216425,0.016377649325626242,0.016377649325626242,0.02499999999999991,0.04081632653061229,-1.289576994798312,-0.19492177481405493,0.30150837062821156,-2.607395528723705,-0.21325323822038666,-0.12888888888888894,-0.003291639236339683,0.02315484804630974,0.037593984962405846,-0.16603773584905657,-0.1694915254237288,inf,0.05769230769230771,0.07692307692307687,-0.051204819277108404,0.07078744668661274
1996-12-31,0.0025868769705068573,-0.009263796644806144,-0.03416598067225152,-0.04256933026416754,0.04008299604427856,0.07337001586606173,0.03033175355450246,0.03033175355450246,0.024390243902439046,0.04081632653061229,-4.7346212506354854,0.3931188276521185,-0.8681864493122771,-1.9937206572769952,0.2693549669927622,-0.017006802721088343,-0.01056803170409526,0.021216407355021172,0.03985507246376829,-0.05429864253393668,-0.05484693877551017,inf,0.03737373737373728,0.05803571428571419,-0.031746031746031744,0.03477795612627066
1997-03-31,0.0762893171610457,0.10649056802336299,0.1254762927947286,0.1514796259490947,0.02968997034734988,0.009422366937315685,0.05059797608095673,0.05059797608095673,0.04761904761904767,0.04081632653061229,0.2682639077956257,0.4621541276011891,-0.9072463768115941,0.21218921632315602,0.2572244918419009,0.12456747404844282,-0.0006675567423229944,0.01939058171745156,0.027874564459930307,0.08133971291866016,0.08974358974358965,inf,-0.04323271665043804,0.06329113924050644,-0.042622950819672045,-0.03906698839480627
1997-06-30,0.05339484440127884,0.04661337340631433,0.06745938309394872,0.08629754537789736,0.03883069684379081,-0.017266154180040405,0.04816112084063051,0.04816112084063051,0.045454545454545414,0.04081632653061229,-0.30586762075134166,4.928995933687832,13.572916666666666,-1.9745201208223717,-0.19938399585343491,-0.01692307692307693,0.0006680026720105037,0.008152173913043459,0.037288135593220195,-0.03982300884955747,-0.05201238390092866,inf,-0.01384083044982709,0.04365079365079372,-0.03424657534246578,-0.036529953366017054
1997-09-30,0.14358881371194654,0.14483267828339041,0.23534707090458706,0.19248159389037967,0.028628339074225684,0.11362299704540235,0.05555555555555558,0.05555555555555558,0.04347826086956519,0.04081632653061229,-2.3115818772228236,-0.4496438934318122,-17.325947105075052,0.2162675598660202,-0.30289712528479473,0.1502347417840375,0.011348464619492793,-0.022911051212938127,0.03267973856209161,0.10599078341013835,0.10973220117570204,inf,-0.10051599587203297,0.0,-0.024822695035460973,-0.039962767607818805
1997-12-31,0.019600834718484172,0.018629904290553556,0.014612735954907086,0.016888842495655698,0.026561170245569032,0.056995543309223295,0.013850415512465464,0.013850415512465464,0.04166666666666674,0.04081632653061229,-1.6220231077576044,-0.40337423312883436,-1.1597197898423817,-1.005713346212339,0.0024824974996429106,-0.05306122448979589,0.010561056105610644,-0.02758620689655178,0.028481012658227778,-0.08333333333333326,-0.08946439081812818,inf,0.006883891693437283,0.0,-0.029090909090909167,0.0017452006980804846
1998-03-31,0.02034159648914713,0.02517002429335946,-0.0011534189955028085,0.013075940691808174,0.04753966394530851,0.03637142817645178,0.03981264637002346,0.03981264637002346,0.040000000000000036,0.04081632653061229,0.39689158453373774,-0.22308804627249357,-1.2538377192982457,83.71942446043165,0.20979494397035503,0.025862068965517127,0.0032658393207052328,-0.017021276595744594,0.03692307692307706,0.0,-0.012928248222365935,inf,0.026435733819507812,-0.0076045627376425395,-0.0074906367041198685,0.011937024132146146
1998-06-30,0.009446866221059835,-0.013758268738514934,-0.0033904439005343345,-0.005680226493816165,0.024088957961169832,0.0004916383371191824,0.04204204204204198,0.04204204204204198,0.03846153846153855,0.03921568627450989,-0.12351876978742649,0.5980767242270706,-5.970842332613391,-1.0569802989130435,-0.009881160999602345,0.11624649859943981,0.005859375,-0.00721500721500723,0.035608308605341366,0.07272727272727253,0.07596594629993447,inf,0.014653641207815316,-0.00766283524904221,0.0037735849056603765,-0.008161703755658944
1998-09-30,0.03320371728090343,0.09059536907333299,0.02665918104066134,0.10401505796597577,0.039913201735965353,0.03798230209853082,0.03566282420749278,0.03566282420749278,0.03703703703703698,0.037735849056603765,0.710150162547087,-2.808735037204788,5.106235064088638,-51.80774962742176,0.507049794752811,-0.08531994981179425,-0.0012944983818770073,0.013081395348837122,0.0372492836676217,-0.11440677966101698,-0.1168594035301278,inf,0.006564551422319376,0.0,0.011278195488721776,-0.01215043394406956
1998-12-31,0.009041609235543868,0.004452241756727426,-0.015546645754748845,-0.0076883816391021265,0.03716697405796898,0.01870908076685951,0.05426086956521736,0.05426086956521736,0.05357142857142838,0.05454545454545445,-0.5447934582541263,-0.974422265149889,-0.9335041092966165,-0.6237533732253902,0.12658889941575868,0.16049382716049387,0.005832793259883395,0.024390243902439046,0.035911602209944826,0.11961722488038284,0.12129565816678145,inf,0.027826086956521667,0.019305019305019266,0.0074349442379182396,0.012234804112976727
1999-03-31,0.536668343990476,0.374073702744109,0.9879260054176968,0.5941463574781951,0.04932906552027605,0.40474303459108163,0.06697459584295617,0.06697459584295617,0.06779661016949157,0.051724137931034475,0.0676123558265942,-298.6363636363636,-85.28624933119315,-4.1676931472674825,-0.35593710306162674,0.15248226950354593,0.011597938144329856,-0.08683473389355756,0.040000000000000036,0.11111111111111116,0.10448678549477552,inf,-0.31725888324873097,-0.06060606060606066,-0.029520295202952074,-0.13803523209463797
1999-06-30,0.025195237935501602,0.03814269877803067,0.01708544984114302,0.09388246843068138,0.045706326646231865,-0.010218317317925663,0.036487322201608,0.036487322201608,0.031746031746031855,0.032786885245901676,0.6629827393517944,-0.9611484422724496,-1.2480400683040163,-0.470761961015948,-0.29247990424765036,0.003076923076922977,0.005095541401273884,-0.0782208588957054,0.04615384615384621,-0.034615384615384714,-0.04117974401780733,inf,0.020136307311028556,-0.048387096774193505,-0.03041825095057038,-0.050943536958305335
1999-09-30,-0.04940916541498652,-0.10033970616341659,-0.10525885077573982,-0.08222281491708372,0.061584722465376274,-0.004986364902416773,0.03579952267303099,0.03579952267303099,0.030769230769230882,0.031746031746031855,-0.1108124253285544,-0.9666182873730044,-0.4308491580078825,-1.0680338541666667,0.028124339183759783,-0.09611451942740279,-0.0012674271229404788,-0.04658901830282869,0.05147058823529416,-0.13545816733067728,-0.13406848520023218,inf,0.1166109930154875,-0.03389830508474567,-0.0117647058823529,-0.019726501100282845
1999-12-31,0.0015587787435686895,0.00711466242701686,0.01269368817298444,0.030002632559634312,-0.017759523262992016,0.05342318789254952,-1.332315668202765,-1.332315668202765,-1.328358208955224,-1.3384615384615384,-0.06995297279140078,35.46376811594203,-0.6233193938576375,0.1845522898154477,0.032403425451553725,-0.0803167420814479,-0.34137055837563446,-0.37521815008726,-0.011655011655011593,-0.12442396313364057,-0.11729222520107241,inf,-0.019037258634756582,-0.3771929824561403,-0.003968253968254065,-0.022288142387557164
2000-03-31,0.06278598595191176,0.07044940807908429,0.07548744864887191,-0.015806603123812324,0.041543013241126525,0.08986785121025154,-4.137458831686601,-4.137458831686601,-4.136363636363637,-4.136363636363637,-2.763972911963883,2.484300476947536,-8.985794437149337,-5.250432775533756,-0.13340577741555737,-0.08856088560885611,0.010597302504816941,0.033519553072625774,0.03301886792452824,-0.07894736842105254,0.34776006074411536,inf,-0.020238425284169748,0.014084507042253502,0.0239043824701195,0.08765887658876581
2000-06-30,0.0486442288295974,0.06956207775961198,0.05388794848139855,0.0492673804276158,0.04050032893447009,-0.027184199573825785,0.05524861878453047,0.05524861878453047,0.05797101449275366,0.04347826086956519,-2.255118755118755,0.44139622426281866,-0.7534717550861773,-2.910263372250882,0.2940709314719221,0.11605937921727394,0.019065776930409895,0.03243243243243232,0.038812785388127935,0.07999999999999985,0.06478873239436611,inf,-0.007640067911714676,0.02083333333333326,0.011673151750972943,0.01937575392038604
2000-09-30,0.016430273759579617,0.011564328284761283,0.005858970360234972,0.09906062919361958,0.037460483617711704,0.014453946478781399,0.023560209424083878,0.023560209424083878,0.027397260273972712,0.0277777777777779,0.0029159869494290724,-0.7817545109211776,-2.950339558573854,-0.7208442896737972,0.06343669250646,0.10761789600967364,0.018709073900841977,0.01308900523560208,0.02857142857142847,0.06349206349206349,0.05343915343915362,inf,0.020815511833475853,0.013605442176870763,0.0,-0.07965387175504779
2000-12-31,0.010294890983374438,0.03173357241813668,-0.006115688824155807,0.0060816274604709175,0.0394637801361335,0.06774669138052491,0.028132992327365658,0.028132992327365658,0.01333333333333342,0.013513513513513598,-0.2498424252282293,-1.421176683890853,-0.11148764184672777,2.641038696537678,0.21719718138743782,0.18886462882096078,0.44995408631772293,0.4599483204134367,0.040598290598290676,0.15920398009950265,0.13360120542440979,inf,0.028770949720670513,0.4563758389261745,0.0,0.02555448408871741
2001-03-31,0.036342758760728344,0.05166230272576411,0.027381365823109016,-0.013807698009656644,0.05229480158183186,0.08683659390732923,0.07263681592039806,0.07263681592039806,0.06578947368421062,0.053333333333333455,-1.2020598997154086,-4.725355144210074,-2.53315371426572,0.2171025031464131,0.21718028696194636,0.16253443526170797,0.0018999366687777464,0.015929203539823078,0.03901437371663241,0.11587982832618016,-0.22640673460345584,inf,0.015476513711648154,0.009216589861751112,0.007692307692307665,0.0663689076947187
2001-06-30,0.044389696010508795,0.018576116267232656,0.053498279897857826,0.059955314639761115,0.030335623464124106,0.031239695445646865,0.04452690166975892,0.04452690166975892,0.03703703703703698,0.03797468354430378,-5.336016096579477,1.4289345967182805,-0.6799570932992514,-0.8636180846785776,0.024334491630533917,0.3041074249605056,0.0025284450063209896,0.015679442508710784,0.031620553359683834,0.2538461538461536,0.2605956471935853,inf,-0.013636363636363669,-0.0091324200913242,0.022900763358778553,-0.03901829671540891
2001-09-30,0.028564558438735954,0.005971018868887512,0.010098449095358175,-0.025784097118616067,0.059665627534786436,-0.0623112547615412,0.04706927175843689,0.04706927175843689,0.059523809523809534,0.04878048780487809,-2.4433720030935806,-0.7876784015223597,-0.7938386935748414,-22.342881213142377,-0.5070298505969119,-0.08176862507571181,0.0025220680958386588,0.0171526586620927,0.05363984674329503,-0.11042944785276065,-0.11131303952748761,inf,0.030360531309297834,0.02304147465437789,-0.003731343283582156,0.032573788040984875
2001-12-31,0.02888750449570976,-0.00679167032179584,0.024699497261339687,0.09181213685972778,0.03588875314506068,0.052902895471186095,0.09711620016963529,0.09711620016963529,0.0786516853932584,0.09302325581395343,-2.1896821484450353,5.583015908581672,0.6195088204773436,-0.9159627378226889,-0.08643403771593283,0.11345646437994716,0.02075471698113196,0.030354131534570117,0.03454545454545466,0.05862068965517242,0.07208588957055206,inf,0.006840305182846507,0.04054054054054035,-0.0074906367041198685,-0.09034360189573465
2002-03-31,-0.027109541147764205,-0.04657812378622439,-0.0791497942788375,-0.08350327063953944,0.056299752055330776,0.11517857663885711,0.03904136064940089,0.03904136064940089,-0.47916666666666663,-0.4787234042553191,-0.12920892860359956,-0.8451837985023826,-7.784066638188809,-3.1432597463597935,0.20277746917009232,-0.029028436018957215,0.010474430067775709,0.03927986906710301,0.047451669595782064,-0.061889250814332275,-0.08297567954220308,inf,0.08570681996341789,0.02164502164502169,0.015094339622641506,0.040296320416802534
2002-06-30,0.05267969939477313,0.08635076041171397,0.051419230361684054,0.05617386169625549,0.053868866534682924,0.019632639142656005,0.038690476190476275,0.038690476190476275,0.020000000000000018,0.020408163265306145,-0.3302575773249198,-0.6181158623722106,-0.014797090954884573,-1.420994959456498,-0.07097596571280784,0.16351433801098225,0.0030487804878047697,0.03307086614173227,0.052013422818791843,0.11111111111111116,0.10192407696307848,inf,0.0009626955475330323,0.021186440677966045,0.01115241635687747,0.028562485327490394
2002-09-30,0.020289572406815504,0.0016171304872247827,0.027210627261647247,-0.00010263432605039924,0.010515256353333724,0.036454707036562395,0.03939828080229235,0.03939828080229235,0.05882352941176472,0.040000000000000036,-0.24165945879154827,5.102475532527346,-0.7977502955932636,-0.5262883914627798,-0.036190817077293214,-0.14892501310959616,0.013373860182370745,0.03353658536585358,0.0031897926634769647,-0.19062500000000004,-0.18971212836243512,inf,-0.009377254147631575,0.0,0.03308823529411753,0.0017498478393183081
2002-12-31,-0.010741440778406441,-0.01001125240152101,-0.05135264678499196,-0.06228787291485749,0.047778971684118376,0.005725641266870252,0.038594073053066946,0.038594073053066946,0.0185185185185186,0.03846153846153855,-0.10314065746058898,-0.8426415094339623,0.9021962395323115,-5.829120879120879,0.18133239802760537,-0.014171287738755423,-0.0029994001199760145,0.029498525073746285,0.0476947535771064,-0.019305019305019266,-0.05882352941176483,inf,0.05898058252427174,-0.004149377593360981,0.03558718861209975,0.055745424166476765
2003-03-31,0.0033405736583811407,0.009517760580556534,-0.04564762814829337,0.044636452935195026,0.06629188913892503,-0.01318968063806747,0.0444591904445919,0.0444591904445919,0.036363636363636154,0.03703703703703698,1.6453649452695642,-0.2086330935251799,1.8271451117202426,1.2330185459096596,0.34276432987530137,0.21062500000000006,-0.004211793020457155,0.024355300859598694,0.05614567526555381,0.15748031496062986,0.16955445544554437,inf,0.06280082512033003,0.029166666666666563,-0.003436426116838587,-0.03359470541687648
2003-06-30,0.0,-5.33700628843059e-05,-0.04607904780503669,-0.05424734140459875,0.05280857459550248,-0.059455050116164365,0.04383735705209646,0.04383735705209646,0.03508771929824572,0.03571428571428559,-0.37941040124993564,-0.9795454545454545,-0.7884592784110942,0.6862835014776316,0.43045367046459604,0.048012390294269514,-0.0030211480362537513,0.039160839160839345,0.050287356321839116,-0.006802721088435382,0.013227513227513255,inf,0.0528358852706492,0.04858299595141702,-0.01379310344827589,0.05724281673366094
2003-09-30,0.005401631623769498,-0.004290360954841366,-0.025938140865204296,-0.10865318451652028,0.03813602679655648,-0.06002537341802927,0.020389531345100353,0.020389531345100353,0.033898305084745894,0.01724137931034475,-0.13849771752662887,214.2962962962963,-0.7655555555555555,-0.5112252606133857,0.147082624864747,0.08965517241379306,-0.013939393939393918,0.036339165545087315,0.03146374829001375,0.03767123287671237,0.050130548302872,inf,0.03256861941827105,0.06949806949806958,-0.027972027972028024,0.11708793916778149
2003-12-31,0.030587664844867746,0.06600886303122255,0.013751169317118839,0.025198965022063646,0.04704168116444585,0.06764326896850115,0.008052490307187687,0.008052490307187687,0.0,0.0,0.25122836314589425,-0.2453982453122312,0.25296208530805697,1.1288946587537092,0.2729737228013158,0.037522603978300095,-0.020897357098955238,0.018181818181818077,0.04509283819628651,0.0033003300330034513,0.005469915464942687,inf,0.015869867089863154,0.05054151624548742,-0.028776978417266008,0.03983360645405254
2004-03-31,0.030371623721325403,0.047787903285073874,0.009910731512650761,0.009229110064914892,0.049813087504082976,-0.009906363065343204,0.028846153846153744,0.028846153846153744,0.016393442622950838,0.033898305084745894,-0.6709357835840049,0.1093126638550097,-8.170212765957448,-0.6689607108633155,0.07098734681677787,-0.020043572984749458,-0.020715630885122405,0.008928571428571397,0.043147208121827596,-0.0625,-0.041048466864490485,inf,0.018941612966217658,0.04123711340206193,-0.03333333333333344,0.038186446842041644
2004-06-30,0.013778154851330049,0.009221531796842042,-0.00835035165933129,-0.020110463700944936,0.03394388169608131,-0.00386872666574134,-0.1393242271746945,-0.1393242271746945,-0.14516129032258063,-0.14754098360655732,0.15615006629748063,1.7211261816687218,-0.30128585558852616,-0.8850877192982456,0.007616633331782863,-0.04802134281903059,-0.06153846153846154,-0.041719342604298326,0.03284671532846706,-0.08771929824561409,-0.06807632800412589,inf,0.019931008049060894,-0.01980198019801982,-0.02298850574712641,0.0299509574964969
2004-09-30,0.1516446314815474,-0.00917202158488506,0.2688570532810328,0.10651992953520328,0.05014654636455296,0.08588379471495333,0.018042098229201553,0.018042098229201553,0.018867924528301883,0.019230769230769162,0.42724144909937256,4.969073332829847,5.389769724424311,-56.89847328244275,-0.42253984374098397,-0.09855207846800562,-0.0648907103825137,-0.07651715039577833,0.043580683156654754,-0.12692307692307692,-0.0752628666297731,inf,-0.08812476512589251,-0.05387205387205385,-0.019607843137254832,-0.10452922169945011
2004-12-31,0.06536944652069199,0.12319372264107575,0.09506290782101567,0.10711546928623705,0.03417520126324969,0.05561798030083431,0.06760748276993755,0.06760748276993755,0.05555555555555536,0.05660377358490565,1.9329268292682928,-0.9474420046434242,-0.7074557646294273,-1.9375776694388682,0.6860454659005746,0.1093264248704664,-0.0496712929145362,-0.07000000000000006,0.031602708803611934,0.06607929515418509,0.1388390185517654,inf,-0.029260251390892167,-0.042704626334519546,-0.03200000000000003,0.014496423371526124
2005-03-31,0.020409920654524294,0.03695413703425232,-0.0055435847883413825,0.006307727558843679,0.04921616280568886,0.07784228161770446,0.0962188748847217,0.0962188748847217,0.10526315789473695,0.08928571428571419,-1.484359135521926,1.171641791044776,0.6403291765537436,-1.1979142391051036,-0.08053054862473408,0.18449322746380203,-0.03382013835511133,-0.05069124423963145,0.040481400437636594,0.1446280991735538,0.20073568050446666,inf,0.028231797919762158,-0.044609665427509326,-0.008264462809917328,0.030450517908398922
2005-06-30,0.025835235802545986,0.0557985622456354,0.007236354976293047,0.03327505705491918,0.04546788344728414,0.04760861628331514,0.12310712282669667,0.12310712282669667,0.11111111111111094,0.11475409836065587,-2.6570506421774143,-0.5128034585966079,-0.7362880886426593,-4.429275831616132,0.3003487105444653,0.03272870662460581,0.03261734287987261,0.016181229773462702,0.035751840168243953,-0.0072202166064981865,0.03238512035010932,inf,0.018992568125516085,0.011673151750972721,0.004166666666666874,0.02179968511565944
2005-09-30,0.019091394411305362,0.0037879470182771158,0.037351654785866106,-0.005710457393832913,0.0004648666095963261,0.04859193663145511,0.06816479400749054,0.06816479400749054,0.0714285714285714,0.0588235294117645,0.5970161241742133,2.7758816837315132,-2.307539682539683,-0.18215764963409664,0.18890155645880835,0.1748759068346697,0.055469953775038716,0.05414012738853513,-0.0050761421319796,0.13454545454545452,0.09622721492157682,inf,-0.018233387358184805,0.030769230769230882,0.024896265560165887,0.009541306151475748
2005-12-31,0.061638571436461564,0.09252963330444719,0.05461971746935834,0.0854036772619875,0.06929430969576789,0.10793249439438646,0.005726975222066333,0.005726975222066333,-0.013333333333333308,0.0,-0.6192901059937385,-0.5657426935824044,-2.284923681156833,-0.17833057807866903,0.13055297291212398,0.04094897627559324,0.02700729927007295,0.03625377643504524,0.06530612244897949,0.04807692307692313,-0.03596287703016243,inf,0.0072224515063969985,0.0,0.036437246963562764,0.006574699148811147
2006-03-31,0.06910914474582008,0.11298858527645073,0.08697493917121957,0.11881663331944692,0.05080340613372991,0.08850354448997244,0.03428239395700183,0.03428239395700183,0.027027027027026973,0.0277777777777779,2.0394002443938044,0.5200166516339415,0.8400833622785691,2.074889023728164,0.35507925151754294,0.22978457695910093,0.012793176972281328,0.010204081632653184,0.046934865900383205,0.15290519877675846,0.15764139590854387,inf,-0.017209588199139425,-0.018656716417910446,0.03125,-0.00519041231702333
2006-06-30,0.0535685877287253,0.0863485992572004,0.06778358360573011,0.08182556214954162,0.038381113037453396,0.051090616387895915,0.13779775280898887,0.13779775280898887,0.14473684210526305,0.1351351351351351,-1.27384548516788,-0.35078510133284646,-0.22693295077016007,-1.2897158406381122,-0.07591591689663246,0.027164254887027228,0.021052631578947434,0.010101010101010166,0.034766697163769456,-0.018567639257294433,-0.01975051975051978,inf,-0.014383989993746127,-0.011406844106463976,0.01893939393939381,0.0041622699026850896
2006-09-30,0.013957583300498566,0.029011035785786676,-0.03618865635097546,0.009490927917813252,0.06941270794244514,0.02763138015161437,0.15985937746879442,0.15985937746879442,0.16091954022988508,0.15476190476190488,-6.016427267677169,0.19693454264219934,-1.6368608682912535,-4.38827746908048,0.2783558287267598,-0.026198714780029664,0.03024054982817881,0.03857142857142848,0.06542882404951378,-0.05945945945945952,-0.07776599505125481,inf,0.05478003384094743,0.019230769230769162,0.01858736059479571,0.019323953529102544
2006-12-31,0.041538478788906597,0.05167162551891935,0.02961221695392502,0.014626462862384004,0.05315152886354402,0.019813660548145817,0.043183598406157486,0.043183598406157486,0.02970297029702973,0.04123711340206193,-0.40998544580143015,1.1460291353383458,-2.044628479411088,-0.4662702611198104,0.11621708169476141,0.0020304568527917954,0.03735823882588396,0.04676753782668497,0.05145228215767639,-0.05747126436781613,-0.07435799156765044,inf,0.011229195909364442,0.04528301886792452,0.0,0.036540664375716014
2007-03-31,0.01845224277779467,0.019157402748472885,-0.012062373895379785,0.012511075098634583,0.05364343567778174,0.03626242749595243,0.09735235545689003,0.09735235545689003,-0.451923076923077,-0.4554455445544554,-0.3744637494637495,0.13031696501888645,-1.6000146810540996,-1.0720770725131825,-0.007504442605255179,0.08383991894630194,0.04887459807073946,0.07095926412614983,0.044988161010260486,0.030487804878048808,-0.004554865424430621,inf,0.034503271861987095,0.07220216606498209,0.0036496350364962904,0.006575312189192273
2007-06-30,0.048649314664857446,0.0411660101871929,0.035885103023681086,0.036933887164011026,0.060354063665099655,-0.0038318041175998685,0.1119209829530241,0.1119209829530241,0.10526315789473695,0.1090909090909089,0.26007286755250747,0.4622593534326189,-0.2635184732077318,1.1350385038503852,-0.01614342129068347,0.24444963776583317,0.040465971796443956,0.06871165644171762,0.05438066465256797,0.18934911242603536,0.13019966722129794,inf,0.011117500479202347,0.08080808080808066,-0.010909090909090868,0.004062139759565264
2007-09-30,0.06768448975336061,0.12290399253131756,0.030590174339991005,0.150824913199062,0.10097045287203521,0.0942463102699107,0.12230100334448157,0.12230100334448157,0.11111111111111094,0.11475409836065587,2.0753295348243896,-0.5432068097509274,2.2764119601328905,-19.06492335437331,0.29641481757039534,0.2576525821596245,0.0259281084266354,0.04936854190585538,0.09312320916905437,0.19402985074626877,0.14648509385351471,inf,0.031090047393365072,0.05607476635514019,-0.007352941176470562,-0.0242742332294571
2007-12-31,0.08201902330811084,0.004074487352935252,0.08466799680146564,0.07031150846812295,0.07979662215742356,0.08409745494544252,0.1725790301816621,0.1725790301816621,0.17142857142857149,0.1617647058823528,-1.12480781355426,6.3401732951455605,-1.5066416548367472,-2.530056047576263,-0.34983500502158626,0.2975959384799165,0.051120045950603155,0.07002188183807445,0.07536041939711668,0.18541666666666679,0.18972712680577852,inf,-0.0020224305938593146,0.07079646017699104,-0.0037037037037037646,-0.061859135989241976
2008-03-31,0.05713883718736179,0.06903854224958028,0.05169094227534621,0.061190968699631476,0.05940736796632473,0.0780709089710121,0.009576090271424142,0.009576090271424142,0.0,0.012658227848101333,-2.2854167589843577,-0.6948692113165797,1.0798558991293907,-0.9707883600842607,-0.01571793971613422,-0.019102416570771164,0.022404371584699323,0.0327198364008181,0.05545399146861674,-0.08787346221441128,-0.12547220723151664,inf,0.002210759027266196,0.03305785123966931,0.0,0.0074060801528998965
2008-06-30,0.03732502443918828,0.05321526077219918,0.011193005619188234,0.019898191449737146,0.058682428604009296,0.09536684636786186,0.09429877557596256,0.09429877557596256,0.08536585365853666,0.08749999999999991,4.7562741312741315,-0.08815435915698144,0.48234218629715175,-23.927728142948308,0.366131481330507,0.0037541060534960202,0.020309994655264507,0.03366336633663369,0.05311778290993052,-0.048169556840077066,-0.08330762110459722,inf,0.020588235294117574,0.008000000000000007,0.026022304832713727,0.032667338590146366
2008-09-30,0.06379426697015522,0.06788532431053484,0.13681196648307892,0.06652721306508469,0.005524874250440348,0.0951356440226152,0.05250420972238845,0.05250420972238845,0.05617977528089879,0.05747126436781613,-0.16161410485213623,0.5858836895547823,0.2075367587393293,-0.5254573414700336,0.12718029625734073,-0.2205469845722301,0.02776322682032495,0.01724137931034475,0.00164473684210531,-0.2591093117408907,-0.2850891955570516,inf,-0.05475504322766567,-0.01058201058201047,0.02898550724637694,0.001263061201056459
2008-12-31,0.005164275573261712,0.01934889903913639,-0.04280252778486304,-0.013997490166436588,0.048587909833966325,0.011271902424466296,0.01719661138455897,0.01719661138455897,0.010638297872340496,0.021739130434782483,0.4503185896336934,-0.8285685501925315,-0.8078111980216649,1.6899423728316494,0.30350749478839223,-0.3988603988603988,0.0005096839959224386,0.0028248587570620654,0.047071702244116054,-0.4016393442622951,-0.44161958568738224,inf,0.04325457317073167,-0.02406417112299475,0.028169014084507005,0.03377293577981644
2009-03-31,-0.027550663530164665,-0.040107753024133164,-0.12438226616828751,-0.14208227674296414,0.052230576909517046,-0.07956344216344902,-0.060704770090245,-0.060704770090245,-0.06315789473684208,-0.06382978723404253,-1.009372860569464,-0.8804440091413647,-2.044895104895105,-1.082934487533116,-0.019310390345566364,0.058618109254177986,-0.01782985226693834,0.00375586854460086,0.04913748039728172,0.013698630136986356,0.013490725126475533,inf,0.08200913242009134,-0.002739726027397138,0.006849315068493178,0.11891951855344174
2009-06-30,0.05827103043984061,0.07508413204271402,0.0626382197211619,0.06921684922593463,0.05548731085981462,-0.09031501768470807,-0.13164420287865897,-0.13164420287865897,-0.1348314606741573,-0.13636363636363635,-148.14713610089333,19.318405243036594,-4.686387364475974,-19.852241356645195,0.37121239574866816,-0.009189443920829432,-0.06898340248962664,-0.05332086061739938,0.05132037867463879,-0.05405405405405406,-0.030782029950083167,inf,-0.0027008777852802757,-0.013736263736263798,-0.04081632653061229,0.005452832994596868
2009-10-02,0.0006955089733762243,-0.02578964833083308,-0.004491352152918737,-0.09144441227176581,0.0043076511196527,-0.05696073925527689,-0.16420442571127503,-0.16420442571127503,-0.15584415584415579,-0.17105263157894735,-0.8131711550205163,0.0903690562589039,-3.404524163973712,-1.090130326548543,-0.02439993581696509,0.021403091557669507,-0.11532033426183841,-0.0879446640316206,0.0009478672985780978,-0.02857142857142858,0.053218884120171506,inf,0.0035545023696681444,-0.027855153203342642,-0.06028368794326244,0.07227727653700144
2010-01-01,0.056885066072590584,-0.016170950760506897,0.08902093828023316,0.11915339211868803,0.03502591289201118,-0.029289176653750193,-0.08674054742362924,-0.08674054742362924,-0.09230769230769242,-0.07936507936507942,3.594559981649973,7.066264020707507,-2.621959138063815,-1.8285559552821942,0.020722335792976,-0.05005820721769516,-0.1410579345088161,-0.12892741061755142,0.03314393939393945,-0.05392156862745101,0.03585982070089666,inf,-0.020576825771631002,-0.04871060171919772,-0.08679245283018866,-0.120925100004598
2010-04-02,-0.006348418215349705,-0.022554953852900517,-0.060592543540974986,-0.06730000165481631,0.03267463559940653,0.04406718097010032,0.06989521929400722,0.06989521929400722,0.06779661016949157,0.06896551724137945,-1.5125536154828616,-0.7590187281484561,-1.1364012996806658,-11.08361734908259,-0.20471395343106125,-0.0034313725490195957,-0.11730205278592376,-0.11318407960199006,0.028872593950504122,-0.03626943005181338,0.12273800157356396,inf,0.03926295849836414,-0.05421686746987964,-0.06198347107438018,0.047962759558554335
2010-07-02,0.0021402668173498007,0.023196806292960614,0.0024198614657866546,0.010343711050294635,0.0018904804014971965,-0.03063386025526349,-0.754283870967742,-0.754283870967742,-0.7619047619047619,-0.7580645161290323,-1.9660395123455787,-1.1325664861574363,-1.6111528223329465,-1.4751482769317672,0.1223075428725342,0.05263157894736836,-0.24750830564784054,-0.24403927068723696,-0.0035634743875277985,0.026881720430107503,0.1583742116327962,inf,-0.000331400165700213,-0.21974522292993626,-0.03083700440528625,0.012727091235775534
2010-10-01,0.004965053029795996,-0.002220899242427743,-0.013019646399534679,-0.09310396298231216,0.01673115220483634,-0.06567386774865669,3.043165467625899,3.043165467625899,3.0,3.1333333333333337,-1.32948797660858,1.033387544245671,-1.679472861291043,-1.027654619334847,-0.003013762636989159,-0.130841121495327,-0.02980132450331119,-0.022263450834879572,0.013410818059901741,-0.13089005235602091,0.13672111312764668,inf,0.011768606000331694,0.012244897959183598,-0.036363636363636376,0.1002414863732688
2010-12-31,0.047549732414131185,0.025358126114457313,0.07297240390128801,0.012482925935876521,0.03088825371242465,0.005608969229199845,-0.14508922773203103,-0.14508922773203103,-0.11666666666666659,-0.16129032258064513,-4.577024097921713,-3.7442013643848506,-3.9493754109138726,-36.53241719520789,0.10740997952797171,0.14731182795698916,-0.04664391353811159,-0.03795066413662229,0.028672254080282178,0.1325301204819278,0.1527408195848856,inf,-0.01589121887287026,-0.01612903225806439,-0.02358490566037752,0.012721164613661795
2011-04-01,0.14897722186850615,0.03394356919070818,0.32608794784101236,0.18439269279040582,0.031706351347087436,0.08566468959224172,0.21917870653115168,0.21917870653115168,0.2075471698113207,0.21153846153846145,-1.4508779308919038,8.84390001371554,18.311524743646903,-3.8933866185380945,-0.28063553987128764,0.17924086223055302,-0.00835322195704069,-0.03944773175542404,0.028301886792452935,0.14893617021276606,0.21652816251154205,inf,-0.10204761112035965,0.016393442622950616,-0.05314009661835739,-0.1270290592242027
2011-07-01,0.07125427020265485,0.06518189447877187,0.11513203014188855,0.4329412698711721,0.03322602636337901,0.07277593259776327,0.12991900311526483,0.12991900311526483,0.125,0.12698412698412698,-2.3110078107706418,-0.7257038359385205,-0.6881676988162504,-1.0887953607611423,0.03464048529838437,-0.08225710311941192,0.25992779783393516,0.21149897330595469,0.027105921601334293,-0.10648148148148162,-0.08690702087286539,inf,-0.03559510567296997,0.2661290322580645,-0.04081632653061229,-0.25667527993109385
2011-09-30,0.0016741959397064132,0.010441555515587675,-0.055470647810102025,-0.03369776248171785,0.05447280465637516,-0.007609929093520873,0.03974590850941806,0.03974590850941806,0.0277777777777779,0.04225352112676051,-0.07681267789087753,-0.9248288823701221,-0.21889170630587274,4.087772116720704,0.17034216011754677,-0.1809915566139857,0.01623686723973261,-0.008474576271186307,0.04993909866017043,-0.20207253886010357,-0.36616791354945966,inf,0.052864282968089205,0.015923566878981,-0.02659574468085102,0.045736486947038246
2011-12-30,0.012703184499426978,0.00036993012818009596,-0.01926271889328235,-0.01686066145298082,0.038089784810569904,-0.03360891860778947,-0.04847263470513363,-0.04847263470513363,-0.04054054054054057,-0.05405405405405406,0.9097025356970228,6.250696849396064,-1.1466737752502814,-0.5933360644544585,0.0591895392504469,-0.02405498281786933,0.03195488721804507,0.017094017094017033,0.035189481825212754,-0.07142857142857151,-0.06885245901639347,inf,0.025013693627898625,0.043887147335423426,-0.021857923497267784,0.01746838743318979
2012-03-30,0.03354322161509238,0.03378195047618804,0.035841351440715874,-0.09606567342692418,0.030889639649462897,0.027009599630362535,-0.06439638836250139,-0.06439638836250139,-0.07042253521126751,-0.07142857142857129,-1.1651776552516726,-0.7472769422537016,-1.2491114701130857,-1.7038653831803596,-0.03933334514827935,0.20124593716143013,-0.02823315118397074,-0.018487394957983128,0.026522226372805324,0.16083916083916083,0.12323943661971826,inf,-0.0026718916993232478,-0.0030030030030030463,-0.016759776536312887,0.14368994234465093
2012-06-29,0.023815931406226065,0.012325961297577903,0.008234047278156797,-0.14095084066395802,0.031384769169411575,0.02590708847805523,0.1664065385486042,0.1664065385486042,0.16666666666666674,0.1692307692307693,-1.8141721196057317,0.6927721950769798,-1.5979247730220494,-0.3925523456135701,-0.024871216387938433,-0.11386696730552437,-0.016869728209934487,0.003424657534246478,0.02547307132459964,-0.13855421686746983,-0.11974921630094049,inf,0.007501339524915274,0.018072289156626287,-0.017045454545454586,0.17840138912227643
2012-09-28,0.05505010592254589,0.09275779019558184,0.1032842697297216,0.11193908257254437,0.017990880266995912,0.004836498160392333,0.09715015321756892,0.09715015321756892,0.07792207792207795,0.09210526315789469,7.042626786713464,0.003975710045475589,-5.563991323210412,-6.8409616475413415,0.14897706179027548,0.01730279898218834,0.0057197330791229906,0.0034129692832765013,0.015613910574875822,-0.006993006993006978,-0.0007122507122506727,inf,-0.03510015954617984,0.029585798816567976,-0.023121387283236983,-0.01725449187185102
2012-12-28,0.014218283884058769,0.023060139637111732,-0.003956119438644601,0.0021453282443797406,0.028637682529866648,-0.009562553722967992,-0.07821359078679091,-0.07821359078679091,-0.07228915662650592,-0.0843373493975903,0.5602238947568148,-0.3123491279937074,-2.249049429657795,0.5633791243678521,0.20270868423575994,0.02351175587793919,-0.0018957345971563067,-0.006802721088435382,0.026205450733752578,0.007042253521126751,-0.007840342124019961,inf,0.01414661032518838,0.011494252873563315,-0.017751479289940808,0.02089480048367598
2013-03-29,-0.009362839099638198,-0.014577964004706456,-0.06061680567156946,-0.05514964587617088,0.03302911720738888,0.027337976207774783,0.05444904555095453,0.05444904555095453,0.051948051948051965,0.05263157894736836,-0.9757344327021692,0.33479272669901006,2.7810121765601217,-1.3609284813271665,-0.060832135422329014,0.19794721407624638,0.023741690408357163,0.03253424657534243,0.02962206332992845,0.16783216783216792,0.17385057471264376,inf,0.04275362318840581,0.03977272727272729,-0.012048192771084376,0.04292414838679104
2013-06-28,0.025905845266643857,0.04359630822564653,0.01580127138739984,0.04780370973084991,0.034397012600280163,0.08673852344410249,0.04281568184212792,0.04281568184212792,0.03703703703703698,0.03749999999999987,29.826094219846308,0.381253509057061,-0.9768026971267549,-2.7118536365802646,0.11088082990412507,0.08955528355773135,-0.0018552875695733162,0.004975124378109541,0.029100529100529293,0.05988023952095811,0.0379436964504285,inf,0.008339124391938846,0.0,0.012195121951219523,-0.003997637759505679
2013-09-27,0.03183021126000374,0.06296968862895325,0.03343718450169875,0.08901745375789738,0.029692741676495826,0.020013339846380873,0.017819253979480365,0.017819253979480365,0.011904761904761862,0.012048192771084265,-0.9386641376507249,0.09419592238410024,8.248373101952277,-1.3024669399118398,-0.030190263809737772,0.08893465643137999,-0.022304832713754608,-0.0066006600660066805,0.02795629820051415,0.05649717514124308,0.06485849056603765,inf,-0.002067539627842785,-0.021857923497267784,0.012048192771084265,-0.02394526795895091
2013-12-27,0.16043234777865267,-0.02359515570762938,0.348423843011902,0.14542129529317083,0.02608437451119694,-0.023472184037960253,-0.15412729783144274,-0.15412729783144274,-0.15294117647058825,-0.15476190476190477,27.846085880897686,22.3896296875611,-74.65826199132168,5.268383104929433,-0.1951353265865704,0.032152682255846,-0.041825095057034245,-0.06312292358803984,0.024382619568615427,0.0053475935828875,0.029346622369878173,inf,-0.11584944751381221,-0.03631284916201105,-0.023809523809523836,-0.14757009345794392
2014-03-28,-0.024297986815069783,-0.07491194763812792,-0.07545404212130513,-0.08293530559603801,0.0223192589023391,0.034912285903930806,-0.1095890410958904,-0.1095890410958904,-0.11111111111111105,-0.11267605633802813,-1.4004686351384463,-0.9229632378879298,-1.1428264372281414,0.30514053571210065,-0.31642465260334873,0.04181242711977351,-0.07638888888888884,-0.0921985815602836,0.019530057979859405,0.015957446808510634,0.058095750403442725,inf,0.04784221831673485,-0.07826086956521738,-0.018292682926829174,0.008770968095603626
2014-06-27,0.01172042565555409,0.028596736491965924,0.007344756330166735,0.09437901798615389,0.01845194874780498,0.01755586292711686,-0.22307692307692306,-0.22307692307692306,-0.21875,-0.2222222222222222,-3.2140655474396724,-0.4084724060852015,0.7635858963068656,-1.254256516032252,0.117694457624961,-0.059801726894787355,-0.13104189044038672,-0.146484375,0.012571086501047546,-0.07853403141361248,-0.007117437722419906,inf,0.006708907938874464,-0.11949685534591203,-0.03105590062111807,-0.060102162808390425
2014-09-26,0.014530915338456518,0.03702390227213859,0.038968704875706583,0.08290928127900421,-0.007058833461785485,-0.004130527004995055,0.32744209000339297,0.32744209000339297,0.30000000000000004,0.3265306122448981,-0.18300181706381835,2.225299922955571,-0.5243480019721123,-1.4912423024447805,-0.05172835559329181,-0.11462585034013595,-0.08405438813349819,-0.10297482837528615,0.011823825007389877,-0.125,-0.001536098310291889,inf,-0.02128841169937068,-0.07857142857142863,-0.02564102564102566,-0.04237974098057351
2014-12-26,-0.02496090746030799,-0.053001859421372366,-0.04509474293179916,-0.047318420015609486,-0.006947914137814926,-0.009767769622693212,0.16270883193531138,0.16270883193531138,0.19999999999999996,0.18461538461538463,-0.4123922318110129,-0.8271680771680772,0.8656629147785411,0.5654806585597758,-0.08539719674003987,-0.13830195927775646,0.012145748987854255,0.025510204081632626,0.010517090271691787,-0.14935064935064934,-0.0723076923076923,inf,0.018346888594666266,0.011627906976744207,0.013157894736842035,-0.005977178047455234
2015-03-27,-0.037771599612163476,-0.07320939045804098,-0.06565923025810583,-0.10457931213161475,-0.015674136581855347,-0.08900927359699784,-0.18097702814776329,-0.18097702814776329,-0.16666666666666663,-0.1688311688311689,-1.2503399989925956,-0.21883638278267736,-0.3272242918094207,2.27863376274654,-0.3061286620572736,-0.07088720463664733,-0.0013333333333334085,0.004975124378109319,0.005782017924255367,-0.08396946564885499,-0.09286898839137647,inf,0.02303120356612176,0.019157088122605304,-0.012987012987012991,0.03504616132167149
2015-06-26,0.003498917581080452,0.016947262108637506,0.010531927940695462,0.04395027682189112,-0.0035825811156703358,0.0014497136393634147,0.11095928849415015,0.11095928849415015,0.1384615384615384,0.140625,-9.122219028456453,-0.5947426067907995,1.0357320572136408,-1.431972739371426,0.1905817829874179,0.07893474088291752,0.08811748998664903,0.09158415841584167,0.010635240011497515,0.07500000000000018,0.07495429616087756,inf,-0.007080610021786282,0.10526315789473695,-0.013157894736842146,-0.025878762983392978
2015-10-02,-0.021753194252437602,-0.05494350489846833,-0.03653909364438568,-0.053268649427182346,-0.01406896000378588,0.07202409183567826,-0.6720585974391073,-0.6720585974391073,-0.6756756756756757,-0.6575342465753424,-0.6538262814433136,2.3655925155925157,-0.3437365106276751,-2.046168082969383,-0.16746483224071063,-0.10295752724038243,-0.1484662576687117,-0.1383219954648527,-0.003981797497155659,-0.10852713178294582,-0.1802721088435374,inf,0.007862497714390182,-0.14965986394557818,0.01333333333333342,-0.0017469879518071663
2016-01-01,-0.021843901419047684,-0.05198941448246952,-0.053616479290665486,-0.09902754236646505,0.00320685408848842,-0.08630862053145472,0.5575796135686302,0.5575796135686302,0.5833333333333335,0.52,-0.7268731023625268,-0.18602711801587546,-0.972279236371417,-0.8151711937175035,-0.037178399467082124,0.027764005949429738,-0.17002881844380413,-0.16052631578947374,0.0034266133637921303,0.026086956521739202,0.1998616874135546,inf,0.02558055152394778,-0.15200000000000002,-0.006578947368421018,0.052199625852392684
2016-04-01,0.013255774042848278,-0.012681313088472312,0.009933164735431932,0.07475674742965732,0.016376697012292052,-0.023234737883672918,0.4028034570236918,0.4028034570236918,0.42105263157894735,0.42105263157894735,7.892577759478984,-0.36969719966608483,33.098341909662665,-7.7699894945721955,0.2614164178263565,-0.040762180414857685,-0.06770833333333337,-0.06269592476489028,0.021343198634035332,-0.0423728813559322,0.14639769452449558,inf,0.003184150008844977,-0.05660377358490565,-0.0066225165562914245,-0.081325992200046
2016-07-01,-0.03835952832810985,-0.04694014764249743,-0.10565553867786348,-0.05836849691020973,0.01110781537004657,-0.03159507118327476,0.058314176245210625,0.058314176245210625,0.07407407407407396,0.05555555555555536,-0.23627532272931984,1.9993979892842093,-0.5107733324390489,-0.5114615033147409,0.10124490372006112,0.185064118682424,-0.0986964618249534,-0.07692307692307687,0.015324602953468824,0.15929203539823034,0.2473604826546003,inf,0.05131370128725066,-0.08000000000000007,0.0,0.012111374703458688
2016-09-30,-0.008189152855921589,-0.02189416131795896,0.03354244058522737,-0.013149620247558724,-0.03601434335919018,-0.019780442507868812,-0.5707189921077402,-0.5707189921077402,-0.5689655172413792,-0.5789473684210527,0.2919679467395617,-0.060012444051943836,1.3289119668226141,-0.30605798584764154,0.0637987900537158,0.1035433906216845,0.0020661157024794985,0.01449275362318847,-0.03073545554335888,0.09160305343511443,0.20475614671503428,inf,-0.028010734652801017,0.04347826086956519,-0.026666666666666727,-0.0088823094004441
2016-12-30,-0.03396579521093823,0.02057204299573745,-0.018317798959680998,-0.018522611385291654,-0.04572974878999625,-0.03369818907689848,1.0420995817028742,1.0420995817028742,1.0,1.0833333333333335,-0.5505001599658739,-0.5070569897294643,-1.1499716701373814,1.0554354736172917,0.1232698302313806,0.08229186694866364,0.08041237113402055,0.08214285714285707,-0.04813137032842585,0.1118881118881121,0.08865841418534615,inf,-0.012079378774805916,0.09375000000000022,-0.013698630136986356,0.03983071944236993
2017-03-31,-0.003379731148927201,-0.03497710540952681,-0.021044332524190246,-0.009401794399616858,0.010913644598604666,-0.09760017620289041,-0.17374785251751024,-0.17374785251751024,-0.18000000000000005,-0.18000000000000005,-0.09204357811224784,1.141687602876202,-6.566900544624896,-1.7664233576642334,-0.0841087997219454,0.01794279623378925,-0.05343511450381688,-0.04620462046204632,0.016359309934562916,0.0691823899371069,-0.04824830977258765,inf,0.014323144104803509,-0.023809523809523836,-0.02083333333333337,-0.02579602585587748
2017-06-30,0.022404167765664118,0.04221298720449074,0.01651345395049786,0.06149608588889088,0.026978742040325798,0.09215106444242438,0.7799992002878964,0.7799992002878964,0.8048780487804879,0.8048780487804879,0.8765403710478181,-0.4626741904819691,-0.18376682325774063,-2.351089588377724,0.1240742607427261,-0.0706806282722513,0.1088709677419355,0.10034602076124588,0.027802165642376142,-0.08235294117647052,-0.0003228931223764331,1.0,0.0044773549164802695,0.1170731707317072,-0.014184397163120588,-0.018185169257234013
2017-09-29,0.018785994123476035,0.01902739066775272,-0.022407367990729177,0.04697516363173859,0.04796818481395193,0.05531959227772454,0.057383861982208684,0.057383861982208684,0.08108108108108114,0.05405405405405417,0.08218872884848882,4.160612790303761,-0.38566446025764234,-0.810573476702509,0.020908721660143348,0.012394366197183038,0.26909090909090905,0.28301886792452824,0.046697038724373696,-0.012820512820512886,-0.078811369509044,0.5,0.028630207440424993,0.2794759825327511,0.0,-0.026656654777548305
2017-12-29,0.7195501228244572,0.5175840570326216,1.3258999111113567,0.5901843344527931,0.325348797927536,0.03634132243300914,-0.9770238259631829,-0.9771831614280707,-0.975,-0.9743589743589743,-0.7586852913625742,9.12940730259223,-29.57428857680207,17.018795332702616,0.36903394815740076,0.17380819884993515,-0.27650429799426934,-0.32843137254901966,0.1270402611534276,0.11688311688311681,-0.08695652173913049,0.33333333333333326,-0.2293333333333334,-0.21501706484641636,-0.14388489208633093,-0.0456444873031181
2018-03-30,-0.007082628512348643,-0.01972396911779417,-0.022826117643212962,-0.026059921855819845,0.011493393122058881,0.4307574670646337,21.462783171521036,21.501396648044693,16.0,16.0,-0.8439192936057671,-0.8957596766040545,-1.0622288437371015,-1.7855562711769482,-0.21175291718836542,0.00821744627054355,-0.09504950495049513,-0.14598540145985406,0.010620323437122714,-0.10465116279069764,0.25652841781874036,0.25,0.01881487889273359,-0.14347826086956528,0.0,0.00646682384641295
2018-06-29,-0.003971951455443157,0.004211994289779586,-0.01178382060674621,0.03786227894368288,0.004821641868103299,0.05632361446983358,2.091814682939881,2.0950489313719407,2.088235294117647,2.088235294117647,28.344902978956,-0.9517701101785653,0.8260151832667748,-0.9507851210209247,-0.013220974006930675,-0.04435736677115987,0.15973741794310725,0.11538461538461542,0.004060186290900436,-0.051948051948051965,-0.008863080684596514,0.19999999999999996,0.008703035448949237,0.10659898477157359,0.0,-0.032394083394685746
2018-09-28,0.007487604180177243,0.01799334010270237,0.03116622133455005,0.015990000597509546,-0.018582137604646665,-0.0033726573455677977,-1.2499034761885743,-1.2502189273562265,-1.2476190476190476,-1.2476190476190476,-0.01184655360286102,4.3133772558006305,0.06841988447817582,1.8077863286555003,-0.03761903028979707,0.15384615384615374,-0.4811320754716981,-0.5057471264367817,-0.021170313986679345,0.14383561643835607,-0.00955905026210302,0.16666666666666674,-0.025883838383838453,-0.5,0.0,0.0019367780314034633
2018-12-28,0.023680915276580006,0.07511723694767825,0.06010408806106038,-0.01620278901978034,-0.017293651125787735,-0.25559908116652075,-4.310940038890813,-4.3206700328604635,-4.346153846153846,-4.3076923076923075,-2.0589014241147585,-0.3909375168472694,-2.751694820789802,-4.8870114794273185,0.15194149425606085,-0.023454157782515916,0.7636363636363637,0.7441860465116279,0.0021871202916161625,0.0,0.8599003735990038,0.1428571428571428,-0.0399654352992006,0.7064220183486236,0.01680672268907557,0.09285467725233021
2019-03-29,4.526753771405545e-05,-0.01069472869413346,0.04026322364508439,0.030204955272263412,-0.049929238174466595,0.0025319509642036664,-0.5420850228486838,-0.5420850228486838,-0.5287356321839081,-0.5232558139534884,-1.754197800632841,0.6225713653463156,-1.558513269216863,-1.524820812317494,-0.06922405246952079,-0.033770014556040895,0.04948453608247427,0.022222222222222143,-0.029825412221144654,-0.0359281437125748,-0.4415801807833948,0.14166666666666683,-0.04995499549954996,0.09139784946236551,-0.06611570247933896,-0.03973468098547073
