Quarter end,Assets,Current Assets,Liabilities,Current Liabilities,Shareholders equity,Revenue,Earnings,Earnings available for common stockholders,EPS basic,EPS diluted,Cash from operating activities,Cash from investing activities,Cash from financing activities,Cash change during period,Cash at end of period,Price,ROE,ROA,Book value of equity per share,P/B ratio,P/E ratio,Cumulative dividends per share,Equity to assets ratio,Net margin,Asset turnover,Current ratio
1999-06-30,0.03136986397076802,-0.19287426385383433,0.18122577768631887,0.2912224057666317,-0.006966501131837055,0.6839826839826839,-0.588006230529595,-0.588006230529595,-0.8181818181818181,-0.8181818181818181,0.17430251003079222,2.4161637282390025,-92.6549971767363,-3.172641812917754,-0.6053727726146556,0.4196515004840271,0.1609105180533752,0.25352112676056326,-0.052631578947368474,0.6094843223633064,-0.5967010514775501,inf,-0.037171920130604,-0.04052823315118392,0.2777777777777779,-0.37491015179062204
1999-09-30,0.03136986397076802,-0.19287426385383433,0.18122577768631887,0.2912224057666317,-0.006966501131837055,0.6839826839826839,-0.588006230529595,-0.588006230529595,-0.8181818181818181,-0.8181818181818181,0.17430251003079222,2.4161637282390025,-92.6549971767363,-3.172641812917754,-0.6053727726146556,0.4196515004840271,0.1609105180533752,0.25352112676056326,-0.052631578947368474,0.6094843223633064,-0.5967010514775501,inf,-0.037171920130604,-0.04052823315118392,0.2777777777777779,-0.37491015179062204
1999-12-31,2.4776759404149815,2.7154278072237026,0.6161841990650678,0.6184397987962666,3.044133239088178,0.0,0.0,0.0,0.0,0.0,0.17430251003079222,2.4161637282390025,-92.6549971767363,-3.172641812917754,3.332912954078136,0.5247187180361406,0.1609105180533752,0.25352112676056326,3.0555555555555554,0.6094843223633064,-0.5967010514775501,inf,0.16290596061040818,-0.04052823315118392,0.2777777777777779,1.2956912878787876
2000-03-31,2.301436758100269,2.6836697694484073,20.997556725293283,0.33751324937570737,0.02779021880427779,1.1609389798403464,-6.085696282293636,-6.085696282293636,-2.25,-2.25,0.6871672626142233,0.08734622714563267,2.4615022085866896,6.489520268491709,5.76100175268756,1.2895796064400717,0.1609105180533752,0.25352112676056326,0.027397260273972712,-0.4354371276767026,-0.5967010514775501,inf,-0.6886496186630775,-0.04052823315118392,0.2777777777777779,1.7541065719883915
2000-06-30,0.07992695669617711,-0.0958448411135987,0.06297112989505482,0.8244459368703827,0.12405964692252924,0.7692139122812509,1.4305538347168878,1.4305538347168878,0.19999999999999996,0.19999999999999996,1.8687891489662318,0.4266853165938864,-0.9980111217006645,-1.2980869557576942,-0.2539977857409579,0.08379724582478754,0.1609105180533752,0.25352112676056326,0.11999999999999988,0.05489804648509922,-0.5967010514775501,inf,0.040706051873198756,-0.04052823315118392,0.2777777777777779,-0.5044237373359153
2000-09-30,0.06286932786698962,0.01399539420254392,0.03905405457318367,0.4084222925715968,0.12148707348944865,0.7800987365962417,1.9602385685884691,1.9602385685884691,2.166666666666667,1.8333333333333335,-0.0419122354833944,-0.11989167603242545,3.5449664429530205,-0.16757306450899767,-0.28342355339501335,0.6107957105524016,0.1609105180533752,0.25352112676056326,0.11309523809523814,0.4382265477155989,-0.5967010514775501,inf,0.05503634475597097,-0.04052823315118392,0.2777777777777779,-0.2800444703495024
2000-12-31,0.08106403485099656,0.05683348144943756,0.015336597687346742,0.13121386678933233,0.23095108416141263,0.4681139755766621,0.07036214289404352,0.07036214289404352,0.10526315789473673,0.0588235294117645,1.203169979437971,-0.895833474843942,-11.44516637133294,-0.9637223136984119,-0.014348714375500005,-0.05751048951048954,0.1609105180533752,0.25352112676056326,0.2192513368983955,-0.15328947368421053,-0.5967010514775501,inf,0.1387795275590551,-0.04052823315118392,0.2777777777777779,-0.06575613559017113
2001-03-31,0.059836082332562546,-0.04941095860952571,0.018265608352322937,0.13605781671657247,0.1380297588225785,0.12430853188709001,-0.057773058545296574,-0.057773058545296574,-0.09523809523809523,-0.05555555555555547,-0.0010810642649929925,4.040722506602328,-1.197008538953083,-0.3578574914592484,-0.009348051971119209,-0.4818662076334065,0.1609105180533752,0.25352112676056326,0.13596491228070184,-0.574980574980575,-0.5967010514775501,inf,0.0737539613944107,-0.04052823315118392,0.2777777777777779,-0.1632512236219208
2001-06-30,0.01021412561485735,-0.0826412692271088,0.00824984551654695,0.05650147243056791,0.013520085126461856,-0.39121362219779887,-1.6340026636615101,-1.6340026636615101,-1.631578947368421,-1.7058823529411764,-0.2234930472290132,0.013848283356187485,-0.4409893316748792,7.61238837165115,-0.08126875867336514,-0.46225226257303254,-0.36071670047329285,-0.32175689479060265,0.011583011583011782,-0.5267693914860276,-0.5967010514775501,inf,0.0032197477864235324,-0.3478879924062649,0.04347826086956519,-0.13169805531049827
2001-09-30,0.0066779497979116975,0.03369799528051187,0.023682330751066072,0.12853474395845121,-0.021792265046389758,-0.002364218200523238,-0.1994290485039455,-0.1994290485039455,-0.25,-0.25,-0.1982693792425777,-1.4399629972247918,-0.5604621309370988,-4.398791007567233,0.3006488881082716,-0.5583723902854708,-0.6467477525118985,-0.6340361445783133,-0.026717557251908497,-0.5634657836644592,-0.3596935623378229,inf,-0.028082374966568624,-0.6200873362445414,-0.02083333333333337,-0.08404196576477074
2001-12-31,0.05417915135858142,-0.07367125615846626,-0.03527751157380943,-0.17367780055879833,0.210918026776034,-0.25121093885564416,-0.8275583664132409,-0.8275583664132409,-0.7777777777777778,-0.7777777777777778,-1.1922360209607423,-1.9429685913981614,3.04458722741433,-1.3870450547524618,-0.0894666242542822,-0.12445730824891466,-1.2305389221556886,-1.242798353909465,0.18039215686274512,-0.09987357774968397,1.5017367811655729,inf,0.1485965877820583,0.0,-0.17021276595744672,0.1210272486134556
2002-03-31,-0.02870662222943876,0.0188988391258631,-0.027141563216706577,-0.15600345142206018,-0.03089127494437871,-0.19077949852019094,7.974444010924698,7.974444010924698,6.000000000000001,6.000000000000001,-1.7796499902413636,-2.214073720955266,-0.6435276560920425,-2.6492360843242153,0.16204961728283163,-0.13774104683195587,7.441558441558442,7.661016949152543,-0.029900332225913595,-0.2696629213483146,0.0,inf,-0.002395783421178743,0.0,-0.2564102564102565,0.20723181827959292
2002-06-30,0.00694401658601862,-0.08124435101004157,0.007912541936398343,0.05242329967911097,0.0055868291537299886,-0.04240748165178898,-1.1354476881942481,-1.1354476881942481,-1.1428571428571428,-1.1428571428571428,1.3253504672897196,-2.82880303989867,-0.8434841323430115,-2.173064603056773,-0.16358567409356994,-0.4134185303514377,-0.38923076923076927,-0.3737769080234834,-0.10273972602739723,-0.3961538461538462,0.0,inf,-0.0012007684918348138,0.0,-0.13793103448275856,-0.12700675302460673
2002-09-30,0.1212960633398199,-0.29965326363821787,-0.11585768293424381,0.2311096031122617,0.45438645045727233,0.298967838955535,-15.175894719948644,-15.175894719948644,-13.0,-13.0,-2.5687731008002297,0.11497811391843982,-118.64797238999137,1.9565006328126353,-0.5782315462526236,-0.24836601307189532,0.5428211586901763,0.721875,0.45038167938931295,-0.16242038216560517,0.0,inf,0.2969463813416686,0.0,-0.12,-0.43112562506378205
2002-12-31,-0.00225941486459158,-0.07763943184250233,-0.018929797031614237,-0.08626053338971273,0.011974357740923258,0.021312143975372733,-1.095686629684139,-1.095686629684139,-1.0833333333333333,-1.0833333333333333,-1.1435597136125535,-0.5711028977855079,-1.0618610381800313,-0.8406859870519797,-0.2184145998311694,0.03478260869565197,-0.18285714285714294,-0.12159709618874781,0.0,-0.28517110266159695,0.0,inf,0.01427512050426416,0.0,0.0,0.009435993111366336
2003-03-31,0.005033524319904448,-0.020649730001218947,-0.001759930008157884,-0.00861071629259913,0.010656881955022346,0.012501127098012432,-0.5642451490771415,-0.5642451490771415,-0.5,-0.5,0.9760994263862333,-1.4698461894968573,0.3116775340841731,-2.028931627864176,0.28753568030447196,0.19467787114845936,-0.46853146853146854,-0.43388429752066116,0.007894736842105399,0.19148936170212782,0.0,inf,0.005666240175470572,0.0,0.045454545454545414,-0.012155677981162127
2003-06-30,0.13412968114375734,0.39729451705584906,0.2677381913178247,0.07752354755355495,0.02489251446973806,0.05022677107253504,2.6866684767852296,2.6866684767852296,3.0,2.0,3.8597000483792936,-4.509725347554021,27.899132321041215,3.7606024290339315,1.0631496113316983,0.3247362250879251,-0.18421052631578938,-0.15693430656934315,0.007832898172323688,0.3169642857142856,0.0,inf,-0.09632860777898955,0.0,0.0,0.29676537257582836
2003-09-30,-0.08468409220548268,-0.09897178719718913,-0.19706046238492925,0.010118317790988707,0.028964106994024075,0.04254919656214606,-0.4693622035645898,-0.4693622035645898,-0.5,-0.33333333333333326,-0.2875891820142691,-2.2286248781387505,-1.7562707199599674,-1.2216147976148877,-0.11419903077098814,0.3557522123893804,-1.5161290322580645,-1.5194805194805197,0.015544041450777257,0.34576271186440666,0.0,inf,0.12409493161705543,-0.028735632183908066,0.04347826086956519,-0.1079881246358314
2003-12-31,-0.11613957321266488,-0.1772047718642954,-0.2946885599048563,0.1135562133122987,0.024765803776916284,0.20233198549916342,1.0448299791811242,1.0448299791811242,0.5,1.0,0.4659850478608194,0.7274501393952391,0.6397254042430007,0.558143871963108,-0.20087866931870346,0.1155352480417755,0.16517857142857162,0.21666666666666656,0.007653061224489832,0.09823677581863977,0.6478710274606605,inf,0.1594202898550725,0.10256410256410242,0.08333333333333348,-0.26112787333976173
2004-03-31,0.04375228371152229,0.12130704724460739,0.03462895361360463,0.09912211627403167,0.048707696856781446,0.08261699403251921,1.2765220932600285,1.2765220932600285,2.0,1.0,0.15600921439351811,-1.2108808911952262,-1.1036136009402222,-1.6842792479108635,0.17201030617659452,0.4651843183148039,0.7049808429118771,0.7808219178082192,-0.21772151898734182,0.4541284403669723,0.17212002059635823,inf,0.004783950617283983,0.6082289803220036,0.1153846153846152,0.02020712301086136
2004-06-30,1.6541972702722894,0.5331877114776615,0.059394653103154615,0.50767897534406,2.5087986544167817,0.36976072625673395,-1.3742993440667859,-1.3742993440667859,-1.2222222222222223,-1.25,0.6355665498522642,-5.768053375196232,-3.7890124869167296,2.934152779544587,0.577396649661372,-0.052316293929712376,-0.6314606741573033,-0.5384615384615384,2.4854368932038837,0.21135646687697163,-0.44253194888178915,inf,0.32191675625863914,-0.47497219132369295,-0.13793103448275856,0.016918379136749984
2004-09-30,0.013727181934153565,-0.0004866872512359066,0.03402842205864798,0.06506361106672776,0.010442611727840223,0.22194598222868112,-4.883941373267485,-4.883941373267485,-5.5,-5.5,-0.11588747353208084,-1.4437813811836366,-0.9512920990391077,-1.0331068545860935,-0.012118566958374322,-0.03244837758112096,0.39634146341463405,0.5333333333333332,0.003714020427112441,-0.72265625,0.3706569238484132,inf,-0.0031369815266644174,0.6080508474576272,-0.040000000000000036,-0.06155656549261479
2004-12-31,0.03374610040270487,0.19097033553123177,0.04692123271292914,-0.02032271639767136,0.031564718077669696,0.1467651874330025,0.3536167681863862,0.3536167681863862,0.33333333333333326,0.0,0.35383957422543233,0.3229806176388761,-9.183838021859883,-6.550970577463069,0.06809502271930801,0.1485191637630663,0.23580786026200862,0.28260869565217384,0.0194264569842737,0.1455399061032865,-0.27460408717921925,inf,-0.002214452214452267,0.33860342555994727,-0.04166666666666663,0.21567864400916692
2005-03-31,0.023068942531080605,0.09964187014096715,0.019123574818491473,0.02574790637920432,0.023731894124504382,0.04431779338825681,0.14293722822381483,0.14293722822381483,0.16666666666666674,0.44444444444444464,-0.0565948992987062,-0.527517051388996,-0.13780268861934575,1.3393595495733264,0.1491428555403811,-0.09783845278725833,0.060070671378091856,0.08898305084745761,0.021778584392014633,-0.11475409836065564,-0.28575545788601486,inf,0.0007008527041234558,0.12007874015748032,0.0,0.07206117730748707
2005-06-30,0.03108784992438407,0.03848707062910073,0.033809053295837055,0.07422099173297347,0.030632656534129943,0.09778407167922487,0.17996951017432217,0.17996951017432217,0.1428571428571428,0.15384615384615374,0.23611307473081866,1.4416272272747506,-0.08669375317420014,-0.6473215125133971,0.04577279183159488,-0.014712063892391658,0.5333333333333334,0.5330739299610894,0.001776198934280604,-0.03703703703703709,-0.1846060728336527,inf,-0.00046690790241632474,0.4042179261862917,0.08695652173913038,-0.03327693175408908
2005-09-30,0.05877489363223565,0.07867225129333422,0.04332990866503916,0.053192218977522465,0.06136643931268093,0.10815815734603307,-0.05570098077765673,-0.05570098077765673,-0.0625,-0.06666666666666654,-0.12759450999277633,-0.1414630589464858,-0.22952232664182837,-0.16447631487750913,0.03657032579944719,0.0422354948805459,0.0869565217391306,0.08629441624365475,0.05319148936170226,0.043269230769230616,-0.34294197698874185,inf,0.0024524115380124556,0.025657071339173942,0.040000000000000036,0.02419520900542249
2005-12-31,0.026708284518443204,0.04422366968083358,0.018058541873701373,0.07516562760265821,0.028134978636990438,0.05328240167071474,0.25551735214685967,0.25551735214685967,0.26666666666666683,0.2142857142857142,0.36285225359498763,0.48959601392860175,0.5501064559200317,-0.04294419806655392,0.0337650438314101,-0.06058125255832991,0.08599999999999985,0.08878504672897214,0.03198653198653201,-0.11059907834101379,-0.15270193937111654,inf,0.0013979496738116826,0.046369737644905484,0.03846153846153855,-0.02878396944006978
2006-03-31,0.0011418285627573521,0.01931088791810187,-0.009516465241918182,0.00633726490277331,0.0028825849202358533,-0.015205121432444124,-0.28207144887709656,-0.28207144887709656,-0.3157894736842105,-0.23529411764705888,-0.5797579869373702,-0.9127943440332972,-2.83340705389361,-1.4702470247024704,-0.015359303833510585,-0.14074074074074072,-0.027624309392265234,-0.027896995708154515,-0.002446982055464897,-0.16580310880829008,-0.2573333333333333,inf,0.001744997673336357,-0.05306122448979611,0.03703703703703698,0.012903670990891403
2006-06-30,-0.12388280691170128,0.10977561162986915,0.020172644725466204,0.051029814246978056,-0.14711965245384884,0.0013322416598142706,-16.924079035941027,-16.924079035941027,-17.384615384615383,-17.384615384615383,2.294619406761283,2.031764193091424,-0.5619778043020037,-13.995817382674039,0.20272035121282328,-0.1161257606490872,-3.696969696969697,-3.686534216335541,-0.15208503679476704,-0.11180124223602494,-0.11609814482345904,inf,-0.02647776100336774,0.0,0.03571428571428559,0.055896178213774794
2006-09-30,0.023518554896537314,0.11564722084889567,0.0353602106296671,0.04078993964692312,0.02123376920457032,0.010745961453400898,-1.0483018029667057,-1.0483018029667057,-1.0469483568075117,-1.0469483568075117,-0.3969355664448182,-2.0607781471830355,-1.6319573283858997,0.3405102580747221,0.22594505035793944,-0.15261044176706828,0.0547752808988764,0.04847986852917008,0.02121504339440694,-0.006993006993006978,0.0,inf,-0.002266491709411955,0.0,0.034482758620689724,0.07190554534017224
2006-12-31,0.02255765039728841,0.09885439320662281,0.06307843029148952,0.10418105501525354,0.014631229339513219,0.03881499458650861,0.21807324021004226,0.21807324021004226,0.30000000000000004,0.40000000000000013,0.42030391598045047,-0.544310230911278,-0.915045871559633,0.07014295538798976,0.19723029500770606,0.29722410291130674,0.06857523302263657,0.05877742946708464,0.014164305949008638,0.27464788732394374,0.0,inf,-0.007771401243424236,0.0,0.03333333333333344,-0.0048152160828217605
2007-03-31,0.014377622263735956,0.164770010064216,0.01862187437914442,-0.017555339049614704,0.013507745764408163,0.052206166188342396,-0.0610718210250486,-0.0610718210250486,-0.07692307692307698,-0.2142857142857143,-0.34831019348668824,10.265893374972118,-8.650107991360692,0.6788704758572961,0.27657512561602116,-0.0046972860125260585,0.038629283489096444,0.028867505551443573,0.01862197392923637,-0.016574585635359185,0.0,inf,-0.0008434751174839494,0.0,0.06451612903225823,0.18558727470666514
2007-06-30,-0.1816462601689649,-0.4313579298708621,0.03095288450240874,0.6053022507137338,-0.22543917607945552,0.06058991667411018,0.29308145903041405,0.29308145903041405,0.3333333333333335,0.36363636363636354,0.33641676056707115,-0.5387684387684388,106.39215132693394,-3.6676172011252395,-0.5779499754396692,0.19611955951756688,-1.292741451709658,-1.2884892086330935,-0.1462522851919561,0.1741573033707864,0.0,inf,-0.05354558610709115,-0.2943349753694581,0.06060606060606055,-0.6457849764060706
2007-09-30,0.0632947773699657,0.2602135203192746,0.021169822043723974,0.024511552381688784,0.0748443281969069,0.10546500190999852,-0.012543513576235732,-0.012543513576235732,0.0625,0.0,-0.052726524049491186,-0.522004478882712,-1.1506107002678878,-1.4153675296259283,0.5687990512400154,0.37702761946514696,0.13729508196721296,0.12219451371571077,0.058886509635974305,0.6076555023923444,1.1266079891672311,inf,0.010830784913353764,0.027923211169284645,0.08571428571428585,0.23007128969539847
2007-12-31,0.058673987922756465,0.21387921709027014,0.13951856693568376,0.11980247033808888,0.03761541447656702,0.10085599851982452,0.44424728845227324,0.44424728845227324,0.2941176470588234,0.3999999999999999,0.22460670668598626,-0.06978206202849957,-0.7030707936410964,-0.25014768799301723,0.27187375164625194,0.049984081502705946,0.2090090090090091,0.18888888888888888,0.03437815975733072,-0.008928571428571397,-0.04552690226042666,inf,-0.019790747510399664,0.07979626485568758,0.10526315789473673,0.08400655660929623
2008-03-31,0.02523888932620677,0.08283267093653324,0.02960994968482833,0.01586267423177845,0.023988486811384657,0.016936857221243162,-0.10210408123413395,-0.10210408123413395,-0.045454545454545525,-0.04761904761904756,0.07715842006735896,0.2236829401731406,-1.1417465169596144,-0.12411369751358248,0.18722809143936003,-0.14008489993935713,0.1594634873323395,0.1383177570093459,0.02052785923753664,-0.16816816816816815,-0.23715810540360238,inf,-0.001286008230452662,0.0487421383647797,0.09523809523809534,0.06593940703137657
2008-06-30,0.028446339280477906,0.0639816507527573,-0.20433890652199416,-0.26657040473528804,0.09540336330194799,0.06823172561967805,0.0911150378324499,0.0911150378324499,0.09523809523809534,0.09999999999999987,-0.21325842872947254,-3.2571962076084526,1.6851218247796784,-0.9906910589348406,0.001468037423910884,-0.09379407616361068,0.02570694087403602,0.039408866995073843,0.05842911877394652,-0.11191335740072206,-0.20857017927415822,inf,0.06515580736543924,0.013493253373313419,0.021739130434782483,0.45070422535211274
2008-09-30,-0.03696504432372805,-0.11600477480684723,-0.03174768904113734,-0.044088394673130527,-0.03805509115251149,0.0772757367746868,0.23335271156880655,0.23335271156880655,0.17391304347826098,0.2272727272727273,0.020354838387968588,-0.44152447088020597,13.312611012433393,-88.56536275493146,-0.1283607911174497,-0.061867704280155644,0.1127819548872182,0.12480252764612954,-0.009954751131221795,-0.11382113821138207,-0.14613259668508294,inf,-0.0012088974854932433,0.07396449704142016,0.042553191489361764,-0.07522525668785351
2008-12-31,0.02799247900488977,0.08220256689201944,0.05852206173482788,0.07516191891080592,0.02157219921731568,-0.02478346544000709,-0.10795378026772973,-0.10795378026772973,-0.07407407407407418,-0.11111111111111116,0.05125009774024547,-1.4345531169156305,-0.9563436822169704,-1.918593551934267,0.13527546012166458,-0.2928245541269182,-0.0045045045045044585,0.008426966292134797,0.03290676416819016,-0.2844036697247707,-0.38725331607893887,inf,-0.006172839506172867,-0.01308539944903575,0.020408163265306145,0.006533232628398666
2009-03-31,-0.01686256433359712,-0.020733923583715064,-0.03845914571176168,-0.056438988841672866,-0.012156596607079129,-0.17250807531838352,-1.0336664754370604,-1.0336664754370604,-1.04,-1.0416666666666667,-0.23823049495376802,-2.518363819674492,6.088987764182425,-1.0586108143831545,-0.006983860007805487,-0.08328445747800584,-0.23642533936651589,-0.22423398328690813,-0.01415929203539823,-0.11538461538461553,-0.11246040126715962,inf,0.004749725977347241,-0.21144452198185626,-0.020000000000000018,0.03785690166210198
2009-06-30,0.022589123572913428,-0.05898365191283683,0.13947091744306417,0.06506575885477694,-0.002201670628015573,0.029024461418272862,-4.311434977578475,-4.311434977578475,-4.0,-4.0,-0.09266164220547402,8.220530576108265,-0.8579423610021445,30.971633217502305,-0.2248557718444496,0.2853486884197056,-0.2592592592592593,-0.2657091561938959,-0.0035906642728905647,0.30434782608695676,0.6597263533610946,inf,-0.024242424242424176,-0.2469026548672567,-0.020408163265306145,-0.11647747812884102
2009-09-30,0.02611281689045386,0.022589069066939915,0.034133631620524074,0.020176202741454707,0.024170041787372476,0.04775021205219465,4.673099058839461,4.673099058839461,4.333333333333334,4.333333333333334,0.5062180103711973,-0.6853006685333247,-2.4746563573883162,-1.1429335096000284,0.041462509112692336,0.2568442010950722,-0.22799999999999998,-0.23227383863080686,0.021621621621621623,0.26111111111111107,0.7075268817204303,inf,-0.0018633540372671176,-0.19271445358401884,-0.04166666666666663,0.002373158756137528
2009-12-31,0.023712624825560136,0.08485585229471582,0.21171428081192833,0.2700308049062605,-0.02270881599456942,0.14266329413820888,-0.7266369083140382,-0.7266369083140382,-0.75,-0.75,0.15923035017370268,-0.35548496769061444,-7.457450792726062,-1.2151957665388973,-0.008567333296264024,0.06495049504950501,-0.4818652849740933,-0.49044585987261136,-0.014991181657848296,0.04405286343612347,0.3438287153652393,inf,-0.04530180460485378,-0.48617176128093165,-0.021739130434782594,-0.14580782104661616
2010-03-31,0.011655986096924531,0.04099433163167654,-0.1178624954545403,-0.08768303186907833,0.051023026600546695,-0.03062921820928055,6.121681802305274,6.121681802305274,6.75,6.5,-0.6589202827372354,-0.7242693988655289,-1.4078966870517273,-9.597822167736352,0.07429693473577692,0.029378951283004717,1.4,1.38125,0.04118173679498671,0.04641350210970452,0.965323336457357,inf,0.038847607873810475,1.3257790368271958,0.022222222222222143,0.14102073974959395
2010-06-30,0.008542031988341803,-0.03259080808013404,0.009701992793172298,-0.02719431590755539,0.008440647215428143,0.07197096704207007,-0.19988351776354107,-0.19988351776354107,-0.19354838709677413,-0.19999999999999996,1.4997515415716123,3.574884262807738,-3.148395658562017,-1.5356465871538088,-0.037044599347196505,-0.010115606936416222,0.38541666666666674,0.3805774278215224,0.02063628546861551,-0.048387096774193616,-0.5890955333015419,inf,-0.0001254862592547923,0.3337393422655297,0.04347826086956519,-0.005528332705113881
2010-09-30,0.018926111978484483,-0.011207854569334819,0.0009386196186762508,0.01617337649946471,0.023546192752407435,0.03486353879178172,0.030893947636597696,0.030893947636597696,0.040000000000000036,0.04166666666666674,-0.40630153201140307,0.9119147025512837,-0.6669608124305999,2.1187385497079685,-0.11997691685852419,-0.009854014598540184,0.11127819548872164,0.11026615969581743,0.016849199663016012,-0.029661016949152463,-0.290909090909091,inf,0.004518072289156683,0.0712328767123287,0.04166666666666674,-0.026953042745841094
2010-12-31,0.07311640235577777,0.12123540756610751,0.18110124663436666,0.1863436084293022,0.04623877619099859,0.1753583292094978,0.41391971340017686,0.41391971340017686,0.3846153846153846,0.43999999999999995,1.82346987695094,-0.7699916577285186,-2.0059396321402545,-2.762160343823429,0.2402420676371093,0.2569111684482124,0.32746955345060913,0.3321917808219177,0.023198011599005808,0.23580786026200884,0.12056737588652489,inf,-0.024987506246876623,0.28815004262574595,0.040000000000000036,-0.05487989612637967
2011-03-31,0.14476506494977293,0.339119951965704,0.5044509268438575,-0.04635401664157568,0.04360325050694591,-0.07422973071774142,-0.3179416820425478,-0.3179416820425478,-0.33333333333333337,-0.33333333333333337,-0.35410406026385655,2.1884181651935384,23.190482461916677,2.2267325406797673,0.6250367710569147,0.16158357771261,-0.0825688073394496,-0.11053984575835474,0.04777327935222675,0.13427561837455837,-0.1616358325219085,inf,-0.08841619682214241,-0.09596293845135684,-0.019230769230769273,0.404222191692998
2011-06-30,0.01025583626479043,-0.004294183639309002,0.012276664005340221,0.018239793010691452,0.009443126273229963,0.017185724193273133,-0.10936416184971098,-0.10936416184971098,-0.08333333333333326,-0.125,0.3282161485499686,0.5352349634841127,-1.0938379594762584,-1.093878477274975,-0.03610841388501429,-0.09997475385003785,-0.05444444444444452,-0.08092485549132944,0.009273570324574987,-0.14018691588785048,-0.05023228803716595,inf,-0.0007028394714647668,-0.05710102489019031,-0.03921568627450989,-0.02214322984607353
2011-09-30,-0.00878423080210311,-0.03601377806471062,-0.02199748727300599,-0.04384376652851507,-0.00341221427338112,-0.013161464431561853,-0.27602111457251644,-0.27602111457251644,-0.2727272727272727,-0.23809523809523803,-0.41828486335518855,-0.6168713108017234,0.7184671617544673,0.08747425153079935,-0.04073795323998808,-0.2942496493688639,-0.10928319623971783,-0.1336477987421384,0.009954058192955584,-0.3007246376811594,-0.27422806481198414,inf,0.005345336896891206,-0.10791925465838503,-0.020408163265306145,0.008204102051025508
2011-12-31,0.02850781675912817,0.07456475594141732,0.0452358836046558,0.0731868469575907,0.021833435480420826,0.013529620291627076,0.1494089382403212,0.1494089382403212,0.125,0.125,0.31561750664276,-0.5633003965416369,-0.9893538603510075,-2.625807623446379,0.06904481957237762,-0.15977742448330678,-0.19525065963060695,-0.21234119782214156,0.021228203184230576,-0.17098445595854916,-0.082139848357203,inf,-0.006436266965160309,-0.16797214969538732,-0.06249999999999989,0.0012900664880419743
2012-03-31,-0.0038859875278199896,-0.04699525481787914,-0.04218768679845841,-0.07223480145605488,0.01175043890818439,-0.07874945237906161,-0.8308081070682071,-0.8308081070682071,-0.8333333333333334,-0.8333333333333334,-0.58019745079124,0.7361281679133638,2.3234672304439745,-0.9857690814008544,0.0009191113310107468,0.057710501419110605,-0.2737704918032787,-0.2718894009216589,0.0051967334818112665,0.03749999999999987,0.29876089949518136,inf,0.015631601182932053,-0.2552301255230126,-0.022222222222222254,0.027188635612818146
2012-06-30,0.01018177635184947,-0.00029827337061671955,0.023554290232837394,0.06798279779769478,0.005014163156608298,0.039962305011728816,2.5475722188076215,2.5475722188076215,2.666666666666667,2.666666666666667,1.0736510668257289,-0.9959915543980365,11.798187022900763,48.05233644859813,0.04504315856503127,-0.14579606440071546,-0.19413092550790056,-0.189873417721519,0.01107828655834564,-0.1506024096385542,0.1636042402826854,inf,-0.00513033832501375,-0.1769662921348315,0.0,-0.06393722059627582
2012-09-30,-0.008529225889660097,-0.0679606577778955,0.015280412270851862,0.0333986116768874,-0.01790163678806267,0.04149161962786807,-0.7086921117829484,-0.7086921117829484,-0.7272727272727273,-0.7272727272727273,-0.1830720914440923,731.9304812834224,1.9263125194159678,-3.563502648325268,-0.110491375714037,-0.10994764397905765,-0.26610644257703087,-0.26953125,0.0029218407596787177,-0.12056737588652477,0.07561494078348008,inf,-0.009477351916376331,-0.2662116040955632,0.0,-0.09809311114928698
2012-12-31,-0.01290023466471979,-0.08664969349103147,-0.016702109268743826,-0.05313686700168663,-0.011357453254539518,0.02013840514847831,4.69150707743547,4.69150707743547,5.333333333333334,5.0,-0.1062796912970948,-0.16492652745552983,-0.0401409796386335,-0.10776823141183811,-0.11083702002260021,0.07176470588235295,0.0,0.005347593582887722,0.0007283321194464509,0.07258064516129048,0.46979107848673074,inf,0.0016884761502744539,-0.006976744186046435,0.0,-0.035390476190476305
2013-03-31,-0.00017290304207651097,-0.01685783319910017,-0.020687707406622846,0.0011954992967651012,0.008129732818974222,-0.07155479509691176,-0.04908199839075411,-0.04908199839075411,-0.052631578947368474,0.0,-1.0574827713154513,0.24548397384090492,-0.6898806416506666,0.21318139410902304,-0.15121687847827892,0.1377607025246983,0.40839694656488557,0.39893617021276584,0.01455604075691408,0.13533834586466154,0.1377257011140991,inf,0.008287680854052626,0.39344262295081944,0.0,-0.018008767426246908
2013-06-30,0.018646240234375,0.03223163841807919,0.04401586157173765,-0.0006321556507691284,0.008744454995110562,0.08638595166163143,0.07582417582417578,0.07582417582417578,0.05555555555555558,0.05555555555555558,-32.95505617977528,-0.9449316029463346,-0.108416547788873,-1.5663279318868444,0.10089543475069718,-0.15002411963338158,0.15718157181571812,0.1558935361216729,0.007173601147776099,-0.16556291390728473,-0.40503123417187226,inf,-0.009752020061298383,0.13277310924369745,0.022727272727272707,0.03285743012266251
2013-09-30,0.018374826487711937,0.0071973947073151745,-0.0034874486378232428,-0.015603036266516712,0.0272704282342362,0.030329364734509534,0.012257405515832431,0.012257405515832431,0.05263157894736836,0.0,-0.379746835443038,6.7006369426751595,-0.4576,-0.895247332686712,0.009600426685630437,0.16231555051078317,0.2622950819672132,0.26644736842105265,0.031339031339031376,0.1587301587301586,0.0019863791146423893,inf,0.008722566122678854,0.25519287833827886,0.022222222222222143,0.02316797757184008
2013-12-31,0.01258126832521067,0.0063851755243995445,0.047747747747747704,0.029130372697415474,-0.0012992874434125667,0.07422402159244257,0.5317860746720484,0.5317860746720484,0.5499999999999998,0.5789473684210527,1.2131519274376417,0.18031430934656734,5.938053097345133,-0.4212962962962963,0.005502971604666618,0.0029296875,0.13358070500927632,0.1324675324675324,0.006215469613259694,-0.0273972602739726,-0.21382044746530726,inf,-0.013668061366806206,0.1134751773049647,0.0,-0.02207253491646677
2014-03-31,-0.05833817547937248,0.04749048300440073,0.1290759970897546,0.0033994727348412024,-0.1359453315439183,-0.081265703517588,-0.27140974967061926,-0.27140974967061926,-0.25806451612903225,-0.2666666666666666,-0.6772540983606558,-7.399439383321654,2.1624149659863945,22.632,0.1293345008756568,0.24245374878286263,0.07201309328968897,0.04587155963302747,-0.08579272477693889,0.23239436619718323,0.06880403458213258,inf,-0.0824377828054299,0.020169851380042347,0.021739130434782483,0.04393508969918658
2014-06-30,0.042545970628162344,-0.09848445796175065,0.032717260771506496,0.08794855839037541,0.04786433156351544,0.050764891889582,0.9990958408679929,0.9990958408679929,1.043478260869565,1.0909090909090908,2.373015873015873,-1.9387866841874726,-1.0170744823877387,-2.4204468517264726,-0.16267348995890518,-0.007053291536050166,0.2916030534351144,0.26535087719298245,0.0998498498498499,0.08571428571428563,-0.0508931580721268,inf,0.005085529357373941,0.2476586888657648,0.02127659574468077,-0.17136360247521054
2014-09-30,-0.056060292188255256,-0.12419590016296422,-0.04174939020931423,-0.07912297426120118,-0.06369205172804959,-0.08426189507930049,-0.5314337403889643,-0.5314337403889643,-0.5106382978723404,-0.5,-1.184705882352941,-1.1108130176134376,-45.125984251968504,0.29623450905624393,-0.2518288730438003,-0.07063930544593522,0.05082742316784894,0.024263431542461023,-0.02320819112627981,-0.15263157894736834,-0.28515625,inf,-0.008126341613002075,0.020016680567139344,0.0,-0.048945071753115355
2014-12-31,-0.12184136273382795,-0.029837103776972573,0.03119635351920924,0.054313319530710835,-0.20536637373998445,-0.021582733812949617,-8.428571428571429,-8.428571428571429,-8.869565217391305,-8.869565217391305,-4.705732484076433,1.98,-0.04942897930049961,-1.0759330759330759,0.01466674918002342,-0.11847133757961781,-1.6254218222722159,-1.5972927241962775,-0.15513626834381555,-0.09937888198757772,-0.14754098360655732,1.0,-0.09506878961199572,0.0,0.02083333333333326,-0.07984485123693297
2015-03-31,0.031357475217479225,0.043675762979911825,0.1623134328358209,0.15886626955554095,-0.061393344310951226,-0.03104575163398693,-1.1042099792099793,-1.1042099792099793,-1.1104972375690607,-1.1049723756906078,-0.246132691646614,-1.7817025785941363,-1.347850572554909,3.145278450363196,0.10441571114906067,0.10404624277456653,0.17446043165467628,0.12464589235127477,-0.033085194375516935,0.31034482758620685,0.0,0.4999999999999998,-0.09002391527160925,0.0,0.0,-0.09936770678044526
2015-06-30,-0.044284956038123324,-0.12083696037656766,-0.0036053833806642954,-0.004462268413917725,-0.07996361352364034,0.14502529510961204,0.9700748129675811,0.9700748129675811,1.0499999999999998,1.1052631578947367,0.20018239854081177,-0.35517397198373246,-4.276848354020507,-3.806658878504673,-0.2653523304616744,0.10078534031413611,0.3124042879019908,0.23425692695214106,-0.054747647562018664,0.1368421052631581,0.0,0.3333333333333335,-0.037169138351792586,0.0,0.061224489795918435,-0.1168949771689497
2015-09-30,0.02693533587675656,0.06278191352818219,0.01063223376044009,-0.01565957446808508,0.04242096094540826,0.021600392734413276,0.25126582278481013,0.25126582278481013,0.2682926829268293,0.2749999999999999,0.11322188449848025,-0.2571829011913105,-0.9105731225296443,-1.2563995837669095,0.09261068931819882,0.06738010305192232,-0.14469078179696615,-0.1959183673469389,0.03891402714932113,0.12962962962962954,0.0,0.25,0.015012673035679436,0.0,0.05769230769230771,0.07969234746639109
2015-12-31,0.013320166002421807,0.004934267278561721,-0.008092598950414476,0.038618940572943794,0.03303900092590495,0.0568636873298094,0.0005058168942841945,0.0005058168942841945,-0.03846153846153855,-0.019607843137254943,-0.6006825938566553,-0.6349056603773585,0.9373848987108655,-1.2646103896103895,-0.02242862057103545,0.07463795024136655,-2.9358799454297406,-2.8883248730964466,0.04181184668989557,0.032786885245901676,0.0,0.19999999999999996,0.019400691509796397,0.06623058053965636,0.036363636363636154,-0.03244537563603711
2016-03-31,0.0346319844069054,0.12422744128553775,0.058049841772152,-0.15905433153893112,0.01392532353969922,-0.1680054561988481,-0.537917087967644,-0.537917087967644,-0.52,-0.54,0.4735042735042736,0.4780361757105944,-1.991444866920152,-7.904907975460123,0.1584207192624394,-0.1496199032480996,0.01620859760394633,0.010752688172043223,0.010033444816053505,-0.18253968253968256,-0.10372960372960371,0.16666666666666674,-0.019973619747503224,0.011503067484662566,0.0,0.33688052960465265
2016-06-30,0.016271011583704365,0.05485309388552939,0.025002336666978264,0.04388569920147822,0.008214570621590811,0.11239639311412697,0.5317286652078774,0.5317286652078774,0.5416666666666667,0.5652173913043477,1.0556844547563804,0.2097902097902098,-2.681687440076702,-0.5073300755219903,0.06737545565006076,-0.0475416497358796,-0.05062413314840497,-0.05053191489361697,0.010761589403973648,-0.058252427184466105,-0.0708712613784136,0.14285714285714302,-0.007883099403960814,-0.027293404094010598,-0.01754385964912264,0.010505368382080604
2016-09-30,0.009092112812817188,-0.007064682378829068,-0.0031687411662790765,-0.04640283221646224,0.02059364441212952,0.0524031769426021,0.23142857142857154,0.23142857142857154,0.21621621621621623,0.25,-0.3075620767494357,1.6286127167630058,-0.28791334093500565,-1.612263300270514,-0.03864761796345839,-0.026877133105802198,-0.05770635500365229,-0.0574229691876752,0.027846027846027743,-0.036082474226803996,-0.0020993701889432392,0.125,0.011434108527131892,-0.04754481683554168,-0.017857142857142905,0.04121822761621252
2016-12-31,0.055909110790359984,0.15819093719017907,0.07347862876483635,0.15082206311323265,0.039811419591409214,0.07803625612697429,0.095707656612529,0.095707656612529,0.0888888888888888,0.0888888888888888,0.3602281988590057,-0.22045079714128646,-0.7309847878302642,-3.1237113402061856,0.08537596210775611,0.13152126260412111,-0.03488372093023262,-0.04160475482912329,0.035059760956175356,0.10160427807486627,0.17531556802244053,0.11111111111111116,-0.01532860701283767,-0.02782324058919805,-0.018181818181818188,0.006421816582361961
2017-03-31,-0.0019158080049707094,0.005513733981218127,-0.015850021303792095,-0.08831153868310382,0.011264483627204003,-0.11879330254041576,-0.4240338803599788,-0.4240338803599788,-0.40816326530612246,-0.4285714285714285,0.6336129418813661,-0.9315937940761636,2.988095238095238,1.8349514563106797,0.22299803622081615,0.046106160402944685,0.008835341365461824,0.009302325581395321,0.010777521170130866,0.009708737864077666,0.0531026252983291,0.10000000000000009,0.01323214633197134,0.004208754208754106,0.0185185185185186,0.10292382325947291
2017-06-30,0.011921560489728256,0.03788371976563676,0.010195687938349574,0.05699481865284972,0.01351028216164507,0.07199017199017188,0.6525735294117647,0.6525735294117647,0.6206896551724139,0.6785714285714284,-0.4522281313038694,-2.154639175257732,0.20597014925373136,-0.6318493150684932,0.06712756467439784,0.08111111111111113,0.042993630573248565,0.04608294930875556,0.01827875095201814,0.06730769230769229,0.04645892351274794,0.09090909090909083,0.0015363933166889776,0.047778709136630404,-0.018181818181818188,-0.0181090505626883
2017-09-30,-0.0008817890063468337,0.03334057079443209,-0.017249876786594398,-0.052307508369201394,0.014136290354292091,-0.039040415616166224,-0.07842046718576201,-0.07842046718576201,-0.06382978723404253,-0.08510638297872342,-0.324070974221627,-8.642857142857142,-0.07797029702970293,-1.1913621262458471,-0.012037617554858882,-0.027406646111682087,-0.02900763358778624,-0.026431718061673992,0.02916978309648477,-0.04504504504504503,-0.0904168922577151,0.08333333333333348,0.01495685522531165,-0.005600000000000049,-0.01851851851851849,0.09039912829412011
2017-12-31,0.009184856788071016,-0.023066327364415273,0.12356635122759574,0.09644862171197888,-0.09251468564006127,-0.01454921291143263,-1.8937839468919735,-1.8937839468919735,-1.9090909090909092,-1.930232558139535,0.06092124814264488,1.6273364485981308,1.3503355704697988,11.402777777777779,-0.15111900833439096,-0.05213103205353997,-0.5172955974842768,-0.526395173453997,-0.01017441860465118,-0.07547169811320764,-0.04107142857142865,0.07692307692307687,-0.10069903646325329,-0.5100563153660498,-0.018867924528301883,-0.1089973722195493
2018-03-31,-0.07680652443612845,-0.06304217947186042,-0.07745153214694633,0.05281325509147394,-0.07609647717319323,-0.12658329971762805,-1.2322754895340986,-1.2322754895340986,-1.25,-1.25,0.2656395891690009,-5.945309026233882,1.2946887492861223,-2.6402575587905934,0.3182157986543732,-0.01449275362318847,-0.21498371335504896,-0.23248407643312097,-0.09030837004405279,-0.005102040816326481,1.1104903786468032,0.12857142857142878,0.0008403361344537785,-0.2216748768472907,-0.019230769230769273,-0.11003572318684052
2018-06-30,0.00468139009748314,0.04690488943300952,-0.010623080482981995,-0.011748633879781423,0.021504381806830564,0.11222981710696467,2.386627906976744,2.386627906976744,2.3,2.3,-0.37181851715234226,-1.0259845351555477,-0.9218516674962668,-0.8856460146782728,0.025330812854442275,-0.020361990950226172,-0.24688796680497926,-0.2614107883817427,0.03389830508474567,0.0769230769230771,0.2735294117647058,0.11392405063291133,0.016582703610411365,-0.2573839662447257,0.0,0.059323220536756205
2018-09-30,-0.0022694879947374735,0.045339375334989995,-0.05398337337614012,-0.03760022117777162,0.05278764968196126,-0.0201810480857072,0.921030042918455,0.921030042918455,0.9696969696969697,0.9393939393939394,0.21726365237815615,11.22491349480969,-0.39968152866242035,-3.8238805970149254,-0.06976401179941005,0.061970746728252424,0.3801652892561984,0.3707865168539326,0.051522248243559776,0.023809523809523725,0.38521939953810636,0.10227272727272729,0.055337600660747555,0.36931818181818166,0.0,0.08618258724004213
2018-12-31,0.02890014614902814,0.06784440767240785,0.020384770980356848,0.05860384946854347,0.03704659313251191,0.0010171215460248462,-0.14119749776586232,-0.14119749776586232,-0.15384615384615385,-0.15625,0.02460202604920414,-0.5324087178035664,0.7108753315649867,-0.9101479915433404,-0.006738544474393482,0.01667270750271843,1.4850299401197606,1.5327868852459017,0.028953229398663627,-0.03255813953488362,-0.3019339779926642,0.09278350515463929,0.007826257092545585,1.5311203319502074,0.0,0.008721401914651983
2019-03-31,-0.024072709408007875,-0.0594089659085949,-0.05581374859584587,-0.1918046132971506,0.005805274506551772,-0.15182049110922946,-0.8381893860561915,-0.8381893860561915,-0.8363636363636364,-0.8333333333333334,-0.24952919020715636,-0.36985472154963683,5.04031007751938,18.570588235294117,-0.13277196903184607,-0.04741532976827101,-0.033734939759036076,-0.006472491909385036,0.016594516594516717,-0.07211538461538469,-0.6035347504179602,0.08962264150943389,0.03067365560085422,0.011475409836065653,-0.019607843137254943,0.1638315840270237
