Quarter end,Assets,Current Assets,Liabilities,Current Liabilities,Shareholders equity,Revenue,Earnings,Earnings available for common stockholders,EPS basic,EPS diluted,Cash from operating activities,Cash from investing activities,Cash from financing activities,Cash change during period,Cash at end of period,Price,ROE,ROA,Book value of equity per share,P/B ratio,P/E ratio,Cumulative dividends per share,Equity to assets ratio,Net margin,Asset turnover,Current ratio
1993-12-31,0.10774044619982925,,0.11787434041694289,,-0.018183446793264113,-0.01060752169720347,0.11912225705329149,0.12891986062717775,0.1327433628318586,0.011904761904761862,1.6966966966966965,-3.669586983729662,6.54375,-0.17921896792189684,0.20928196147110323,-0.06991988346686095,0.058017727639000816,0.0,-0.022364217252396124,0.0,0.050724637681159424,inf,-0.1151419558359622,0.0650929899856938,0.0,
1994-03-31,0.10774044619982925,,0.11787434041694289,,-0.018183446793264113,-0.01060752169720347,0.11912225705329149,0.12891986062717775,0.1327433628318586,0.011904761904761862,1.6966966966966965,-3.669586983729662,6.54375,-0.17921896792189684,0.20928196147110323,-0.06991988346686095,0.058017727639000816,0.0,-0.022364217252396124,0.0,0.050724637681159424,inf,-0.1151419558359622,0.0650929899856938,0.0,
1994-06-30,0.017369622433554,,0.01718512213366341,,0.01997992883860955,-0.01060752169720347,0.11912225705329149,0.12891986062717775,0.1327433628318586,0.011904761904761862,1.6966966966966965,-3.669586983729662,6.54375,-0.17921896792189684,0.1420468259715182,-0.024275646045418875,0.058017727639000816,0.0,0.026143790849673332,0.0,0.050724637681159424,0.9230769230769229,-0.016042780748663055,0.0650929899856938,0.0,
1994-09-30,0.0024449298784638973,,0.004976512130644428,,-0.03327370304114485,0.05311890838206623,0.22969187675070035,0.22222222222222232,0.25,0.011904761904761862,-0.2839643652561247,0.37177684013127044,-0.6209610604805302,-2.1750212404418012,-0.14614815597590614,0.0016051364365969878,0.058017727639000816,0.0,0.015923566878980777,-0.02941176470588236,0.050724637681159424,0.6000000000000001,0.0018115942028986698,0.0650929899856938,0.0,
1994-12-31,0.01233656560407237,,0.013783227987838043,,-0.0088823094004441,-0.08190652475705695,-0.5922551252847381,-0.6237373737373737,-0.6125,0.011904761904761862,-0.25972006220839816,-0.025974025974025983,2.4153005464480874,-1.5437454808387563,0.09306930693069315,-0.034455128205128194,0.058017727639000816,0.0,-0.004702194357366851,-0.0505050505050505,0.050724637681159424,0.375,-0.023508137432187937,0.0650929899856938,0.0,
1995-03-31,0.08084096066455504,,0.08573775286072505,,0.0073749066467512225,0.021169354838709742,1.1508379888268156,1.3825503355704698,1.3548387096774195,0.011904761904761862,6.619747899159663,0.25929824561403514,-1.33088,-2.3470744680851063,-0.11469655797101452,0.060580912863070324,0.058017727639000816,0.0,0.018110236220472586,0.07446808510638303,0.050724637681159424,0.2545454545454544,-0.06666666666666676,0.0650929899856938,0.0,
1995-06-30,-0.0364311505227195,,-0.042059716889220056,,0.05458252247243078,0.0478775913129319,0.17662337662337668,0.20281690140845066,0.17808219178082196,0.011904761904761862,-1.391232423490488,-0.4368904987461688,-4.261121856866538,-0.9378084896347483,-0.008057296329453845,0.12519561815336466,0.06169078446306164,0.0,0.03557617942768765,0.0990099009900991,0.050724637681159424,0.24637681159420288,0.125,0.0745466756212223,0.0,
1995-09-30,0.05221502148086321,,0.053071773426422775,,0.03963093145869956,0.02402260951483748,0.052980132450331174,0.058548009367681564,0.011627906976744207,0.011904761904761862,0.04721634954193088,2.7293419099455716,1.4825029655990511,9.126984126984127,-0.08225889633831873,0.2503477051460361,0.009325681492108995,0.0,0.053771471247199276,0.2072072072072071,0.15632183908045993,0.1976744186046513,-0.007054673721340388,0.04062500000000013,0.0,
1995-12-31,-0.02622795483702678,,-0.02845098908091037,,0.006846420420927979,-0.01931922723091073,0.027253668763102645,0.030973451327433565,0.07471264367816088,0.0,0.9024226110363391,-1.9414886559639113,-1.275116473539601,-4.070532915360502,0.275217757797134,0.09955506117908786,0.18692253020611238,0.1807228915662651,0.005669737774627981,0.04477611940298498,0.07952286282306154,0.15533980582524265,0.035523978685612745,0.20780780780780783,0.0,
1996-03-31,0.650853350535189,,0.6502567041294864,,0.6594190732034924,0.8925891181988743,-1.1816326530612244,-1.3068669527896994,-1.1711229946524064,-1.188235294117647,-1.6052352316943757,-1.3442784667418264,0.396873643074251,-3.01531393568147,0.194888178913738,0.05918057663125964,-0.4059880239520959,-0.3571428571428571,-0.07610993657505283,0.05714285714285716,-0.13812154696132595,0.15966386554621836,-0.027444253859348122,-0.4286424664346097,0.0,
1996-06-30,0.06549022464766341,,0.06804692842741589,,0.028987706784034062,-0.02007434944237918,-10.617977528089888,-6.601398601398602,-6.625,-6.59375,-1.8199883109292812,3.8538681948424065,-5.881877525645011,-1.6193009118541033,0.22542872948552461,0.10362941738299902,0.13407258064516125,0.11111111111111116,0.03127383676582762,0.18918918918918926,0.5021367521367524,0.13768115942029002,-0.029982363315696703,0.11575282854656233,0.0,
1996-09-30,0.002619957048865418,,-0.0016820327714393013,,0.039331366764995046,-0.007334344967121931,0.002336448598130758,0.0024968789013732895,0.0,-0.005586592178770999,3.446186742694227,-1.223224827120931,-0.7408468640560331,-0.8208588957055215,0.032954630953276665,0.0493292946776287,0.07111111111111112,0.0714285714285714,0.038461538461538325,0.017045454545454586,0.02631578947368407,0.1146496815286624,0.041818181818181754,0.07020280811232427,0.0,
1996-12-31,0.04183147140147048,,0.045331888845318025,,-0.006906338694418146,0.0033121019108279803,-0.02564102564102566,-0.0273972602739726,-0.005555555555555536,0.022471910112359605,-1.793042641872395,-6.461276917264828,1.5395577395577398,1.0,0.06380654089882731,0.2082474226804123,0.039004149377593444,0.02666666666666684,0.009971509971510084,0.16759776536312843,0.18988218988219008,0.10857142857142854,-0.04712041884816742,0.03061224489795933,0.0,
1997-03-31,0.01261235528817406,,0.014277312393699004,,-0.012003429551300404,0.05383443372270191,0.10885167464114831,0.11651728553137009,0.1061452513966481,0.08241758241758235,-0.3032140691328078,-1.128873824017709,-1.5404411764705883,-1.2922374429223744,-0.017528243752139683,0.11569965870307164,0.42971246006389774,0.36363636363636376,0.006346967559943462,0.10526315789473695,0.12638322655794987,0.10824742268041243,-0.01831501831501836,0.44271570014144257,0.0,
1997-06-30,0.03436289806016379,,0.03649630460811304,,0.0024587792884003257,-0.002409638554216831,-0.0021574973031284195,0.002293577981651307,0.010101010101010166,0.015228426395939021,-0.921090803597331,-6.278582930756844,-3.1657715717866095,-10.8828125,0.1763189072409228,-0.03640256959314769,0.007262569832402255,0.0,0.03784162578836736,-0.04329004329004338,-0.3360910031023785,0.09302325581395365,-0.003731343283582045,0.010784313725490158,0.0,
1997-09-30,0.04130578667340856,,0.04284375094499371,,0.0179387293800799,0.06497584541062795,0.06162162162162166,0.07665903890160175,0.08499999999999996,0.08000000000000007,-2.5110294117647056,0.1205003050640634,-0.2676475450487684,-1.9928853754940712,-0.1488239824634161,0.13301587301587303,0.02828618968386043,0.0,0.037137069547602986,0.09049773755656121,0.10124610591900307,0.08936170212765959,-0.0074906367041199795,0.011154219204655647,0.0,
1997-12-31,-0.002872544152067502,,-0.004723683371126719,,0.027213455541906795,-0.07371286005897026,-0.10997963340122197,-0.10839532412327313,-0.004608294930875445,-0.11574074074074081,-6.238442822384428,-1.0299482711679826,-1.12313769751693,-1.5322452229299364,0.09306048583559545,0.06976744186046524,-0.005393743257820938,-0.009523809523809601,0.02799479166666674,0.03319502074688807,0.019094766619519143,0.08203125,0.03207547169811331,0.00767386091127098,0.0,
1998-03-31,0.0005307492592765417,,-0.0003059182062121746,,0.013752184711617987,0.13344760039177284,-0.17048054919908462,-0.17640047675804527,-0.2407407407407408,-0.16753926701570676,-3.0190431955411055,-1.4484848484848485,-4.375802016498625,-1.5968586387434556,-0.05081507896077431,0.037454164484022945,-0.08026030368763559,-0.06730769230769229,0.022799240025332512,0.008032128514056103,0.025676613462872977,0.07220216606498209,0.03290676416819016,-0.07758210376011432,0.0,
1998-06-30,0.0034999931640757875,,0.002072137186556411,,0.02581552561136058,0.029379995679412296,0.4813793103448276,0.5195369030390737,-0.24390243902439024,-0.24528301886792458,-1.177593742811134,33.486486486486484,0.3953298941080641,-1.9837092731829573,0.05266335703743463,0.18379197172431216,0.01827830188679247,0.030927835051546282,0.033436532507740147,0.15537848605577698,0.24221921515561573,0.08080808080808066,0.03362831858407067,0.015479876160990669,0.0,
1998-09-30,-0.028733361489938547,,-0.032437070106301036,,0.026890756302520913,-0.07639034627492125,-0.22067039106145248,-0.2238095238095238,-0.22580645161290325,-0.21666666666666667,6.7189119170984455,-1.6081504702194356,-2.979957190114808,-2.4089171974522294,-0.07048626601236374,-0.163787587971849,-0.06716850028951937,-0.030000000000000027,0.047932893948472,-0.18965517241379304,-0.2053376906318083,0.07476635514018692,0.06678082191780832,-0.03506097560975607,0.0,
1998-12-31,0.026441296114462,,0.02646671596299166,,0.0267034197605307,0.10452169961372415,0.3691756272401434,0.38404907975460123,0.3750000000000002,0.38297872340425543,-0.79728142305756,-4.998711340206185,-2.344176904176904,-3.2450271247739604,0.17024340075419953,-0.08084672277480243,0.05027932960893855,0.07216494845360821,0.029731275014293956,-0.12340425531914889,-0.047292666209732714,0.08115942028985512,0.0,0.04002106371774605,0.0,
1999-03-31,-0.012619063887939874,,-0.011851109998330833,,-0.02391140196325192,0.05821847356511012,0.023560209424083878,0.02393617021276606,0.037878787878787845,0.01538461538461533,-1.5869205298013245,-1.0051563003544957,-0.8629085325729327,-0.5014095851792186,0.07253339582845086,0.45754716981132093,0.1057919621749408,0.125,-0.026096612992781876,0.41747572815533984,0.3388489208633092,0.07238605898123329,-0.011235955056179803,0.09569620253164546,0.0,
1999-06-30,-0.01215198002535589,,-0.011350165955429148,,-0.024067388688327362,0.09175738724727833,0.18755328218243816,0.19047619047619047,0.20437956204379537,0.21212121212121215,-10.968970380818053,-67.75,-3.7013333333333334,-2.832794830371567,-0.12394843220801921,0.023224823910146464,0.07536076964190275,0.07692307692307687,-0.010262257696693311,0.047945205479452024,-0.08973670069854911,0.0674999999999999,-0.012987012987012991,0.03234750462107194,0.19999999999999996,
1999-09-30,0.03972337110640356,,0.04359281796109227,,-0.016161705125946835,-0.07567663817663817,-0.14788226848528352,-0.15054545454545454,-0.1393939393939394,-0.14374999999999993,-1.822014714204867,-0.47214419475655434,-2.682329713721619,-1.1996474217717057,0.028247178399950057,-0.0011162790697675229,0.08846918489065603,0.0714285714285714,-0.002880184331797264,0.009803921568627416,-0.07851239669421495,0.06557377049180335,-0.050986842105263164,0.038048343777976834,0.0,
1999-12-31,0.09449283642910267,,0.09704066890131635,,0.05711472181191524,0.20708919283375082,0.4262847514743049,0.43578767123287676,0.44366197183098577,0.44525547445255453,-0.3244406196213425,9.968070953436808,2.3325900715878416,-1.576158940397351,-0.01582777440873262,-0.03725088470851179,0.11552511415525113,0.08148148148148149,0.0687463893703062,-0.032362459546925404,-0.11146700832799494,0.05934065934065935,-0.03119584055459279,0.04312203536006898,0.0,
2000-03-31,-0.036003004149173234,,-0.03921317072404418,,0.015073887453952661,-0.054420683051388474,-0.19669226225634973,-0.1985688729874776,-0.19512195121951215,-0.1969696969696969,0.06547770700636946,-1.5840375207213035,-1.3599323872240026,-1.1111111111111112,0.0017869246410746609,0.0899593731863031,0.025787965616045794,0.013698630136986356,0.007027027027026955,0.020066889632106788,-0.02811824080749814,0.0663900414937757,0.05366726296958868,0.0,0.0,
2000-06-30,0.0116505399965261,,0.009946561078697735,,0.038001084553455966,-0.08590717299578055,-0.1977941176470588,-0.2008928571428571,-0.4666666666666667,-0.46540880503144655,-2.2137733142037304,-1.6445829006576669,-1.6173564230505821,71.51724137931035,0.12935170377660232,-0.058217962371317045,-0.0790103750997605,-0.08108108108108114,0.039184111647879716,-0.06557377049180324,-0.09718100890207715,0.0622568093385214,0.030560271646858927,-0.04547333608929316,0.0,
2000-09-30,0.07517075079852042,,0.06803629681795731,,0.18308953544446238,-0.002954209748892156,-0.18973418881759851,-0.18901303538175052,-0.21590909090909094,-0.22352941176470587,-1.91548463356974,-0.9835678230050477,-0.08589540412044372,-0.5045173561578697,0.05675072163825501,-0.029966076140218734,-0.12521663778162917,-0.08823529411764708,0.12809917355371914,-0.06666666666666665,0.020542317173377178,0.05860805860805862,0.10708401976935744,-0.06539627544391513,0.0,
2000-12-31,0.6799462678715689,,0.698877789735894,,0.4381114130434782,1.9987037037037036,1.7058823529411766,1.6888633754305395,-0.24637681159420277,-0.25757575757575757,1.135356143748655,38.0,2.154472954230236,1.021113243761996,0.23547904963150024,-0.2177967748202837,-0.0425953442298167,-0.040322580645161143,-0.05311355311355315,-0.30827067669172936,-0.16666666666666674,0.05536332179930792,-0.15029761904761907,-0.2075996292863762,0.16666666666666674,
2001-03-31,-0.002410015824465872,,-0.004092436724860926,,0.024280787944636062,-0.49033533008089913,-0.49874581939799334,-0.4970111016225448,0.15384615384615374,0.18367346938775508,0.04968255567872615,-1.2860734037204624,-0.6108271503160209,-1.7602089268755936,-0.06678625062573007,0.20168902136115263,-0.16554578375581996,-0.16806722689075626,0.023210831721470093,0.2717391304347825,0.5275362318840582,0.05573770491803298,0.031523642732049106,-0.09356725146198841,-0.14285714285714302,
2001-06-30,-0.0012919969059336234,,2.6877385367996e-05,,-0.021675967347691727,-0.16745425905731248,-0.6847372810675563,-0.6952461799660441,-0.7,-0.6896551724137931,-0.511136712749616,0.35735207967193916,-0.3478322270865697,-2.1542785758900687,0.08260694649322775,-0.07172385283174876,-0.2293862368257905,-0.23232323232323238,-0.015122873345935761,-0.0940170940170939,0.10120177103099293,0.052795031055900665,-0.01358234295415961,-0.16516129032258076,0.0,
2001-09-30,0.12150660444337191,,0.12884224294711566,,0.0072832696931126595,0.06956774850822289,0.1878306878306879,0.21448467966573825,0.22222222222222232,0.22222222222222232,3.1657501963864885,-7.541217091066033,6.471849285404938,-2.038961038961039,-0.07927660101573142,-0.164551324871966,-0.16331456154465007,-0.21052631578947367,0.014875239923224592,-0.15094339622641506,0.12808730614589314,0.05014749262536866,-0.10154905335628217,-0.13755795981452845,-0.16666666666666663,
2001-12-31,-0.1322719879894908,,-0.1376811306653969,,-0.03828243828243827,-0.10504830589195813,-1.7394209354120267,-1.7912844036697249,-1.772727272727273,-1.772727272727273,-2.584621912125212,-2.547242016363157,-2.648659614548616,-1.1567708333333333,0.01349836315529851,-0.03704690831556501,-0.6211538461538462,-0.6166666666666667,-0.04113475177304948,-0.050000000000000044,0.25152749490835014,0.047752808988763995,0.10727969348658983,-0.49820788530465954,-0.20000000000000007,
2002-03-31,0.02729769671628879,,0.029836208404021347,,0.0007786077520133272,0.15523795043332833,-3.9578313253012047,-3.8086956521739133,-3.88235294117647,-3.8235294117647056,-1.3736054502722161,-1.410405117270789,-1.3910559530296904,-0.8770764119601329,0.0016371681415929817,-0.081372820370883,-0.1192893401015227,-0.13043478260869557,-0.0064102564102564985,-0.040935672514619936,0.6672091131000815,0.04557640750670244,-0.02595155709342556,-0.1071428571428571,0.0,
2002-06-30,0.03935113711003946,,0.03937132192493942,,0.0390216624930102,-0.0031587259805211376,0.046843177189409335,0.047471620227038214,0.04081632653061229,0.04166666666666674,0.655916547220895,-1.3506857855361596,-0.25357367616650184,-21.513513513513512,-0.033529177894597306,0.03796324194034373,0.4610951008645534,0.44999999999999996,0.03870967741935494,0.04268292682926833,0.18399219131283573,0.04358974358974366,0.0,0.42599999999999993,0.0,
2002-09-30,0.001637980625106339,,0.0007337240796205791,,0.01640303257207032,-0.08278320570372322,-0.9610894941634242,-0.9733990147783251,-0.9803921568627451,-0.98,-2.2066842991103632,-3.27437037037037,-2.2926829268292686,3.899868247694335,-0.16998811591553153,-0.25195936139332376,-0.20118343195266275,-0.1724137931034483,0.015289058767319563,-0.2807017543859649,-0.48433635614179726,0.041769041769041726,0.015985790408525657,-0.18513323983169705,0.0,
2002-12-31,0.022973769108295183,,0.026022379360810532,,-0.026037709786587482,0.07888297106664743,-10.675,-15.777777777777779,-21.0,-21.0,-1.6724584545490773,0.22707139134966137,-2.2698346144887025,-1.2847539661199248,0.05831818932760613,-0.19674039580908032,-0.039506172839506304,-0.04166666666666663,-0.02917647058823536,-0.21138211382113825,0.008792965627497873,0.04009433962264142,-0.04895104895104907,-0.0636833046471601,0.0,
2003-03-31,-0.004802319451765902,,-0.00617171951195683,,0.01838982650215093,0.12154769846564384,-4.6175710594315245,-4.476190476190476,-4.449999999999999,-4.449999999999999,-2.102643119592272,-0.3527975368935131,-1.3501852735077229,1.843248347497639,0.1566760328858361,0.16956521739130448,0.24678663239074572,0.21739130434782616,0.0038778477944740875,0.2061855670103092,0.2143423137876388,0.038548752834467015,0.023897058823529438,0.22610294117647056,0.0,
2003-06-30,0.06283072636647269,,0.06419294678066256,,0.040316590845789646,0.07470854151796336,0.30499999999999994,0.30857966834895456,0.30434782608695676,0.2898550724637683,-1.017306245297216,0.6625656167979002,-2.1961236249345206,-0.6117568913982065,0.052588960367087934,0.24494010739363903,0.37525773195876266,0.3571428571428572,0.0386286817962338,0.24786324786324787,-0.016639477977161476,0.037117903930131035,-0.019748653500897606,0.3313343328335834,0.0,
2003-09-30,-0.012338603269611448,,-0.013247873398945842,,0.003034291961357294,-0.14235111799867173,-0.1089217296113848,-0.11019283746556474,-0.11111111111111105,-0.1235955056179775,-62.79503105590062,-1.1429699062654168,-3.2922834369799423,-5.1171941830624466,-0.2057013419950423,0.17219641672196406,0.5487256371814095,0.5,0.001394700139469851,0.12328767123287676,-0.15660252156602517,0.03578947368421059,0.0146520146520146,0.5225225225225223,0.0,
2003-12-31,-0.027485807997981615,,-0.030739171078833283,,0.026625442089107443,0.04130098089829626,0.144963144963145,0.1461300309597524,0.1625000000000001,0.1282051282051282,-2.1850939792944013,17.771566597653553,-0.9254136257689809,-1.349677955537087,0.09055690072639222,0.011038777243136177,0.47531461761858673,0.5087719298245614,0.01810584958217265,0.012195121951219523,-0.3493312352478364,0.03455284552845517,0.05776173285198549,0.48298816568047354,0.0,
2004-03-31,0.039130276866879754,,0.038935755107222025,,0.04218485938380212,0.11266732771442745,0.03540772532188852,0.03565640194489461,0.010752688172043001,0.045454545454545414,-0.645519698061999,-2.5424264705882353,-26.299180327868854,-1.5044563279857397,-0.04188869153345176,0.12178051511758126,0.04986876640419946,0.06976744186046502,0.03100775193798455,0.10240963855421703,-0.25211608222490933,0.03339882121807469,0.0034129692832765013,0.06134663341645874,0.0,
2004-06-30,0.02082818402203035,,0.02502732487180892,,-0.044905511319930924,-0.04210760833240501,-1.283937823834197,-1.2926447574334898,-1.2872340425531914,-1.2934782608695652,-0.46165809307333416,-0.2863135815416885,-0.21628462659970837,-5.836277974087161,0.2114424017714609,-0.03693536311454948,-0.334375,-0.3369565217391304,-0.05130473241928346,-0.06557377049180335,-0.101050929668553,0.032319391634980876,-0.06632653061224492,-0.3214285714285714,0.0,
2004-09-30,0.392174749896975,,0.3378939703714068,,1.3041074421540673,0.31829282474706355,-3.5875912408759123,-3.5044563279857397,-2.4814814814814814,-2.4444444444444446,5.296444444444444,-2.780308596620132,-1.4568379712167014,0.7754505601558694,0.30988310308182787,-0.018398548846851548,-0.2845070422535211,-0.1311475409836066,0.372027972027972,0.03508771929824572,0.474820143884892,0.03130755064456725,0.6775956284153006,-0.1364265927977839,0.0,
2004-12-31,0.0164949594587116,,0.018379533146881233,,-0.0018894126760696794,0.2513232180663374,0.17489421720733422,0.17651245551601424,0.17499999999999982,0.15384615384615374,-1.6842662525587633,-1.0841556297602521,-0.38860924155873533,-0.402880658436214,0.14126237222132088,0.013463569165786726,-0.23359580052493445,-0.13207547169811318,0.007135575942915473,-0.2655367231638418,0.21890243902439033,0.03035714285714275,-0.011943539630836053,-0.17882919005613473,0.0,
2005-03-31,0.018195754064815883,,0.020321511608556442,,-0.002962528276527876,-0.037927388086006375,0.3589435774309724,0.366606170598911,0.36170212765957466,0.3999999999999999,-1.6044460491025376,0.4850646455639769,-2.9358926919518966,-0.4429129336090053,0.06895473157415832,-0.036207345662933044,-0.09589041095890416,-0.021739130434782705,0.006747638326585648,-0.03846153846153855,0.24212106053026505,0.029462738301559988,-0.020879120879120916,-0.02734375000000011,0.0,
2005-06-30,-0.005959407793398097,,-0.006586421737894477,,0.0004271881526485277,-0.06624166483476224,-0.5609540636042403,-0.5613103142983621,-0.5625,-0.5555555555555556,0.7607304377506614,-2.070399279495647,-0.4696325321355187,-2.031340206185567,-0.0665283430425877,-0.0562162162162162,0.13636363636363624,0.22222222222222232,0.004021447721179738,-0.06400000000000006,0.17196939186467985,0.028619528619528545,0.008978675645342271,0.21987951807228923,0.0,
2005-09-30,0.027107027080560453,,0.029083458267113782,,0.007116762347582739,0.1351330142038767,1.5422535211267605,1.546922300706357,1.5714285714285712,1.5357142857142851,-0.9681593486478628,-2.6373580143037443,-0.06270835210379311,-0.17792882846861258,-0.05858885216003651,-0.008304696449026316,0.17499999999999982,0.1454545454545455,0.01101468624833113,-0.008547008547008517,-0.3199312714776633,0.02782324058919805,-0.020022246941045596,0.11028806584362139,0.25,
2005-12-31,-0.003400571721640211,,-0.004710556496593132,,0.010138031752013887,-0.05440718976840653,0.06766917293233088,0.06814580031695727,0.09722222222222232,0.07042253521126773,-5.222222222222222,-0.8512332990750258,-0.746227049889455,-2.767509727626459,0.11000121080033898,0.060929829627490495,0.13475177304964547,0.12698412698412698,0.014196104324859737,0.0431034482758621,-0.10308236483072253,0.027070063694267565,0.013620885357548351,0.1512231282431431,0.0,
2006-03-31,0.06200466744846711,,0.06706230747317798,,0.010502653645614757,0.1139055417458692,0.14195700518902887,0.14132047477744814,0.12658227848101267,0.13157894736842102,-7.900144196106705,18.862406447898675,19.386742424242424,-0.9358833241607044,0.006353967821107087,0.0,0.08874999999999988,0.08450704225352101,0.01497395833333326,-0.008264462809917328,-0.13014084507042256,0.02635658914728678,-0.0470324748040315,0.06567933032839668,0.0,
2006-06-30,0.04297476913990783,,0.04495662885372265,,0.02166388214552728,-0.019427671304804384,0.14897760467380716,0.1504712382190445,0.146067415730337,0.15116279069767447,0.8075858105637115,0.1495318976261557,0.40500919715352746,5.381974248927039,0.04029482697883635,0.1720195971692977,0.25832376578645233,0.23376623376623362,0.022450288646568284,0.1499999999999999,0.06865284974093266,0.025679758308157163,-0.021151586368977626,0.22658610271903323,0.0,
2006-09-30,0.00755119913313318,,0.0058743942621355405,,0.025992916772071828,0.0307898259705488,-0.06864406779661014,-0.06864406779661014,-0.06862745098039225,-0.07070707070707061,-1.369461545131362,-2.787720625315179,-2.150649968923154,-3.5904505716207127,-0.13946340192758533,0.02066883418485843,0.04653284671532831,0.03157894736842115,0.026976160602258492,0.0,-0.19757575757575752,0.025036818851251752,0.019207683073229287,0.04827586206896539,0.0,
2006-12-31,0.010082741106508086,,0.009197463714854193,,0.019628217433802053,0.029935064935064926,0.372763117986048,0.372763117986048,0.368421052631579,0.38043478260869557,-1.6744895564421496,-2.359176880438922,-2.267885669627978,-2.5249221183800623,0.22327158251604318,0.07508532423208192,0.12292938099389716,0.11224489795918369,0.01832620647525962,0.04347826086956519,0.011329305135951762,0.024425287356321768,0.00942285041224955,0.1043233082706767,0.0,
2007-03-31,0.04246921984136387,,0.0448997758410008,,0.016529924863977863,0.1958892881911607,0.05766681396376483,0.05766681396376483,0.06153846153846132,0.0551181102362206,4.9751797726745535,-0.8770741021303974,-0.5037799129804206,-2.4599931903302688,-0.21221419380382067,0.03555555555555556,0.09549689440993792,0.09174311926605516,0.033593281343731185,0.02083333333333326,-0.09559372666168786,0.02384291725105192,-0.025670945157526215,0.05446808510638301,0.0,
2007-06-30,0.03486647200191917,,0.03687769804230756,,0.012803303201250671,-0.00316322226908472,-0.11552120325882598,-0.11552120325882598,-0.10144927536231874,-0.10447761194029859,-0.7119841608758104,0.39042714840452475,-0.36364466689805086,-1.4212919776119404,0.11348787536122629,0.03167790721438779,0.02409638554216853,0.01680672268907557,0.02234474753337201,-0.006802721088435382,-0.07762180016515274,0.026027397260274032,-0.020359281437125842,-0.016949152542372836,0.0,
2007-09-30,0.01476843602584843,,0.015510546140625747,,0.006433970019545265,-0.14787391580283482,-0.2033538025507794,-0.2033538025507794,-0.19354838709677413,-0.19166666666666665,0.008019948780159103,-0.21049116629227127,-0.2794235847973361,-1.742596180459452,-0.07568619707184965,-0.08240887480190173,-0.008996539792387459,-0.016528925619834656,0.013908600624467748,-0.10273972602739723,-0.1235452103849598,0.025367156208277564,-0.008557457212713837,-0.005747126436781658,0.0,
2007-12-31,0.05580791781423722,,0.05834743677722143,,0.027029955491840063,0.07894736842105265,-0.11918173732582271,-0.11918173732582271,-0.12,-0.11340206185567014,0.9554054957544962,1.445170716702553,1.7210979204844237,-3.749906820723071,0.2251724348409938,-0.04814335060449049,-0.10614525139664799,-0.12605042016806733,0.015677491601343796,-0.06106870229007644,-0.05822267620020416,0.02473958333333348,-0.02712700369913701,-0.11106523534269197,0.0,
2008-03-31,0.05166927312218372,,0.05442183962205149,,0.019525892502089803,-0.028416935112747344,-0.20127903062941765,-0.20127903062941765,-0.20454545454545459,-0.20930232558139528,-0.9171538961260984,1.1540711387866778,0.13152770661005775,-0.08593114665220924,0.16799521721801525,-0.032660467226128476,-0.17109375000000004,-0.1923076923076923,0.01047409040793812,-0.04065040650406504,0.058568329718004186,0.02414231257941557,-0.03041825095057038,-0.13190896423594978,0.0,
2008-06-30,0.08083941317043064,,0.08255741529822336,,0.060090585622517345,0.08934280639431624,-0.15592077538980198,-0.1938474504846186,-0.19999999999999984,-0.20588235294117652,-11.893933140734626,-1.2104010628823383,-1.7159492295151964,-3.1697805456702253,-0.3120841153386794,-0.016412661195779554,-0.19227144203581525,-0.2142857142857142,0.009274413529732684,-0.03389830508474578,0.1588114754098362,0.023573200992555776,-0.06405228758169934,-0.173354735152488,-0.20000000000000007,
2008-09-30,0.2679546312096279,,0.2819687621385527,,0.0951147353877575,-0.1990325561171803,-0.7368946580129805,-0.8086774699424987,-0.8035714285714286,-0.7962962962962963,-0.6805576602515533,-12.480605093331484,-4.248052769494895,-2.5099432788901797,0.685010075957216,-0.0674612634088202,-0.3068844807467911,-0.33333333333333326,-0.0029729729729729426,-0.07017543859649111,0.134394341290893,0.023030303030302957,-0.14525139664804465,-0.2679611650485436,0.0,
2008-12-31,-0.033940951441036926,,-0.046284572853868666,,0.14427157971243054,0.16889461898622504,0.3320683111954459,-0.23770491803278693,-0.36363636363636354,-0.36363636363636354,-2.1037713472485766,-0.5961425713370445,-0.7283662807195197,-2.2425888210002265,-0.5051517939282428,-0.10122699386503076,-0.36868686868686873,-0.34090909090909094,-0.026565464895635826,-0.10377358490566047,0.2509742790335152,0.02251184834123232,0.013071895424836555,-0.3519009725906278,-0.25,
2009-03-31,-0.04407434856729864,,-0.049385310392357606,,0.01983413628628261,0.45274584929757333,2.04985754985755,4.444444444444445,4.714285714285714,4.714285714285714,-6.453529601375309,-1.0412170555397577,-2.094549476659634,-0.9922054270624658,-0.007956869306562586,-0.33731513083048914,-0.19199999999999995,-0.10344827586206895,0.023670286828181508,-0.3157894736842105,0.03676012461059197,0.0028968713789105927,0.07258064516129048,-0.26193724420191,0.3333333333333335,
2009-06-30,-0.02527236594285842,,-0.019443748906492142,,-0.09064949410672529,0.02389610389610386,0.2709014479215319,-0.2942725477287689,-0.29999999999999993,-0.29999999999999993,0.03441957601071799,10.501815541031227,0.6089226565862604,6.233644859813084,-0.05801881488699823,0.3781115879828325,-0.23432343234323438,0.11538461538461542,0.01414581066376508,0.33846153846153837,0.7229567307692308,0.0028885037550550052,0.08721804511278197,-0.27541589648798526,0.0,
2009-09-30,0.007089066544559985,,0.003675457134981075,,0.048376258351317425,0.03898840885142252,0.31863285556780596,2.0167910447761193,1.964285714285714,1.928571428571428,-0.854770203607413,-0.9000820810708423,-0.8238461896343166,1.6259689922480618,-0.16173954561731585,0.21613204609156011,0.8318965517241381,0.517241379310345,0.04908798283261806,0.2068965517241379,0.5838855946982906,0.002880184331797375,0.04426002766251713,0.6479591836734695,0.25,
2009-12-31,-0.00441938276607301,,-0.006457464407299329,,0.019179922713293385,-0.1298925700548419,-0.08639910813823859,-0.08812615955473102,-0.10843373493975905,-0.09756097560975607,0.444327868852459,-3.60347551342812,-1.1570815450643777,-2.2639606396063963,0.2438769698120371,0.12035851472471193,0.38588235294117634,0.2954545454545454,0.011761697775505064,0.06666666666666665,-0.38625853336269533,0.0028719126938541173,0.02516556291390737,0.3529411764705883,0.0,
2010-03-31,0.0510863985976302,,0.05595717187821436,,-0.0038944153841502516,0.19456915903988947,0.014643075045759568,0.008477449983045116,0.013513513513513598,0.0,0.7372196495051302,0.6822815533980582,-0.880201765447667,0.015181004281821675,0.19903838815538433,-0.050514285714285734,0.1307300509337861,0.10526315789473673,-0.005559767500631807,-0.0625,-0.3347685683530679,0.00286368843069873,-0.05297157622739013,0.13501144164759715,0.0,
2010-06-30,-0.057017149577955895,,-0.06502847430970404,,0.038847505782505065,-0.09287701926204328,0.44167167769092,0.4663752521856086,0.45333333333333337,0.472972972972973,0.48562617604014213,-7.314817486654163,-402.53333333333336,-0.7346625766871165,0.044045573165298224,0.019740009629273025,0.2867867867867866,0.15873015873015883,0.044472681067344366,0.028571428571428692,-0.11434735706580357,0.002855511136493183,0.10368349249658926,0.3286290322580645,0.0,
2010-09-30,0.06334399029999216,,0.06775520524998924,,0.015836839644693734,-0.05087446715270305,-0.07862356621480704,-0.0786516853932584,-0.06422018348623859,-0.07339449541284415,-2.871758786897935,-1.6049282580881008,-1.8420528325628949,-7.391618497109826,-0.26964579650064013,-0.09277620396600561,0.03850641773628927,0.041095890410958846,0.033333333333333215,-0.12962962962962976,-0.3093788063337394,0.0028473804100228595,-0.04202719406674904,0.08801213960546272,0.0,
2010-12-31,-0.011201931270851895,,-0.01334813862427675,,0.013093252027843283,0.09544996642041648,0.09348121321865088,0.097809855649577,0.0980392156862746,0.10891089108910901,-1.0356008345707788,-1.6285007459445169,-1.3261347834208506,-1.4077549174768258,0.15054257095158596,0.03200624512099903,0.08314606741573027,0.09210526315789469,-0.005180127148575409,-0.010638297872340274,-0.022927689594356204,0.0028392958546281655,0.02580645161290329,0.0704323570432357,0.0,
2011-03-31,0.03804108887162627,,0.03917797536851686,,0.025507364882513928,-0.03360410759445165,0.14986545228731107,0.16436182271593736,0.1517857142857142,0.1428571428571428,-4.156810982048574,-2.977404525104414,-3.1423616635377223,-2.1361242029387304,-0.1486560017412123,0.14725163893091286,0.10995850622406644,0.12048192771084332,0.02934911242603544,0.16129032258064524,0.03700361010830333,0.014156285390713563,-0.01132075471698113,0.16482084690553744,0.0,
2011-06-30,0.02211075530864215,,0.02295938218533955,,0.012630261686175981,0.0617739185599302,-0.02232223222322227,-0.013434579439252303,-0.007751937984496138,-0.0078125,-11.821876567987958,0.21557514055614657,-0.673286002851711,-2.7074182528062467,0.29813796923601354,-0.043516483516483406,0.020560747663551426,0.0,0.03242124626350873,-0.07407407407407418,-0.15839860748476942,0.013958682300390768,-0.008905852417302906,0.022371364653243964,0.0,
2011-09-30,0.01890541240646537,,0.02086744174215127,,-0.0032371130638291223,-0.11262556480824526,-0.2152458110845148,-0.22281428853364915,-0.1953125,-0.20472440944881887,-0.8795592235410484,-0.7017388152055701,0.9566304496067646,2.758753751607832,0.8632574016936914,-0.1833639705882354,-0.016483516483516536,-0.02150537634408589,0.022717149220490063,-0.20999999999999996,-0.2150982419855222,0.013766519823788625,-0.02182284980744531,-0.003829321663019525,0.0,
2011-12-31,-0.010242700634271684,,-0.011739227215794568,,0.007054809174543486,-0.0964524681227118,-0.1252932895354294,-0.12976130015236165,-0.13592233009708743,-0.1089108910891089,2.7744129346849737,-0.9545264040234702,-1.572932156133829,-0.8921673003802282,0.049959482788993315,-0.07990996060776578,-0.062383612662942234,-0.07692307692307698,0.0028310104529616353,-0.10126582278481022,-0.07905138339920947,0.013579576317218844,0.018372703412073532,-0.007688083470620555,-0.20000000000000007,
2012-03-31,0.02399690704177604,,0.023376983881138402,,0.031028528160459423,0.21335755204694706,0.3208154506437768,0.3355704697986577,0.348314606741573,0.3222222222222222,-0.8549670225062895,40.808294930875576,-2.433634778377063,-2.4876586741889986,-0.07078621522767692,0.18226299694189585,-0.04369414101290969,-0.04761904761904756,0.035179153094462734,0.18309859154929575,0.24034334763948495,0.016077170418006492,0.0077319587628865705,-0.04039845047039292,0.0,
2012-06-30,-0.012937878529276414,,-0.015167805077209384,,0.01216786689843552,-0.14862582527253188,0.007311129163281915,0.012235088485907708,0.008333333333333304,0.025210084033613578,8.8413033286451,-0.5458754023191217,-1.862327449649242,1.4927707987674803,-0.18989581640575626,-0.01422659079151567,-0.03738317757009335,-0.025000000000000022,0.014894063352213216,-0.04761904761904756,0.005767012687428075,0.015822784810126667,0.025575447570332255,0.02249134948096887,0.0,
2012-09-30,0.01359651306073939,,0.010967923933108858,,0.042391372434384955,0.13372407574391354,0.1508064516129033,0.15389596373839853,0.165289256198347,0.14754098360655732,-1.3968034680704093,-0.8175242718446603,-1.943217976053797,-1.8060283350765427,0.18894040030312476,0.09367620047231706,0.06040992448759441,0.07692307692307687,0.03658536585365835,0.07499999999999996,0.10665137614678888,0.015576323987538832,0.023690773067331916,0.06937394247038897,0.0,
2012-12-31,0.01630864642154939,,0.015781081273440467,,0.02191363743346031,-0.05937326016066169,-0.002803083391730854,-0.004676393565282488,-0.007092198581560294,-0.0071428571428571175,-0.7292154391019869,12.329076882149508,0.8809904708910066,-0.955172820573316,0.0071237088277749105,-0.2511996161228407,0.07731434384537117,0.09523809523809534,0.0159521435692922,-0.2790697674418604,-0.31295336787564776,0.015337423312883569,0.0073081607795371095,0.08069620253164556,0.0,
2013-03-31,0.012804660679459179,,0.012617211861134958,,0.01478421514291739,0.06210628672895613,0.14704848910751922,0.15222702499530172,0.15000000000000013,0.14388489208633115,-5.425626246951896,0.10679786045026352,-0.4789779240468883,-22.576315789473686,-0.15261619790406344,0.525152194809356,0.05571293673276689,0.0652173913043479,0.023552502453385582,0.5,0.38009049773755654,0.015105740181268867,-0.002418379685610539,0.08833577354807232,0.0,
2013-06-30,0.020986888060304354,,0.021991849744966485,,0.010396646803743304,0.0035427115675503718,-0.005054372798284579,-0.004893165878323225,0.0,0.0062893081761006275,2.4321779202564615,0.5650527454692995,-0.931582682753726,0.9892669837785095,-0.3582725595290396,0.07079831932773106,0.04919499105545633,0.05102040816326525,0.007478427612655825,0.053763440860215006,-0.005464480874317057,0.018849206349206282,-0.016969696969696968,0.03587443946188351,0.0,
2013-09-30,0.009762270372462467,,0.011830037372408064,,-0.012277825835527834,-0.08305898219031371,-1.0584975369458127,-1.1065399114899197,-1.1055900621118013,-1.10625,-0.6121278458844133,-0.46012213388639245,9.861514522821576,-1.0889025137952177,0.04963373724926412,0.04963704139690006,-0.2659846547314578,-0.2621359223300971,-0.010087552341073502,0.04081632653061229,-0.016483516483516536,0.018500486854917453,-0.020961775585696785,-0.24632034632034638,0.0,
2013-12-31,-0.019331720056233292,,-0.023099840071894584,,0.021812551410461012,0.0016870701215556672,-14.889473684210527,-8.70923076923077,-8.823529411764707,-8.705882352941178,-1.2674492982654175,-1.8238005805019635,-2.085191729143785,5.280689655172414,0.29699321680146107,0.016822429906542036,-0.024390243902438935,-0.02631578947368418,0.015573928090751865,0.02941176470588247,0.3787709497206704,0.018164435946462776,0.04282115869017633,-0.013210798391728895,0.0,
2014-03-31,0.025374541176451215,,0.023959962095902343,,0.04014149201147843,-0.007039212299188136,-0.0007578628268283261,-0.02255038914388341,-0.03007518796992481,-0.022900763358778664,-3.063449634214969,-2.7722797927461142,-2.774169416941694,-2.4768859119358737,-0.3381861155113022,0.06323529411764706,-0.08333333333333337,-0.08108108108108114,0.023286633850813976,0.04761904761904767,0.08265802269043765,0.017840375586854362,-0.0024154589371979673,-0.05355064027939471,0.0,
2014-06-30,0.017501108201661175,,0.015811150424993148,,0.034868316223168216,0.06354107771930595,0.1348122866894197,0.13781135157207025,0.13953488372093026,0.140625,-1.2980159541828595,-0.5683671977781026,-0.12897465152041276,-1.089368029739777,0.045666957942327446,-0.012275242047026347,-0.04805194805194801,-0.044117647058823484,0.02738205365402413,-0.036363636363636376,0.06362275449101817,0.01845018450184499,0.00363196125907983,-0.0264452644526445,0.0,
2014-09-30,0.002646075761327138,,0.0011801020661816874,,0.017434033979429442,-0.008505765927864561,-0.0690058479532164,-0.07859321729768531,-0.0680272108843537,-0.06849315068493145,-0.43971631205673756,-1.0781630994310485,-1.0391537103479698,-2.7895174708818633,-0.07815281764342552,0.02240504113425512,0.36425648021828105,0.36923076923076925,0.017468035296236195,-0.009433962264150941,0.059113300492610765,0.018115942028985588,0.008443908323281013,0.3733417561591914,0.0,
2014-12-31,0.018251249997526697,,0.019746677306719196,,0.003407169757476902,-0.07151695124969071,-0.1150394831299354,-0.12619279454722487,-0.11678832116788329,-0.1250000000000001,-12.737852184565128,-31.331889081455806,-33.12145454545455,-2.1431892143189213,0.09691786221031062,0.008046567368601432,-0.039000000000000035,-0.0337078651685393,0.006371681415929142,-0.00952380952380949,-0.2770764119601329,0.017793594306049654,-0.014354066985645897,-0.018859245630174937,0.0,
2015-03-31,0.0015630793050942504,,9.525595445825097e-05,,0.016370413461745725,0.06902985074626855,0.19935104441289808,0.21506574548696245,0.20661157024793386,0.2184873949579833,-0.48239755096361236,-0.6550295688940948,-0.901804514682908,-3.0374135827572184,-0.1800150910854802,-0.0044157608695652995,0.015608740894901052,0.023255813953488413,0.01600422089342257,-0.009615384615384581,0.018382352941176405,0.0174825174825175,0.009708737864077666,0.015939990623534905,0.0,
2015-06-30,-0.04949230699983087,,-0.05675945335978039,,0.02264440525048328,-0.010554308983628302,0.06357795062563398,0.059427732942039624,0.06849315068493156,0.0620689655172415,0.16244371261509505,-5.2079089026915115,-28.153792944431636,-1.2542914171656687,0.05582577450593762,0.10423063800750598,0.0010245901639343025,0.022727272727272485,0.012463216202180938,0.08737864077669921,0.07039711191335729,0.018900343642611617,0.061298076923077094,0.0166128287955698,0.0,
2015-09-30,-0.013258496594748759,,-0.016754709530998557,,0.018751684251984813,-0.04333949269275994,0.08171701112877594,0.08552631578947367,0.08974358974358965,0.09090909090909083,0.4525901942645698,-0.9778490666299289,-0.7445442657473295,-3.2268445839874413,-0.1177422701805354,-0.06782017611617486,0.04401228249744116,0.06666666666666665,0.020174388784407693,-0.0803571428571429,-0.08178752107925791,0.018549747048903997,0.029445073612683892,0.0712664548343167,0.0,
2015-12-31,-0.027066497705327985,,-0.03097919169860086,,0.0075083018622217335,0.00460930640913082,-0.20135214579659022,-0.2172248803827751,-0.2176470588235293,-0.20833333333333326,-0.35651170195828685,11.109284762327855,0.4625049860390906,-0.7292915051110328,-0.036127575500987885,0.05701027510772283,0.007843137254902155,0.04166666666666674,0.01139601139601143,0.03883495145631066,-0.0009182736455463081,0.018211920529801473,0.03630363036303641,0.014830508474576343,0.0,
2016-03-31,0.030662950770039332,,0.03304271371710321,,0.010437325556502453,0.015468647585754836,0.01582627898417366,0.016911165444172704,0.022556390977443552,0.015037593984962516,-2.3226325230407623,-2.2686550737398194,-2.2178735397063503,1.9661458333333335,-0.11117618350414837,-0.08576356224521797,-0.031128404669260812,0.0,0.01541010770505391,-0.09345794392523377,-0.10661764705882348,0.01788617886178856,-0.018046709129511784,-0.011691022964509412,0.0,
2016-06-30,0.017446926489226966,,0.018412339423394153,,0.009058311380452988,0.04909849821420886,0.12318840579710155,0.13524343818873974,0.1470588235294117,0.14814814814814814,-0.9287284291259412,-0.49443335935918564,-0.616023439832786,-1.6575943810359965,0.08225345925763228,0.056937060538501116,-0.016064257028112316,-0.009999999999999898,0.022682767624020883,0.04123711340206193,0.07510288065843618,0.019169329073482455,-0.00756756756756749,-0.010984368398817002,0.0,
2016-09-30,0.022275288553243566,,0.02395340233178067,,0.007558740685278176,0.012018047579983593,0.013870967741935525,0.014295799505824158,0.025641025641025772,0.019354838709677358,-3.7506561679790025,2.4340788194245837,1.7965978128797082,0.12149532710280364,0.0852359208523592,0.027583968846341067,-0.03367346938775506,-0.030303030303030498,0.017871389819690497,0.0,0.02583732057416288,0.018808777429467183,-0.01416122004357312,-0.04357112345151648,0.0,
2016-12-31,-0.011922512593072088,,-0.01319805285044584,,-0.0005543956497634506,-0.05256758399870298,0.07015590200445443,0.07516965373238205,0.08124999999999982,0.08227848101265822,8.282204198473282,-0.9525800326459909,-1.580952380952381,0.47797619047619055,0.11608228143992516,0.21190588978367275,0.05174234424498403,0.04166666666666674,0.00109735068192518,0.18811881188118806,0.23227611940298498,0.01846153846153853,0.012154696132596676,0.054488610987047936,0.0,
2017-03-31,0.022207395346073744,,0.02398311502864381,,0.006581690861166889,0.05556981519507187,-0.04147465437788023,-0.03301505097912283,-0.040462427745664775,-0.03508771929824561,-1.5149186605330112,8.496663154197401,-2.304445375134618,-2.3648811921063233,-0.141959535877351,0.15309446254071668,0.03714859437751006,0.020000000000000018,0.012840588787973894,0.15833333333333321,0.08251324753974254,0.018882175226586195,-0.015283842794759805,0.027954256670902122,0.0,
2017-06-30,0.006630823668945851,,0.006227659733316182,,0.010239854922360792,0.03221884498480243,0.09010545905707201,0.09707112970711296,0.10240963855421703,0.10303030303030303,-1.3499700539029746,-0.628583052853497,-0.9012498566678133,-1.3827087636470936,0.06331771138449516,-0.015254237288135575,0.030977734753146136,0.02941176470588225,0.02118119975262811,-0.028776978417266008,-0.060839160839160855,0.018532246108228234,0.005543237250554389,0.026370004120313206,0.0,
2017-09-30,-3.9014128576542184e-05,,4.3389764625700877e-07,,-0.0003907413640354962,-0.005653710247349841,-0.04225352112676062,-0.04469870327993897,-0.032786885245901676,-0.03296703296703296,-1.4298345693097547,-2.4675363473411673,-3.672085462145843,-0.8357748650732459,0.009779165327579165,0.055421686746987886,0.016901408450704203,0.00952380952380949,0.013626040878122803,0.02962962962962945,0.013402829486224954,0.020378457059679667,-0.0011025358324145973,0.014050582095543884,0.0,
2017-12-31,-0.011499472898558571,,-0.01162194340935796,,-0.01040707170004107,-0.04631603885335234,-0.3713606654783126,-0.397157457681252,-0.38983050847457623,-0.3920454545454545,-5.491373589913736,-0.18171948157698314,0.8914479402051103,16.995305164319248,0.174274802218787,0.10578386605783852,-0.09787626962142193,-0.09433962264150952,-0.0005974607916356955,0.09352517985611519,0.07714915503306408,0.019971469329529423,0.0,-0.10332541567695952,0.0,
2018-03-31,0.030069861067256065,,0.03322216403040157,,0.0019867575569139095,0.15542582701941798,1.0586011342155008,1.182251655629139,1.2037037037037033,1.2149532710280373,-3.593558395508606,-4.7333941454515305,-3.7840371272342965,-5.3026350117401515,15.061176288380377,0.09782715563858035,0.09928352098259974,0.08333333333333348,0.010162905395307176,0.09868421052631571,0.20873124147339683,0.01958041958041945,-0.026490066225165587,0.06578366445916117,0.0,
2018-06-30,-0.007561925599235186,,-0.008919163284590637,,0.004906304034722808,-0.005518328734726019,-0.045454545454545414,-0.04345714979363924,-0.02941176470588225,-0.03375527426160341,-2.016406049730838,-1.1343150973989915,-1.7727970423674264,-0.41595925297113756,-0.023220157565354893,-0.022658069138456027,0.05493482309124764,0.04807692307692313,0.018641810918774926,-0.0359281437125748,-0.12246049661399538,0.019204389574760006,0.012471655328798237,0.030654515327257714,0.0,
2018-09-30,0.009703673674253288,,0.010132504955860266,,0.005818424752775275,-0.017763845350052265,0.007696007696007756,0.06345177664974622,0.017316017316017396,0.02183406113537112,-0.6304049320442764,-1.1336199768480237,-1.0545244858296137,-2.444871262458472,0.03434769731970966,0.014569779162466823,0.08208296557811123,0.05504587155963292,0.009731299927378423,0.0,-0.04951768488745989,0.026917900403768513,-0.01007838745800671,0.06149517684887473,0.0,
2018-12-31,0.0028101283925445752,,0.004154947719383628,,-0.009426311805866616,-0.04222303741746147,-0.15680190930787585,-0.15680190930787585,-0.174468085106383,-0.18376068376068377,-0.9680036393964667,194.80569306930693,5.987465726596161,-11.081483078249622,-0.33477691322056713,-0.06105491329479773,0.11582381729200653,0.07826086956521738,0.012370540851553535,-0.06832298136645965,-0.128552097428958,0.026212319790301475,-0.005656108597285048,0.09617569102612644,0.0,
2019-03-31,0.04371958092408401,,0.04705545226429053,,0.0129505097167808,0.11543912060975137,0.29903764506085473,0.29903764506085473,0.365979381443299,0.38743455497382207,-192.65876777251185,-1.2294467514900986,2.892314591625091,-1.1697100581594253,0.08540745284135531,-0.017218160831088847,0.02631578947368407,0.008064516129032251,0.01989201477692526,-0.033333333333333326,-0.10947204968944102,0.025542784163473664,-0.03185437997724694,0.01830742659758222,0.0,
