Quarter end,Assets,Current Assets,Liabilities,Current Liabilities,Shareholders equity,Revenue,Earnings,Earnings available for common stockholders,EPS basic,EPS diluted,Cash from operating activities,Cash from investing activities,Cash from financing activities,Cash change during period,Cash at end of period,Price,ROE,ROA,Book value of equity per share,P/B ratio,P/E ratio,Cumulative dividends per share,Equity to assets ratio,Net margin,Asset turnover,Current ratio
1993-12-31,0.03816289443251275,0.11806280620030529,0.07057098704283393,0.1307426313189528,-0.009571611999533047,0.0035377358490567,-0.17618270799347469,-0.17618270799347469,-0.16049382716049387,-0.16666666666666674,0.00592592592592589,-4.419087136929461,-0.5851557322730285,-0.12482468443197758,0.7268093781855249,-0.03976861894432393,-0.004976362279173974,0.0092592592592593,-0.002645502645502562,-0.017069701280227556,0.13606194690265494,inf,-0.04599406528189909,0.0009302325581395099,0.0,-0.011218417715344708
1994-03-31,0.03816289443251275,0.11806280620030529,0.07057098704283393,0.1307426313189528,-0.009571611999533047,0.0035377358490567,-0.17618270799347469,-0.17618270799347469,-0.16049382716049387,-0.16666666666666674,0.00592592592592589,-4.419087136929461,-0.5851557322730285,-0.12482468443197758,0.7268093781855249,-0.03976861894432393,-0.004976362279173974,0.0092592592592593,-0.002645502645502562,-0.017069701280227556,0.13606194690265494,inf,-0.04599406528189909,0.0009302325581395099,0.0,-0.011218417715344708
1994-06-30,0.03057652086932805,0.05832914302133463,0.04256421644829378,0.06953545944371631,0.011490866234531438,0.0035377358490567,-0.17618270799347469,-0.17618270799347469,-0.16049382716049387,-0.16666666666666674,0.00592592592592589,-4.419087136929461,-0.5851557322730285,-0.12482468443197758,0.3683589138134593,-0.01957831325301207,-0.004976362279173974,0.0092592592592593,0.01591511936339529,-0.017069701280227556,0.13606194690265494,1.0,-0.018662519440124425,0.0009302325581395099,0.0,-0.01045777426992911
1994-09-30,0.028103147817263308,0.06522772008416489,0.015585061062198147,-0.11750289332153308,0.0486454995630643,0.07730842971117569,0.4303630363036304,0.4303630363036304,0.4117647058823528,-0.16666666666666674,0.6396661757486499,-0.04247572815533984,1.8722044728434506,0.3237179487179487,0.35634167385677307,0.043010752688172005,-0.004976362279173974,0.0092592592592593,0.057441253263707415,0.026049204052098318,0.13606194690265494,0.5294117647058822,0.02007395668251455,0.0009302325581395099,0.0,0.20707876370887357
1994-12-31,-0.04149591263114982,-0.08659360265069449,-0.07022756667948404,-0.08570546941294455,0.004166666666666652,-0.08605545668522874,-0.2925703737886479,-0.2925703737886479,-0.29166666666666663,-0.16666666666666674,-0.32155688622754486,0.24461343472750308,-0.07563959955506117,-1.582324455205811,-0.15298982188295163,0.0758468335787923,-0.004976362279173974,0.0092592592592593,0.009876543209876631,0.016925246826516194,0.13606194690265494,0.34615384615384603,0.047643707923355816,0.0009302325581395099,0.0,-0.0009911621376064161
1995-03-31,0.05034360799588122,0.08985001743983267,0.06786224528160023,0.13356395545055677,0.024564315352697097,0.07788944723618085,0.27853881278538806,0.27853881278538806,0.3088235294117647,-0.16666666666666674,-0.05692850838481911,-0.3207739307535642,-0.27496991576413954,-1.5945945945945947,0.10739767179872328,-0.031485284052019114,-0.004976362279173974,0.0092592592592593,0.02933985330073363,-0.04022191400832176,0.13606194690265494,0.25714285714285734,-0.024468610973801375,0.0009302325581395099,0.0,-0.03852831748656471
1995-06-30,0.011764204424363767,0.05402291493311151,0.017392528958208642,0.02180870859694828,0.003131918570117076,0.0373543123543123,-0.30663265306122445,-0.30663265306122445,-0.3033707865168539,-0.16666666666666674,0.2288254562470753,0.08095952023988007,-0.13692946058091282,1.8741258741258742,0.2787385554425228,0.16501766784452299,-0.04051012753188299,0.0092592592592593,0.0071258907363420665,0.13150289017341033,0.13606194690265494,0.20454545454545459,-0.00861413731948324,-0.044609665427509326,0.01379310344827589,0.0314730415340958
1995-09-30,0.019505413489488976,0.0586020525900286,0.03003772017856532,0.04953379953379944,0.003122140280992669,0.03629009606201894,0.692420897718911,0.692420897718911,0.6935483870967742,-0.16666666666666674,0.46610814927646604,0.05409153952843271,1.1240384615384613,0.051094890510948954,0.22911694510739866,0.06430087958750397,0.010164190774042181,0.0092592592592593,0.011792452830188704,0.05747126436781591,0.08471275559883162,0.17924528301886777,-0.01610017889087645,0.0038910505836575737,0.006802721088435382,0.008670279283034654
1995-12-31,-0.08789256198347106,-0.1803579623680588,-0.051335461112044345,-0.12173792337590228,-0.14628387442983637,-0.0985526101805172,-1.3113043478260868,-1.3113043478260868,-1.3238095238095238,-0.16666666666666674,-0.5332467532467533,0.23815789473684212,0.42055228610230877,-3.7962962962962963,-0.5212513484358144,0.06868053576517519,-0.2936016511867905,-0.31258191349934483,-0.13752913752913754,0.05555555555555558,0.03904847396768396,0.15999999999999992,-0.0638961038961039,-0.32170542635658905,0.013513513513513598,-0.06678237870898418
1996-03-31,0.028428396683731316,0.07320828667413215,0.0759287459715976,0.15852694800063216,-0.05588031931611037,0.07396716579469609,-3.8784916201117317,-3.8784916201117317,-3.8235294117647056,-0.16666666666666674,0.0011129660545352582,-0.4835281615302869,-0.5863607393244105,-1.0049668874172186,0.00540784136998651,0.02079999999999993,0.07268078889700513,0.028598665395614953,-0.04594594594594603,0.18421052631578938,0.4898488120950326,0.13793103448275867,-0.08213096559378474,0.009999999999999787,0.020000000000000018,-0.07359844123638293
1996-06-30,0.009316975397017702,0.03228120516499278,0.06250617162042071,0.1077080491132334,-0.09826897470039941,-0.07531216753457637,-0.6210577389616692,-0.6210577389616692,-0.6145833333333333,-0.16666666666666674,-0.282934963868816,0.16666666666666674,-0.6933744221879815,25.0,0.1398476019722097,-0.0653082549634274,-0.0449438202247191,-0.10750695088044482,-0.09348441926345596,-0.020289855072463725,-0.09394027254276605,0.11515151515151523,-0.10640870616686826,-0.09900990099009888,-0.013071895424836666,-0.06806883365200767
1996-09-30,0.010954958100558576,0.015414745088129456,0.013971499380421415,0.32083256358150125,0.0037655050206732987,0.018287513624803298,1.0422535211267605,1.0422535211267605,1.0270270270270272,-0.16666666666666674,0.9085271317829458,0.3298059964726632,2.1457286432160805,0.47756410256410264,0.18128195045222184,-0.000838457238680812,-0.0862745098039217,-0.14953271028037385,0.009374999999999911,0.10157790927021693,0.12159999999999993,0.11413043478260865,-0.007104194857916024,-0.13814756671899542,-0.013245033112582738,-0.23122691834222409
1996-12-31,0.09010059146051885,-0.048964101287874096,0.15108001588707953,0.025222621101216758,-0.056712026480323696,-0.07367982873453849,-0.4526645768025078,-0.4526645768025078,-0.45333333333333337,-0.16666666666666674,-0.3647441104792851,7.038461538461538,-4.105431309904153,-2.227765726681128,-0.18841544607190408,-0.08307692307692305,0.5072181037846275,0.3785103785103785,-0.049535603715170295,-0.09131602506714409,0.07503566333808842,0.102439024390244,-0.134923339011925,0.4480874316939891,-0.046979865771812124,-0.07245796637309831
1997-03-31,0.016792079207920807,0.06757817610885786,0.04167109034929406,0.0878581173260573,-0.05630068621334994,0.08422674455928614,0.8396334478808705,0.8396334478808705,0.878048780487805,-0.16666666666666674,0.08951406649616378,-0.8858274212176208,-1.2934670781893005,-0.6908127208480566,-0.07178014766201801,0.043929225137278705,-0.03442920010354644,-0.11337466784765282,-0.05211726384364812,0.09852216748768483,-0.2704352441613589,0.09292035398230114,-0.07168176447420249,-0.07169811320754715,-0.042253521126760396,-0.01855848079413036
1997-06-30,-0.00856898029134534,-0.016238740118879824,0.004331651633287414,-0.19889641334336594,-0.050404891753429215,0.01823672212682803,0.018679950186799577,0.018679950186799577,0.025974025974025983,-0.16666666666666674,0.431338028169014,0.021676300578034713,0.6906222611744084,0.32000000000000006,-0.102076889085285,0.10227936879018129,0.22439678284182296,0.1458541458541458,-0.04467353951890041,0.16233183856502253,0.19316114950891228,0.08502024291497978,-0.04242681374628754,0.1639566395663956,-0.014705882352941235,0.22793902081501027
1997-09-30,0.01545925984128238,0.04241933474523485,0.010198903998376307,0.01763723648507609,0.03350156630699619,0.04890387858347389,0.26650366748166254,0.26650366748166254,-0.3670886075949368,-0.16666666666666674,0.16769167691676912,0.35219236209335225,-0.41057542768273714,-4.082251082251082,0.3503937007874016,0.22454931071049833,0.1219619005911976,0.05492589363557099,0.039568345323741205,0.28240740740740744,0.03536585365853662,0.08582089552238803,0.018165706690296712,0.06402793946449359,-0.014925373134328401,0.024352393458278554
1997-12-31,-0.05646580907244414,-0.12297579922318491,-0.025541212516952183,-0.1501897241308584,-0.16014144986107604,-0.1031710832686551,-0.9295366795366795,-0.9295366795366795,-0.92,-0.16666666666666674,-0.3655196629213483,-0.01882845188284521,0.6411609498680739,-2.4213483146067416,-0.3688046647230321,-0.0216497077289457,-0.062060889929742236,-0.10991735537190073,-0.15916955017301038,-0.05896510228640195,-0.10394581861012964,0.07560137457044669,-0.11009573542210627,-0.12582056892778992,0.022727272727272707,0.03204754690595513
1998-03-31,0.03169591602427424,0.07487906247870812,0.030927037962939163,0.06359741748627279,0.03468671679197999,0.015577672003461718,10.691780821917808,10.691780821917808,9.5,-0.16666666666666674,-0.23353624792473715,-0.11407249466950964,-0.672561629153269,-0.9209486166007905,-0.04618937644341803,0.01239212215091845,0.059925093632958726,0.0241411327762302,0.03703703703703698,0.2039641943734014,0.13900755833059475,0.07028753993610226,0.0029339853300733854,0.026282853566958808,0.0,0.010614272809394754
1998-06-30,-0.004868645920273473,-0.01977687626774849,0.0037499062523436155,0.024848244170874167,-0.038271485321189846,0.04297279201412141,-0.16110134739308724,-0.16110134739308724,-0.16666666666666674,-0.16666666666666674,0.4743682310469315,0.25511432009626955,0.19476268412438635,-4.425,0.16585956416464898,-0.11278688524590152,-0.0007852375343541107,-0.03263825929283759,-0.031746031746031744,-0.1444503451938396,-0.1356030005770339,0.06865671641791038,-0.03364212579229653,-0.03658536585365857,0.0,-0.04357541899441342
1998-09-30,0.02202607983705085,0.04759441282979826,0.03656197853104537,0.07589261001937442,-0.036772113640943016,0.053866355412897526,-0.009078212290502763,-0.009078212290502763,0.0,0.0,0.09794319294809006,-0.24928092042186,0.8315068493150686,-0.5766423357664234,0.06022845275181732,-0.1529933481152993,-0.07072691552062871,-0.11996251171508909,-0.032786885245901676,-0.1253879577901924,-0.12416555407209617,0.06424581005586583,-0.057517658930373305,-0.12151898734177213,0.0,-0.026285046728971917
1998-12-31,-0.012993356779992138,-0.07623456790123462,-4.8054974891242885e-05,-0.11581601152500509,-0.06934421085660492,-0.11402148632185183,-0.6701902748414377,-0.6701902748414377,-0.6857142857142857,-0.6857142857142857,-0.3184656556645852,0.6896551724137931,-0.32311144353029175,-6.844827586206897,-0.3320274240940254,0.015415939499708875,0.09809725158562377,0.059637912673056626,-0.06779661016949146,0.04968062455642297,0.14672256097560976,0.06036745406824151,-0.05728051391862954,0.07060518731988474,-0.007407407407407418,0.044751049790042075
1999-03-31,0.007819459566465348,0.05212161710658192,0.011005118100776201,0.025370963049170747,-0.0070802427511800214,0.0908806800425026,1.5384615384615383,1.5384615384615383,1.6363636363636362,1.6363636363636362,-0.020287958115183247,-0.6311413454270597,0.0011049723756906271,-1.0589970501474926,0.029325513196480912,0.0876539673446004,-0.06738544474393526,-0.10653266331658284,-0.00909090909090915,0.16700473292765405,0.025922233300099684,0.05940594059405946,-0.014764338444065994,-0.11574697173620474,0.00746268656716409,0.026067983463481825
1999-06-30,-0.00646238460027504,-0.0031756113051762958,-0.021247771836007123,-0.04369786050734914,0.0639501980758348,0.022403025267862198,0.297979797979798,0.297979797979798,0.3103448275862071,0.3103448275862071,0.0013360053440214514,0.19057377049180335,-0.009933774834437137,-1.05,-0.0014245014245014564,-0.08454042665262052,0.039017341040462394,0.02249718785151833,0.06422018348623837,-0.07647740440324458,0.02364755425979914,0.05373831775700921,0.0708933717579252,0.013698630136986578,0.014814814814814836,0.042417459429211046
1999-09-30,-0.03507245803760306,0.07448231920993953,-0.01231150287754057,-0.026229897335469654,-0.13478723404255322,0.04707464694014796,-1.230869001297017,-1.230869001297017,-1.2105263157894737,-1.2105263157894737,0.666444296197465,-0.4388984509466437,1.2976588628762542,-54.0,0.07560627674750364,0.014096662830840101,-0.35942777667395187,-0.3773377337733773,-0.1336206896551725,-0.0470514429109159,-0.012974683544303756,0.055432372505543226,-0.10333692142088269,-0.3903903903903905,0.014598540145985162,0.10339274210865379
1999-12-31,-0.014751982297621202,-0.06949715370018972,-0.01767714018783495,-0.03236029008470964,-0.00012295585884669613,-0.1510918432883751,-3.8342696629213484,-3.8342696629213484,-4.0,-4.0,-0.01601281024819856,2.2116564417177913,-0.3148956817079088,-1.0188679245283019,-0.0013262599469495706,0.006241134751773014,0.21650124069478904,0.204946996466431,0.0,0.16194865042791307,0.6245591535748638,0.050420168067226934,0.015006002400960394,0.19211822660098532,0.014388489208633004,-0.03833803639194322
2000-03-31,0.03439599060037013,0.027784858526637812,0.03075960455512461,0.3242851744552211,0.05226266601082141,0.10453313158060662,0.6025768087215064,0.6025768087215064,0.6666666666666667,0.6666666666666667,-0.19283970707892595,0.5253104106972302,-0.7464589235127479,10.5,-0.015272244355909681,-0.2774175359458697,0.13615502294747572,0.13343108504398815,0.04975124378109452,-0.2776203966005665,-0.39056641010459847,0.04800000000000004,0.01714961561206385,0.12603305785123964,0.007092198581560183,-0.22391986238996253
2000-06-30,0.010172694557809558,0.04644097222222232,0.010052447552447497,0.0284871831454796,0.01075143157648717,-0.23106341686169307,-0.06679035250463827,-0.06679035250463827,-0.07500000000000007,-0.07500000000000007,-0.024697580645161255,-0.4001252348152786,0.9916201117318435,-11.434782608695652,0.1618341200269724,0.0792040577448303,0.013464991023339312,-0.0064683053040103244,0.009478672985782088,0.028235294117646914,-0.04695595854922274,0.04770992366412208,0.000581395348837388,0.05871559633027523,-0.06338028169014076,0.01747066492829208
2000-09-30,-0.005035126475212426,0.018131184452213178,-0.016587335929612035,0.2004531582354574,0.05052607237830964,0.01306510281345119,0.20543406229290917,0.20543406229290917,0.21621621621621623,0.21621621621621623,0.2310077519379845,-0.40501043841336115,0.9018232819074334,0.8333333333333333,0.2553685432385375,-0.03506869125090384,0.5318866253321524,0.5651041666666667,0.05164319248826299,-0.044241037376048786,-0.024804621134896343,0.04553734061930781,0.055781522370714764,0.7053726169844021,-0.08270676691729328,-0.1518452075858533
2000-12-31,-0.020622474696963655,-0.06488971658034104,-0.02248948860858513,-0.03986749354801433,-0.01221659696235966,0.8253095918516891,-0.48763056624518963,-0.48763056624518963,-0.48888888888888893,-0.48888888888888893,0.05289672544080615,0.1719298245614036,0.4682890855457227,-1.2704545454545455,-0.055016181229773475,-0.0573248407643312,-0.03642671292281008,-0.016638935108153063,-0.013392857142857206,-0.10375099760574613,-0.39965156794425083,0.04355400696864109,0.008805723720418213,-0.141260162601626,0.14754098360655732,-0.026136878682580633
2001-03-31,1.1991708024426608,0.36681603186457545,1.4972741822546762,0.1576265746609966,-0.12902506963788296,-0.4918105178643115,-0.0976394849785408,-0.0976394849785408,-0.08695652173913049,-0.08695652173913049,-0.6854066985645932,56.964071856287426,-20.787041687594172,-12.899159663865547,0.6927592954990216,0.055246422893481695,-0.11341134113411344,-0.32825719120135366,-0.12669683257918551,0.06945681211041843,0.06268136970400451,0.04173622704507518,-0.6039279869067102,-0.0662721893491125,-0.27857142857142847,0.18073223704623032
2001-06-30,-0.021248537305670556,-0.08787906383753752,-0.024664283353861838,-0.036423496794316446,0.022387105027504184,0.8507781025357453,0.3626634958382877,0.3626634958382877,0.3333333333333335,0.3333333333333335,3.3067173637515843,-0.984607438016529,-1.0979794903035842,-1.7443502824858759,-0.30462427745664744,0.02033898305084736,-0.053130287648054164,-0.23551637279596982,0.020725388601036343,0.16902581182348042,0.17422173675587116,0.040064102564102644,0.04407713498622612,-0.1951837769328263,-0.04950495049504955,-0.053343844435685184
2001-09-30,0.004630420343486152,0.033596246006389885,-0.002464116306289621,-0.024313048482232813,0.09109109109109115,0.10551026505612704,0.31151832460732987,0.31151832460732987,0.3214285714285714,0.3214285714285714,0.28340200117716297,0.39261744966442946,-0.30051813471502586,-1.8197343453510437,0.3591022443890275,0.14765596160944994,-0.05664760543245162,-0.20757825370675453,0.09137055837563457,0.12393162393162394,0.23581395348837209,0.04006163328197232,0.0870712401055409,-0.19842519685039373,-0.02083333333333337,0.05926439972241493
2001-12-31,-0.02070307334857102,-0.08138130886259354,-0.02250972642499849,-0.18622825125331766,-0.0005733944954128267,0.024825296320605483,-0.17099135063206916,-0.17099135063206916,-0.16216216216216217,-0.18918918918918926,-0.3643659711075441,0.5566265060240965,-0.09851851851851856,-2.101851851851852,-0.291131498470948,-0.025410099710517775,0.07937109301003975,-0.06860706860706856,-0.0046511627906975495,-0.10709759188846635,0.046292811441475346,0.03703703703703698,0.020631067961164984,0.05108055009823187,-0.10638297872340419,0.12893081761006298
2002-03-30,-0.0055263005613100935,-0.006466876971608859,-0.013488328015920703,-0.0459322341003805,0.08123924268502591,-0.22325195901145267,0.2247191011235956,0.2247191011235956,0.19354838709677424,0.2333333333333334,0.03715728715728717,-0.7422600619195047,-0.1211996713229252,-1.3067226890756303,0.1259706643658327,0.06105610561056096,0.09196209196209204,0.15848214285714302,0.0747663551401867,0.06600425833924772,-0.0028776978417266452,0.03571428571428581,0.08680142687277059,0.05046728971962611,0.09523809523809534,0.04131847725162485
2002-06-29,-0.006158292358868445,-0.017304334021273182,-0.01990607322019422,0.3855284398442693,0.13053167780961483,0.03070132893588129,0.13892529488859773,0.13892529488859773,0.1351351351351351,0.1351351351351351,-0.03930434782608694,-1.2822822822822824,0.6942496493688639,-3.2157534246575343,-0.24789272030651344,0.0830482115085538,0.030536804885888724,0.11560693641618491,0.1304347826086958,0.007989347536617952,-0.04834054834054835,0.034482758620689724,0.1378555798687091,0.13523131672597866,-0.010869565217391353,-0.2906821221578244
2002-09-28,0.019682273268408768,0.126117393645665,0.018818404573917702,0.052977863066273834,0.02712850840138925,0.0053644534374852615,0.1708860759493671,0.1708860759493671,0.19047619047619047,0.16666666666666674,0.834902244750181,-6.872340425531915,-0.5137969094922737,-5.094281298299846,1.3494651044319919,-0.05772544514646749,0.027604491578290702,0.0932642487046631,0.030769230769230882,-0.16644649933949807,-0.14821834723275207,0.03333333333333344,0.006730769230769207,0.14263322884012553,-0.04395604395604402,0.06945317410433693
2002-12-28,-0.022029762189578417,-0.156752104055088,-0.0033243188353125896,-0.018842749284040616,-0.18195942240906593,-0.07292300491457993,-0.061425061425061434,-0.061425061425061434,-0.040000000000000036,-0.061224489795918324,-1.1393054459352803,0.9873188405797102,0.08910329171396136,-2.3612684031710076,-0.7818733738074588,0.03444071929289838,0.09500682956442552,0.10426540284360208,-0.18656716417910446,0.0031695721077655836,-0.044058744993324406,0.032258064516129004,-0.16332378223495703,0.19067215363511658,-0.06896551724137923,-0.14061122538936233
2003-03-29,0.003786952139579025,0.05846659861630932,0.0026597456082022575,0.16703704932170216,0.015528991174170503,0.08421265209269446,-0.14188481675392672,-0.14188481675392672,-0.16666666666666663,-0.13043478260869568,-3.6671388101983005,-0.8687329079307201,-0.2845231891610214,-1.1003882418191901,0.3598409542743539,-0.07218621096051858,0.024116424116424007,0.01716738197424883,0.02752293577981657,0.14060031595576605,-0.15735567970204833,0.03249999999999997,0.011415525114155223,0.005760368663594528,0.012345679012345512,-0.09300735168404861
2003-06-28,0.0004971729381946233,0.008090008036431895,-0.01799122900845007,-0.19539576524086966,0.1906490649064907,0.046519208381839317,0.2440512507626602,0.2440512507626602,0.25,0.25,0.44503451938396177,1.3333333333333335,0.6110706482155863,-0.33977900552486184,0.17470760233918137,0.04509368053350271,0.03667614020841792,0.04078762306610417,0.1830357142857142,0.01731301939058172,0.02707182320441981,0.030266343825665842,0.19074492099322793,0.026345933562428314,0.012195121951219523,0.25278039585296885
2003-09-27,0.012228274108212922,0.09082695578231292,-0.0010783373997909074,-0.005793006004945256,0.12510394530167246,0.015217584764616987,0.13437959784207942,0.13437959784207942,0.1399999999999999,0.1200000000000001,0.9206174200661521,0.5148809523809523,0.3291139240506329,6.581589958158996,1.1275668948350965,0.034639927073837784,0.0053524804177544905,0.037837837837837895,0.12452830188679243,-0.12525527569775352,-0.009682625067240491,0.029377203290246845,0.11090047393364921,0.018973214285714413,0.012048192771084265,0.0972013241047247
2003-12-27,-0.015189727200970338,-0.12438489646772233,-0.04179524365111387,-0.017267107226604184,0.18518518518518512,-0.06425315568022438,-0.18720276696930394,-0.18720276696930394,-0.1929824561403508,-0.1785714285714286,-0.6402602372751627,1.3595284872298623,-0.024149659863945572,-2.107615894039735,-0.5870137467095642,0.038472834067547756,-0.12115309700038968,-0.003906249999999889,0.17449664429530198,-0.07626459143968878,0.0005431830526887449,0.028538812785388057,0.203924914675768,-0.02190580503833517,0.023809523809523725,-0.109023587493143
2004-03-27,0.0072428353598936734,0.09770754507010904,-0.0062246802312349025,0.021583514099783097,0.08924611973392471,0.11967213114754105,0.16914893617021276,0.16914893617021276,0.17391304347826098,0.15217391304347827,0.348936170212766,-0.6519567027477102,-0.4684559079818752,-1.273542600896861,0.3888101983002832,0.08710407239818996,-0.06264775413711587,0.07058823529411762,0.0942857142857143,-0.07497893850042114,0.08686210640608016,0.027746947835738167,0.0807937632884479,0.042553191489361764,0.023255813953488413,0.07464983838694783
2004-06-26,-0.000980116255373642,0.027828467153284686,-0.01972998660238867,-0.06239161977563079,0.10318066157760808,-0.0013386320853377986,0.08007279344858964,0.08007279344858964,0.07407407407407396,0.07547169811320731,-0.06979495268138802,0.3995215311004785,0.07475409836065583,-0.7231329690346084,0.0775114737378888,0.0642559833506764,-0.07377049180327866,0.03907203907203893,0.09399477806788514,-0.02732240437158473,-0.0029970029970028955,0.02807775377969768,0.10491803278688527,0.023630504833512367,0.011363636363636465,0.09610426811801775
2004-09-25,0.016940591366515045,0.1052917098190067,0.004357171226315959,0.014984524798067556,0.0790566255333871,0.02429522891970004,0.04043807919123843,0.04043807919123843,0.034482758620689724,0.03508771929824572,1.2874099194573971,0.1658119658119659,0.5790115924344112,12.927631578947368,1.0018930430667297,0.013933023710584136,-0.08270932607215786,0.015276145710928501,0.0811455847255369,-0.0730337078651685,-0.019539078156312617,0.02626050420168058,0.06053412462908003,0.0,0.022471910112359605,0.08898471187769519
2005-01-01,0.030680472242387236,-0.05327503123326793,-0.0075250933367450035,0.058346658733405166,0.20622027467535942,-0.022287653866601254,-0.2453441295546559,-0.2453441295546559,-0.2666666666666666,-0.2542372881355932,-0.6295404002965159,0.4941348973607038,-0.4547913446676971,-1.026452527161077,-0.013238770685579215,0.041706846673095654,-0.11094619666048244,-0.015046296296296391,0.20309050772626924,-0.03636363636363649,0.02708226877874309,0.025588536335721557,0.17067711247901518,-0.02833158447009443,0.01098901098901095,-0.10547156227501797
2005-04-02,-0.028256598457888527,-0.0022151003864643304,-0.039645150705479804,-0.03763176387912859,0.014797093744462142,0.07591601137694504,0.3664163090128756,0.3664163090128756,0.40909090909090917,0.38636363636363624,0.05052526263131574,-0.6182531894013739,1.2069454287739192,26.160714285714285,-0.36439865836128416,0.018282804906271766,-0.05258764607679467,0.03525264394829608,0.022018348623853212,-0.15408805031446526,0.027860696517412853,0.024950099800399306,0.04445506692160617,0.02051835853131756,0.010869565217391353,0.036887994634473564
2005-07-02,0.0047017309618044845,0.05370554059798782,-0.01677872823341342,0.2239950345029027,0.08155068540993615,0.005792481436846408,0.0168826069886141,0.0168826069886141,0.016129032258064502,0.016393442622950838,0.7971428571428572,1.6426735218508997,-0.26493256262042386,-1.2491781722550954,0.1428571428571428,0.014090909090908932,-0.06211453744493389,0.017026106696935273,0.07719928186714542,-0.0074349442379182396,-0.022749273959341676,0.02434274586173313,0.07643020594965666,0.0031746031746031633,0.021505376344086002,-0.13919793014230275
2005-10-01,0.01633633291567005,0.08499193114577719,-0.0013279718023183618,0.00041761126357231504,0.07378703479454263,0.013991960420531857,0.05907335907335898,0.05907335907335898,0.04761904761904767,0.06451612903225823,0.4501854795972442,-0.0165369649805448,0.2450851900393185,3.2295514511873353,0.5286939313984169,0.012998655311519558,-0.05495537811178963,0.0234375,0.07000000000000006,-0.059925093632958726,-0.009410599306587497,0.026615969581749166,0.05654761904761907,0.010548523206751037,0.010526315789473717,0.08461076044484517
2005-12-31,-0.012365857531124735,-0.09250537101305567,0.030335417003243492,-0.0569503250044725,-0.1415307119765431,-0.08732941983685294,-0.2985781990521327,-0.2985781990521327,-0.28787878787878796,-0.31818181818181823,-0.9842864973506303,0.7032640949554896,-0.7192982456140351,-2.5246412975670616,-0.5272923408845739,-0.005309734513274433,0.0034791252485089075,0.010905125408942284,-0.12305295950155759,-0.07038512616201864,-0.03499999999999992,0.025925925925925908,-0.13078470824949684,0.005219206680584509,0.0,-0.03768879035610362
2006-04-01,0.02017116648541295,0.097336671978147,0.06926955179234806,0.17449728089035021,-0.1580768051845689,0.1387461888652215,0.42463617463617465,0.42463617463617465,0.46808510638297873,0.5111111111111111,18.046511627906977,-0.6341463414634146,-0.22875,-1.1698036006546646,0.18941122774988584,-0.01935053380782914,0.05993065874195147,0.012944983818770073,-0.13143872113676736,0.11857142857142855,-0.023834196891191706,0.025270758122743597,-0.17500000000000016,0.005192107995846351,0.01041666666666674,-0.06565874730021592
2006-07-01,0.00994642095700704,0.028627141849562276,-0.015679462160607338,0.13578485476619906,0.12810110781713213,0.017384925728956446,-0.027727106895293674,-0.027727106895293674,-0.014492753623188248,-0.014705882352941235,1.0634920634920637,0.5825396825396825,1.9205834683954621,0.31325301204819267,0.20913277052954715,0.03833068723066457,0.04182242990654217,-0.0010649627263046302,0.11860940695296529,0.19540229885057459,0.00849256900212314,0.02464788732394374,0.11728395061728403,-0.010330578512396715,0.010309278350515427,-0.09446756048697802
2006-09-30,0.017815348184045954,0.06655104263300116,-0.01187242869093863,-0.024270579033443096,0.13725218994928534,0.01748440823389452,0.054784240150093755,0.054784240150093755,0.04411764705882337,0.04477611940298498,0.8053254437869823,-0.053159478435305885,1.0677025527192008,1.7082568807339449,0.4684227229450968,0.07230231542158161,0.02893025342004929,-0.002132196162046851,0.13162705667276065,-0.04166666666666652,0.05052631578947375,0.02491408934707895,0.1170266197890506,-0.012526096033402823,0.010204081632652962,0.09309053778080312
2006-12-30,-0.03383472207192584,-0.08217675755398401,0.0026094520150767853,-0.02344110574003444,-0.16122755097904085,-0.08450255102040816,-0.35112059765208115,-0.35112059765208115,-0.352112676056338,-0.34285714285714275,-0.5108161258603736,0.9947033898305084,-0.5316693505099301,-1.352981029810298,-0.11259995677544843,0.004888979425544893,0.014603312990409956,-0.012820512820512886,-0.15993537964458804,-0.11148272017837246,-0.011523046092184352,0.0243084660519699,-0.13174460431654678,-0.026427061310782318,0.010101010101010166,-0.06009652810213295
2007-03-31,-0.0027067388463691833,-0.012360939431396822,-0.02718334297281666,-0.07566787722003876,0.09956500724987927,0.14671620418746856,0.7598684210526316,0.7598684210526316,0.7608695652173914,0.7391304347826086,0.18927973199329973,-0.6494954859267127,1.7163323782234956,2.3589251439539347,-0.4252313687286897,0.02067707277518749,0.005800214822771155,0.04870129870129869,0.09999999999999987,0.21455457967377667,0.016725798276735926,0.023731587561374834,0.10253754531330928,0.023887079261672106,0.030000000000000027,0.06841146264701004
2007-06-30,0.04099204492278896,0.1602002503128912,0.037098692033293634,0.2007534983853605,0.055384615384615365,0.017549780627742262,-0.06230529595015577,-0.06230529595015577,-0.06172839506172845,-0.0625,0.11267605633802824,0.803030303030303,-1.1223628691983123,-2.9314285714285715,1.4322033898305087,0.04726911618669316,0.006834686031610415,0.02786377708978316,0.061188811188811254,-0.04752066115702469,-0.0004985044865403188,0.0231814548361311,0.014091122592766459,0.01166489925768821,0.009708737864077666,-0.033643410852713274
2007-09-29,0.013395666636698778,0.03272204243078036,0.0049300619124053036,0.006499327655759668,0.0441482715535193,-0.003648424543946982,0.013289036544850585,0.013289036544850585,0.013157894736842035,0.01333333333333342,0.27341772151898724,-0.0672268907563025,-7.379310344827586,-0.9940828402366864,0.0034843205574912606,0.023136734306846263,0.017394993635978073,0.017068273092369468,0.047775947281713416,-0.03579175704989157,-0.006982543640897787,0.024218749999999956,0.030106530801296882,0.00524109014675056,0.019230769230769162,0.025990694689555616
2007-12-29,0.011089425124201524,-0.053969359331476285,0.01209355390758704,-0.09953239812959247,0.007578779417630743,-0.06990679094540608,-0.4229508196721311,-0.4229508196721311,-0.4285714285714286,-0.44736842105263164,-0.5029821073558648,1.7477477477477477,-0.9945945945945946,-27.0,-0.09027777777777779,-0.000926784059314234,-0.052543786488740585,-0.02073050345508398,0.020440251572326984,-0.047244094488189003,-0.022601707684580585,0.023646071700991644,-0.003597122302158251,-0.02294056308654846,0.0,0.05066458170445687
2008-03-29,0.046942177766078785,0.1299227088700774,0.09322511554503432,0.011622156280910012,-0.11559778305621538,0.16607015032211891,0.7897727272727273,0.7897727272727273,0.8636363636363635,0.9285714285714288,-0.008000000000000007,-0.4360655737704918,41.5,-1.1538461538461537,0.01526717557251911,-0.07922077922077919,-0.0011003521126760063,-0.032258064516129004,-0.09090909090909094,-0.09681227863046049,-0.0657759506680371,0.023099850968703484,-0.15523465703971118,-0.029882604055496365,0.0,0.11683286203304055
2008-06-28,0.0051123030506201594,-0.010749185667752403,-0.021550835223757447,-0.05084331459300906,0.12085944494180834,0.02608962553713945,-0.00952380952380949,-0.00952380952380949,0.0,0.012345679012345512,0.778225806451613,-0.2441860465116279,2.388235294117647,2.0,0.04511278195488733,0.02780576264356216,-0.0006609385327165374,-0.009375000000000022,0.11864406779661008,0.130718954248366,0.024202420242024347,0.022578295702840423,0.11538461538461542,-0.01650165016501648,0.0,0.04224413646055436
2008-09-27,0.0037521887767864026,0.023049061573921614,-0.00737696279903044,-0.028586144733453556,0.04592651757188504,-0.016452288363745127,0.09615384615384626,0.09615384615384626,0.09756097560975618,0.08536585365853666,0.1315192743764173,0.49230769230769234,-0.53125,4.333333333333333,0.2302158273381294,0.04018819839247212,0.021604938271604812,0.016824395373291168,0.03939393939393954,-0.07052023121387296,0.01396348012889348,0.024216524216524427,0.04214559386973171,0.010067114093959884,0.009433962264151052,0.05319012913949628
2009-01-03,-0.09071274298056153,-0.18860637270679115,0.008387302261386509,-0.05832449628844116,-0.44711722031309664,-0.10796836982968372,-0.4766081871345029,-0.4766081871345029,-0.47777777777777786,-0.4943820224719101,-0.8416833667334669,-0.046391752577319534,1.0148148148148146,-4.3515625,-0.6271929824561404,-0.07670561628345274,0.12537764350453173,0.012409513960703222,-0.44752186588921283,-0.11194029850746268,-0.11758474576271183,0.02364394993045904,-0.3920036764705882,-0.008859357696567094,0.01869158878504673,-0.13839990287726112
2009-04-04,0.002558012059199699,0.02023006743355804,-0.016213939776795083,-0.0278716216216216,0.12223756906077354,0.08046368905557455,0.7932960893854748,0.7932960893854748,0.7872340425531916,0.8666666666666665,2.1012658227848102,-0.6054054054054054,-0.5588235294117647,-1.1142191142191142,0.19215686274509802,-0.1765666462543376,0.07996164908916592,0.026557711950970342,0.12137203166226906,0.4901960784313728,-0.18487394957983194,0.02309782608695654,0.11942554799697658,0.012290502793296021,0.01834862385321112,0.04959842186839514
2009-07-04,0.02624384909786759,0.05559875583203722,-0.005351027397260233,-0.2539820445988995,0.21107692307692316,0.018933417481855397,0.10280373831775691,0.10280373831775691,0.1071428571428572,0.09523809523809534,0.8408163265306123,0.19178082191780832,1.1416666666666666,1.4489795918367347,0.39473684210526305,0.06048587010411488,0.10884232954545459,0.052736318407960114,0.2094117647058822,-0.0535714285714286,0.050073637702503726,0.02257636122177953,0.17960837272113417,0.04635761589403975,0.009009009009008917,0.41495502752047253
2009-10-03,0.022908897176345144,0.06740331491712714,0.021088874542715796,0.060947204968944124,0.029979674796748013,0.014865283369464244,0.019774011299435124,0.019774011299435124,0.010752688172043001,0.021739130434782483,0.1840354767184036,0.04597701149425282,0.35019455252918297,-0.14166666666666672,0.24292452830188682,0.11594202898550732,0.10104083266613273,0.027410207939508435,0.03891050583657596,-0.07745779543197628,0.07994389901823284,0.02402597402597406,0.0074413279908416285,0.016877637130801704,0.008928571428571175,0.006072106261859611
2010-01-02,-0.02777777777777779,-0.11732229123533466,-0.05953635405690205,-0.1628247347237468,0.12086827824370983,-0.11504424778761058,-0.5124653739612188,-0.5124653739612188,-0.5106382978723404,-0.5212765957446808,-0.22659176029962547,0.3076923076923077,0.3198847262247839,-2.8737864077669903,-0.36622390891840606,0.07100963552576456,-0.10660267597440376,-0.008279668813247487,0.1179775280898876,0.03013993541442428,0.053896103896103886,0.023462270133164376,0.15284090909090886,0.0,-0.008849557522123686,0.05431912485854373
2010-04-03,0.016874999999999973,0.07662236121970278,0.0025770308123249652,0.41127622377622375,0.07350352112676051,0.1441379310344828,1.375,1.375,1.391304347826087,1.4222222222222225,-0.3946731234866828,-0.5042016806722689,-0.7074235807860262,-1.2746113989637307,0.158682634730539,0.04791707412477986,-0.020999511639264057,0.07050092764378468,0.07370184254606382,-0.06269592476489028,0.04805914972273584,0.023543990086740907,0.05569245933957623,0.06742738589211617,0.0,-0.23711985688729864
2010-07-03,-0.00035121608569677054,0.013798111837327598,0.005923111309789952,0.010839269123567696,-0.022960229602296045,-0.0771549125979506,-0.27751196172248804,-0.27751196172248804,-0.2727272727272727,-0.27522935779816515,0.3720000000000001,0.4576271186440677,0.15671641791044766,0.5849056603773586,0.21705426356589141,-0.013064576334453126,-0.08330562021948795,-0.042461005199306734,-0.015600624024961096,-0.08026755852842815,-0.08583186360964146,0.022397094430992803,-0.02287581699346397,-0.027210884353741638,-0.017857142857142905,0.002931175987806345
2010-10-02,0.02977602108036881,0.07628939828080239,0.05610487723586277,0.15778186274509798,-0.0692404532102392,0.031025473546701487,0.11920529801324498,0.11920529801324498,0.13749999999999996,0.139240506329114,0.4169096209912537,0.22093023255813948,1.0774193548387099,0.04761904761904767,0.1868365180467091,-0.055786686838124155,-0.038454561944494814,-0.022624434389140302,-0.045958795562599075,-0.041212121212121144,-0.018006430868167222,0.02427471876850218,-0.09603440038222655,-0.00899100899100902,-0.00909090909090915,-0.07037643207855981
2011-01-01,0.010491299897645856,-0.029950083194675514,0.01967178624026933,-0.15744906059804176,-0.02705139765554554,-0.09407665505226481,-0.44082840236686394,-0.44082840236686394,-0.4505494505494506,-0.43333333333333335,-1.146090534979424,1.0476190476190474,-1.5341614906832297,-2.3068181818181817,-0.20572450805008946,0.0026036451031443697,0.02301452556121486,-0.0037037037037036535,-0.01827242524916939,0.05183312262958273,0.015062213490504295,0.023699421965317935,-0.03699788583509522,0.014112903225806495,-0.01834862385321101,0.15128269617706236
2011-04-02,0.02878365831012064,0.04665523156089191,0.018673269369648304,0.07349246231155782,0.0699721964782205,0.21853146853146854,0.9365079365079365,0.9365079365079365,1.0,0.9607843137254901,-5.366197183098592,-0.5395348837209302,-2.546511627906977,-0.6521739130434783,-0.09009009009009006,0.052736715940870926,-0.02802876636548035,-0.05762081784386619,0.07614213197969555,0.07211538461538458,0.0335483870967741,0.022586109542631183,0.03951701427003296,-0.054671968190854736,0.0,-0.025013653741125075
2011-07-02,0.013784049885132932,0.027859718125204935,0.0014178651002634268,-0.11468695143358687,0.07145950627977471,-0.02840746054519372,-0.06284153005464477,-0.06284153005464477,-0.06000000000000005,-0.06000000000000005,0.08387096774193559,0.404040404040404,-0.4323308270676691,-2.325,0.13118811881188108,0.054648956356736056,0.02409409979131083,0.013806706114398493,0.07389937106918243,-0.020179372197309364,0.08426966292134841,0.022639425731640017,0.05702217529039055,0.008412197686645584,0.0,0.16110239749047728
2011-10-01,-0.007526707672385835,0.013392857142857206,0.00910194174757284,0.024785194976867153,-0.0772029102667745,-0.021854695806261093,-0.15451895043731778,-0.15451895043731778,-0.13829787234042545,-0.14893617021276584,0.8541666666666667,0.02877697841726623,1.0728476821192054,1.358490566037736,0.2735229759299782,-0.03940266282835547,-0.04557243423490176,-0.04961089494163429,-0.06881405563689602,-0.10526315789473684,-0.08232584916522745,0.023218142548596,-0.0699300699300699,-0.05005213764337846,0.0,-0.011192589733693636
2011-12-31,-0.02951969338661009,-0.04751415984896157,0.01613549809581083,0.0683650435343437,-0.22908453788874283,-0.08967391304347827,-0.19999999999999996,-0.19999999999999996,-0.19753086419753085,-0.21250000000000002,-0.4767255216693419,0.44055944055944063,-0.2747603833865815,-1.976,-0.2096219931271478,-0.031653867765499166,0.08288043478260865,0.03480040941658147,-0.2248427672955976,0.03964194373401542,-0.0018820577164365693,0.022691292875989477,-0.20569280343716434,0.02414928649835346,0.009345794392523477,-0.10841139734582361
2012-03-31,0.019578186706999512,0.054509415262636196,-0.006805404872275322,0.21068517959553268,0.17159090909090913,0.14096185737976774,0.5431034482758621,0.5431034482758621,0.5384615384615383,0.5873015873015872,0.042944785276073594,-0.7233009708737864,0.5638766519823788,-0.540983606557377,-0.12173913043478257,-0.004448742746615109,0.022046961821114985,-0.0059347181008900796,0.1703853955375254,0.2841328413284132,-0.040226272784412376,0.022187822497419907,0.14874915483434736,-0.003215434083601254,0.0,-0.12903578855204112
2012-06-30,0.20652711389484102,0.005952380952380931,0.24001986097318762,0.14834205933682365,0.04316197866149363,0.009883720930232487,-0.15921787709497204,-0.15921787709497204,-0.16000000000000003,-0.16000000000000003,0.0,47.526315789473685,-7.408450704225352,2.107142857142857,-0.43069306930693074,-0.008354381192927862,0.003507541213609189,-0.07761194029850749,0.04159445407279039,-0.1522988505747126,-0.007858546168958647,0.02170620898536102,-0.13537374926427304,-0.04086021505376347,-0.03703703703703709,-0.124026137220407
2012-09-29,0.01461748633879778,0.029585798816567976,-0.0056859133498838865,-0.01997394702561872,0.1324965132496514,0.07081174438687388,-0.01661129568106312,-0.01661129568106312,-0.011904761904761862,-0.023809523809523836,1.0441176470588234,-0.9620390455531453,-1.2298901098901098,-1.4310344827586206,0.326086956521739,-0.03526645768025072,-0.013282069206571268,-0.0431499460625675,0.13144758735440942,-0.07457627118644072,-0.005940594059405946,0.021739130434782705,0.1164057181756295,-0.024663677130044914,-0.019230769230769273,0.050638358915507053
2012-12-29,0.022216238050356774,0.02238354506957041,0.02319587628865971,0.001993797075764192,-0.006978653530377632,-0.042204301075268846,-0.9797297297297297,-0.9797297297297297,-0.9759036144578314,-0.975609756097561,-0.44892086330935255,2.019047619047619,-0.847036328871893,-1.32,-0.07868852459016396,0.10154346060113739,-0.24920297555791715,-0.23675310033821872,-0.01764705882352946,-0.02564102564102555,0.09495351925630802,0.021276595744680993,-0.028658536585365768,-0.22183908045977008,-0.019607843137254943,0.020344074276351654
2013-03-30,0.0026343519494205214,0.0242603550295859,-0.0253463476070529,-0.21114304665045325,0.1496486151302192,0.08363738422677525,50.833333333333336,50.833333333333336,42.0,41.5,-0.11749347258485643,-0.6782334384858044,2.25,0.20833333333333326,-0.10320284697508897,0.10416666666666674,-0.11866006133522056,-0.09896602658788767,0.1317365269461077,0.12406015037593976,0.355366889023651,0.02083333333333326,0.14689265536723162,-0.07680945347119639,-0.020000000000000018,0.2984076006958385
2013-06-29,-0.009721492380451946,-0.015886770652801863,0.006057179777095856,0.11238789237668168,-0.08018698309960448,-0.03807303807303808,0.13183279742765275,0.13183279742765275,0.11627906976744184,0.12941176470588234,0.08579881656804744,0.3431372549019607,-0.15384615384615385,-1.3448275862068966,0.039682539682539764,0.06762397729170133,0.013650963597430454,0.049180327868852514,-0.06613756613756616,-0.05685618729096986,0.1306487695749441,0.020408163265306145,-0.0711548987411057,0.03839999999999999,0.0,-0.11532515716788616
2013-09-28,0.009551605200318392,0.007924860581156379,-0.010676727944127773,-0.03401360544217691,0.10828772478498827,0.000538502961766385,-0.07386363636363635,-0.07386363636363635,-0.06249999999999989,-0.06249999999999989,0.8637602179836512,-0.08759124087591241,1.2818181818181817,2.8,0.1450381679389312,-0.010165780419142956,-0.007921837866385006,0.025000000000000133,0.10906515580736542,0.05910165484633567,-0.05500593589236247,0.020909090909090988,0.09781968179139655,0.03235747303543923,0.0,0.043452935694314965
2013-12-28,0.016688567674113086,-0.04863133372160744,-0.03708211619604029,0.0002608242044861431,0.25044091710758387,-0.05785791173304633,1.5092024539877302,1.5092024539877302,1.5111111111111106,1.488888888888889,-0.38888888888888884,1.2160000000000002,-0.6832669322709164,-1.7105263157894737,-0.08999999999999997,-0.028756517617317123,0.6417354272025553,0.80640243902439,0.2515964240102171,-0.12388392857142871,-0.05695142378559459,0.02048085485307216,0.2297369833601719,0.8238805970149252,-0.010204081632653073,-0.0489003014402144
2014-03-29,0.01641463099392526,0.07254361799816356,0.024353248504255465,0.32281616688396353,-0.009590973201692554,0.06883747500714077,-0.5036674816625917,-0.5036674816625917,-0.5,-0.5,-0.3588516746411483,-0.6425992779783394,-0.07547169811320753,-1.4074074074074074,0.04029304029304037,-0.03172279160566127,-0.009241245136186849,0.043881856540084474,-0.0020408163265307477,-0.22675159235668785,-0.46625222024866786,0.02006980802792313,-0.025752946311654257,0.06055646481178378,-0.020618556701030966,-0.18922408733419416
2014-06-28,0.005404374364191167,-0.003710045662100425,-0.012833168805528095,-0.15336093041592747,0.06864141270293356,-0.01523249599144838,-0.2733990147783252,-0.2733990147783252,-0.2743362831858407,-0.267857142857143,0.4402985074626866,0.2828282828282829,0.7755102040816326,-0.4545454545454546,0.021126760563380254,0.1088709677419355,-0.11487481590574367,-0.04122877930476965,0.06543967280163598,0.1120263591433277,0.05158069883527472,0.019674935842600494,0.06317204301075274,-0.02777777777777768,-0.010526315789473717,0.1767771825684088
2014-09-27,-0.002592803389616094,0.02320252076768825,0.027249999999999996,0.08544819557625138,-0.0983475479744137,-0.012483039348710978,-0.2406779661016949,-0.2406779661016949,-0.23170731707317072,-0.24390243902439024,0.35492227979274604,-0.03937007874015752,0.07279693486590033,21.666666666666668,0.46896551724137936,-0.043636363636363695,-0.09169902015159925,-0.06408094435075884,-0.08541266794625724,-0.10222222222222233,-0.016613924050633,0.020553691275167818,-0.09608091024020238,-0.050000000000000044,-0.010638297872340274,-0.057332677165354284
2015-01-03,-0.039246766421506485,-0.06494960806271,-0.002028068467591515,-0.06392106392106389,-0.17558380135973983,-0.034350096180269296,-2.3080357142857144,-2.3080357142857144,-2.333333333333333,-2.354838709677419,0.17782026768642445,0.8442622950819672,0.3392857142857142,-0.875,0.039906103286385,0.005544993662864428,-0.6169346631386119,-0.6351351351351351,-0.17943336831059797,0.0990099009900991,0.06355591311343534,0.020139745170571377,-0.14172494172494166,-0.6382623224728488,0.0,-0.0010441138084051893
2015-04-04,0.0036296442948591245,0.03023952095808391,0.020647049260282824,-0.08340971585701196,-0.0871280028684116,0.01195219123505975,-1.7747440273037542,-1.7747440273037542,-1.7619047619047619,-1.7619047619047619,-0.8457792207792207,-0.12444444444444447,-1.0346666666666666,-6.529411764705882,-0.21218961625282162,0.03844335906727592,-0.2279489904357066,-0.27654320987654324,-0.07800511508951413,0.2657657657657657,1.8986384266263236,0.01974214343271541,-0.0907115697990224,-0.2725173210161662,0.0,0.12385680689835388
2015-07-04,-0.01617569700157817,-0.033420517291484986,-0.021344377190188002,0.12975000000000003,0.04163393558523176,-0.01631046119235091,-0.017621145374449365,-0.017621145374449365,-0.015625,-0.015625,3.6947368421052635,-0.5126903553299492,-29.46153846153846,-0.4148936170212766,-0.15759312320916907,-0.031406463359126,-0.07777013076393668,-0.15017064846416384,0.04022191400832176,0.04982206405693956,0.3434237995824634,0.019359936783879927,0.05854241338112298,-0.14920634920634923,0.0,-0.14438502673796794
2015-10-03,0.03716080737869265,0.008117859290438956,0.04532877604166674,0.12237220624031875,0.004147812971342368,-0.04831332189822757,-0.08071748878923768,-0.08071748878923768,-0.07936507936507942,-0.07936507936507942,-0.10089686098654704,5.697916666666667,-1.6675675675675676,-1.0909090909090908,0.017006802721088343,0.037750626566416035,0.014925373134328401,-0.04417670682730912,0.0013333333333334085,-0.002259887005649719,0.22571872571872587,0.019379844961240345,-0.03160270880361171,-0.029850746268656803,-0.021505376344086002,-0.10176630434782608
2016-01-02,-0.016303647377239328,-0.03489412466447961,0.021954067730634463,0.1315063091482649,-0.20090123920390535,-0.05617302493241216,-1.2,-1.2,-1.1896551724137931,-1.1896551724137931,0.8678304239401495,-0.702954898911353,-3.4129554655870447,-10.6,-0.1605351170568562,0.05313207547169796,0.8080882352941177,0.6932773109243697,-0.19041278295605857,0.052095130237825416,0.09477020602218689,0.019011406844106515,-0.18764568764568768,0.7461538461538464,-0.02197802197802201,-0.1470276811374982
2016-04-02,0.002096298722567891,-0.005253399258343672,0.009827073969680855,-0.10054016379160136,-0.045582706766917336,0.08052196053469118,-5.2682926829268295,-5.2682926829268295,-5.545454545454546,-5.454545454545454,-0.9933244325767691,-0.18848167539267013,-1.3590604026845639,-2.229166666666667,0.2350597609561753,0.05933782427977641,-0.03497356649044325,-0.08684863523573205,-0.046052631578947456,0.3089343379978473,-0.38506079907353796,0.018656716417910557,-0.04734576757532283,-0.07268722466960365,-0.011235955056179803,0.10586983507714143
2016-07-02,0.005883506569915653,0.0627524075799939,0.009882317441158639,0.021115846571096553,-0.020187099950763177,-0.037407952871870376,0.6000000000000001,0.6000000000000001,0.6000000000000001,0.6122448979591837,127.6,-0.3870967741935484,-2.439252336448598,2.7457627118644066,0.7129032258064516,0.05493167365715057,0.18415507796038777,0.09510869565217406,-0.020689655172413834,0.10526315789473673,0.15442561205273075,0.01831501831501825,-0.026355421686746983,0.11876484560570089,-0.03409090909090917,0.04073123797305955
2016-10-01,-0.004419315006174096,-0.03653902367728734,-0.020019421827145778,-0.05122367672168471,0.09798994974874375,-0.004283965728274164,0.04285714285714293,0.04285714285714293,0.03749999999999987,0.03797468354430378,-0.41990668740279935,0.3789473684210527,0.38636363636363646,-1.8371040723981902,-0.3483992467043314,0.05245607284853149,0.20604982206405675,0.14392059553349879,0.096830985915493,0.07514880952380953,-0.043841761827079884,0.018705035971223083,0.102861562258314,0.14861995753715496,0.0,0.015562403697996885
2016-12-31,-0.013577909785233988,-0.10800970873786409,0.005030871255431002,-0.10537892421515693,-0.1258581235697941,-0.04824830977258754,-1.1815068493150684,-1.1815068493150684,-1.180722891566265,-1.1829268292682926,0.6273458445040214,2.9083969465648853,-0.7166276346604216,-0.6432432432432432,-0.19075144508670516,-0.09700219351693895,0.009147241074063395,-0.015184381778741818,-0.1268057784911717,-0.1771626297577854,-0.20580081040733633,0.01836158192090398,-0.11360448807854129,-0.014787430683918745,0.0,-0.0030344409042634135
2017-04-01,0.020911918469988855,0.07006802721088445,0.016685627607129216,0.05766651765757702,0.05026178010471205,0.05069422021310954,-5.943396226415095,-5.943396226415095,-6.0,-5.933333333333334,-0.6523887973640856,-0.744140625,-0.36363636363636365,-1.2727272727272727,0.06428571428571428,-0.003103913630229327,0.12894736842105248,0.12334801762114522,0.053308823529411686,0.14213624894869636,0.017185821697099923,0.018030513176144236,0.028481012658227778,0.13883677298311436,-0.0117647058823529,0.01171815553188238
2017-07-01,0.007000713035586914,0.006675143038779474,0.02088772845953013,-0.009298393913778513,-0.08574277168494515,-0.020590043023970495,0.07633587786259532,0.07633587786259532,0.08000000000000007,0.08108108108108114,1.0995260663507107,0.0,2.831168831168831,1.0,0.12080536912751683,-0.03316637335860295,0.02227402227402231,0.0,-0.07329842931937192,-0.08247422680412364,-0.14308342133051744,0.017711171662125436,-0.09153846153846157,0.008237232289950658,-0.011904761904761862,0.016245487364620947
2017-09-30,0.006823302220791749,0.001578781180928246,0.000949945195469537,-0.008745733788395937,0.050708833151581256,0.026984625039221832,0.05319148936170204,0.05319148936170204,0.061728395061728225,0.0625,0.05417607223476306,-0.2290076335877863,0.5016949152542374,-2.861111111111111,-0.20059880239520955,-0.06356762811537398,0.04028375981758314,0.0019607843137254832,0.05084745762711873,0.01123595505617958,-0.0677757239679605,0.01807228915662651,0.04318374259102464,0.004901960784313708,0.0,0.010361160449970486
2017-12-30,0.0453295825075124,-0.04287515762925598,0.030953423857497553,-0.03615235635894121,0.1478982874935133,-0.01955392606171713,0.4410774410774412,0.4410774410774412,0.430232558139535,0.45882352941176463,0.12419700214132767,6.237623762376238,-1.4762979683972912,-1.208955223880597,0.05243445692883886,-0.047099282296650724,0.5494398441305406,0.5772994129158513,0.1469534050179211,-0.09365079365079365,-0.059814937210839414,0.017751479289940697,0.09821428571428581,0.5967479674796747,-0.012048192771084376,-0.007031936712569631
2018-03-31,0.021529051987767556,0.09354413702239794,0.0018410989944765976,0.008037508372404467,0.14737793851717895,0.0598317232782799,0.03738317757009346,0.03738317757009346,0.04065040650406515,0.024193548387096753,-0.5657142857142857,-0.8207934336525308,-1.180094786729858,5.357142857142857,0.3167259786476868,0.05162403891416911,0.07183275699465574,0.12158808933002474,0.14375000000000004,-0.08318739054290714,-0.3511423550087873,0.01744186046511631,0.12342941611234282,0.13034623217922614,-0.012195121951219412,0.08483328415461777
2018-06-30,0.0717878098431326,-0.015963855421686768,0.024667797568560967,-0.12159468438538201,0.11820330969267134,-0.01205527785945315,0.3423423423423424,0.3423423423423424,0.34375,0.3464566929133859,-0.03947368421052633,3.0458015267175576,-6.2631578947368425,-2.2696629213483144,-0.3054054054054054,-0.05475977320202918,0.08813609033582637,0.17256637168141586,0.1188524590163933,-0.17382999044890168,-0.1749729144095341,0.017142857142857126,0.04276315789473695,0.20090090090090085,-0.012345679012345734,0.12035903712770302
2018-09-29,0.01189877660465899,0.04162840526476885,0.00013795957784368262,0.01613716591023695,0.07399577167019022,0.032440476190476186,-0.36241610738255037,-0.36241610738255037,-0.36046511627906974,-0.36257309941520466,1.1872146118721463,-0.7660377358490567,-2.49,-1.4601769911504425,0.2023346303501945,0.11902131018153117,-0.06334231805929924,0.009433962264151052,0.072039072039072,0.0011560693641619046,-0.0820748522652659,0.017478152309613026,0.0618296529968454,0.03150787696924229,-0.025000000000000022,0.025006069434328815
2018-12-29,-0.018438776636855447,-0.07228915662650603,0.008414373405062348,0.12382133995037226,-0.14665354330708658,-0.04381666186220812,-1.2210526315789474,-1.2210526315789474,-1.2272727272727273,-1.2293577981651376,0.2734864300626305,0.314516129032258,0.4429530201342282,-0.7692307692307692,0.03883495145631066,-0.09648751586965731,-0.3025899280575539,-0.2915887850467289,-0.1389521640091116,-0.15819861431870674,-0.13733905579399142,0.01717791411042935,-0.130718954248366,-0.282909090909091,-0.012820512820512886,-0.17444339175746093
2019-03-30,0.038526434195725434,0.06841938549255633,0.05109089665549549,0.09913888275557525,-0.02614379084967322,0.061802833886041686,-4.357142857142858,-4.357142857142858,-4.279999999999999,-4.279999999999999,-0.8852459016393442,0.0,-1.0558139534883721,-5.083333333333333,-0.15264797507788164,-0.11709601873536302,-0.1208995254796782,-0.1424802110817942,-0.015873015873015817,0.026063100137174278,0.22719734660033164,0.016887816646562248,-0.06220095693779926,-0.12880324543610533,-0.012987012987012991,-0.02797303112896299
2019-06-29,0.011047928513403749,0.03883782982508155,0.005791254554919245,0.0022097227802331254,0.046190288195815166,-0.017319704713231077,0.014184397163120588,0.014184397163120588,0.024390243902439046,0.024390243902439046,5.428571428571429,0.006134969325153339,-9.375,-2.387755102040816,0.25,-0.011494252873563204,-0.2511147617930063,-0.27230769230769225,0.045698924731182755,0.00401069518716568,0.12094594594594588,0.01660735468564667,0.034256559766763894,-0.270081490104773,-0.013157894736842146,0.03645218417945695
