Quarter end,Assets,Current Assets,Liabilities,Current Liabilities,Shareholders equity,Revenue,Earnings,Earnings available for common stockholders,EPS basic,EPS diluted,Cash from operating activities,Cash from investing activities,Cash from financing activities,Cash change during period,Cash at end of period,Price,ROE,ROA,Book value of equity per share,P/B ratio,P/E ratio,Cumulative dividends per share,Equity to assets ratio,Net margin,Asset turnover,Current ratio
1994-11-30,0.012938822655831128,,0.022255607008772937,,-0.01122429567112293,0.3727113717846078,7.829885057471264,7.829885057471264,9.0,1.0999999999999996,-0.7358851940265364,-6.4,-0.7557987368900184,-0.7488110457683457,-0.3567909794190629,-0.06536856745479847,0.11543810848400549,-0.0625,-0.014399999999999968,0.0185185185185186,-0.10591133004926123,inf,-0.026949335249730533,0.07211538461538458,0.04347826086956519,
1995-02-28,0.012938822655831128,,0.022255607008772937,,-0.01122429567112293,0.3727113717846078,7.829885057471264,7.829885057471264,9.0,1.0999999999999996,-0.7358851940265364,-6.4,-0.7557987368900184,-0.7488110457683457,-0.3567909794190629,-0.06536856745479847,0.11543810848400549,-0.0625,-0.014399999999999968,0.0185185185185186,-0.10591133004926123,inf,-0.026949335249730533,0.07211538461538458,0.04347826086956519,
1995-05-31,0.024272388325632832,,0.03167625748433234,,0.004420245674706003,0.3727113717846078,7.829885057471264,7.829885057471264,9.0,1.0999999999999996,-0.7358851940265364,-6.4,-0.7557987368900184,-0.7488110457683457,-0.13933565937650694,0.0044642857142858094,0.11543810848400549,-0.0625,0.004870129870129913,0.0185185185185186,-0.10591133004926123,0.7500000000000002,-0.019571639586410505,0.07211538461538458,0.04347826086956519,
1995-08-31,0.023438095370629908,,0.0308346566510036,,0.0030673701965058253,0.18010225266487678,0.7867742775318927,0.7867742775318927,0.7,1.0999999999999996,-0.3918549658434052,3.6304347826086953,-0.3851351351351351,-1.4265065146579805,0.06904848225173854,0.07851851851851865,0.11543810848400549,-0.0625,0.001615508885298933,0.07272727272727253,-0.10591133004926123,0.5714285714285714,-0.019962335216572646,0.07211538461538458,0.04347826086956519,
1995-11-30,0.01927664192363676,,0.015333832222516275,,0.03043605501902258,0.2862449437840102,1.611103016173685,1.611103016173685,1.6470588235294117,1.0999999999999996,-5.301823209193813,-0.44305338202051814,-6.310344827586207,4.224821002386635,0.3374645455666543,-0.16620879120879117,0.11543810848400549,-0.0625,0.03548387096774186,-0.1694915254237288,-0.10591133004926123,0.36363636363636354,0.01421983089930845,0.07211538461538458,0.04347826086956519,
1996-02-29,-0.04531123842968299,,-0.060031880528281234,,-0.0042577464992129554,-0.3683791792218206,-0.7719866071428572,-0.7719866071428572,-0.7777777777777778,1.0999999999999996,-0.549643466907703,0.47393068997814547,-0.15838922981780124,-1.7528777635665995,-0.18996357936471353,0.22075782537067545,0.11543810848400549,-0.0625,-0.007788161993769416,0.1734693877551019,-0.10591133004926123,0.26666666666666683,0.039787798408487784,0.07211538461538458,0.04347826086956519,
1996-05-31,-0.07791324622334483,,-0.0159584333355981,,-0.24101723675337017,0.5946772460533929,-25.102300538423886,-25.102300538423886,-25.7,1.0999999999999996,4.448909504482405,-18.844524465155686,0.13206907271853718,-0.7415362213323626,-0.06061295922142229,0.004048582995951344,-3.2493765586034917,-0.0625,-0.3657770800627943,0.01739130434782621,-0.10591133004926123,0.1578947368421053,-0.17419825072886297,0.0,0.13541666666666674,
1996-08-31,-0.02657027664983591,,-0.04493352529155292,,0.03610851024528827,-0.0020255001554887464,-1.1347149732946122,-1.1347149732946122,-1.222672064777328,1.0999999999999996,-0.5075304903004011,-1.0388039504297042,0.8251697623327341,3.542253521126761,-0.2930841234739935,-0.11827956989247324,-0.04490022172949004,-0.0625,0.034653465346534684,0.3846153846153848,0.0,0.18181818181818188,0.06443071491615182,0.0,0.10091743119266039,
1996-11-30,-0.07816884232719201,,-0.1176813667017389,,0.04614921189170573,0.08199462786653999,0.498831687646039,0.498831687646039,-0.21818181818181825,1.0999999999999996,1.0947062245491566,-0.28785561333741205,0.9410879645460888,0.4010335917312662,-0.5808621871786082,-0.03353658536585358,0.021474172954149662,0.02758620689655178,0.04784688995215314,-0.06172839506172845,0.0,0.15384615384615374,0.13474295190713104,0.0,0.08333333333333348,
1997-02-28,-0.05648841088095313,,-0.07477877282028111,,-0.007953577199941275,-0.33495506323402635,-0.7765149610258989,-0.7765149610258989,-0.7441860465116279,1.0999999999999996,-0.9066239248420986,0.1481958762886597,-0.9073785682575699,-1.0956842493544818,0.13260402821797368,0.039432176656151396,0.05056818181818201,0.05816554809843422,-0.006849315068493178,-0.013157894736842146,0.0,0.10000000000000009,0.051516258677384075,0.0,0.0923076923076922,
1997-05-31,0.04282289126538141,,0.050941350489703385,,0.02273110948546253,0.19578848907570778,1.408865886588659,1.408865886588659,1.4545454545454546,1.0999999999999996,-2.540788579197825,-1.0553684998129442,-2.901171637248935,4.172706245181187,0.6056147319010652,0.06828528072837625,-1.7750135208220659,-1.8181818181818181,0.020689655172414056,0.08000000000000007,0.0,0.1212121212121211,-0.0194579569145239,0.22869955156950672,-0.007042253521126751,
1997-08-31,0.08363104652008624,,0.10362740911549517,,0.03277848244227055,0.13175696882197574,0.41644091546006545,0.41644091546006545,0.33333333333333326,1.0999999999999996,1.5558680785351866,-30.405405405405407,0.4005762535515627,-2.0421821433894767,-0.39309608140776975,0.30965909090909105,0.015352407536636248,0.043927648578811374,0.03153153153153143,0.28395061728395055,-0.252892561983471,0.10810810810810811,-0.046775336640680565,0.04744525547445244,0.0,
1997-11-30,0.07027828166071437,,0.06888001997569071,,0.07407812425519511,0.3799959895557794,0.8411923761788564,0.8411923761788564,0.9166666666666665,1.0999999999999996,-1.5106057009688625,-1.165670955882353,-0.01411468899111401,-9.216104118993135,5.321630384437239,0.14099783080260297,0.12508591065292118,0.1212871287128714,0.072052401746725,0.10576923076923062,0.32595870206489663,0.07317073170731714,0.0033457249070631967,0.08013937282229966,0.03546099290780136,
1998-02-28,-0.032967087176733356,,-0.05025894481796633,,0.013796938306670503,-0.34110516316823536,-0.7099362418511355,-0.7099362418511355,-0.6956521739130435,1.0999999999999996,-0.20973671977348607,-1.001386962552011,-2.325373134328358,-1.4705380611694259,-0.39610503795316665,0.12072243346007605,0.026267562614538775,0.024282560706401668,0.008146639511201537,0.04347826086956519,-0.08286985539488334,0.09090909090909083,0.04853649499814772,0.01935483870967758,0.006849315068493178,
1998-05-31,0.18892429808535272,,0.24123918810411937,,0.056383436206838944,0.2609156705650506,1.1266979501111387,1.1266979501111387,1.0952380952380953,1.0999999999999996,-3.7107486631016044,-149138.0,-4.855134260474067,-0.12970293366875074,-0.570842736162675,0.20441051738761673,0.05892857142857144,0.02586206896551735,0.04040404040404044,0.19583333333333353,0.13280776228017,0.08333333333333348,-0.11130742049469977,0.04113924050632889,-0.013605442176870763,
1998-08-31,0.06324048165594509,,0.07041003326187467,,0.04189773228645888,0.22616608894818024,0.6315178260364649,0.6315178260364649,0.5909090909090908,0.5,-0.6677319445266419,-0.9114036087624131,-0.8741087786367787,-0.6658448459086079,-0.44447585660974787,-0.007746478873239426,0.13659359190556475,0.10924369747899143,0.040776699029126284,-0.04529616724738672,-0.09689507494646676,0.0769230769230771,-0.020278330019880664,0.08814589665653494,0.01379310344827589,
1998-11-30,0.07239300161590756,,0.06004342091976467,,0.11016201672808101,0.25436485416091315,0.48939426293686394,0.48939426293686394,0.5000000000000002,0.6984126984126986,-3.136495873656712,-1.038219934912586,-0.232349628294661,-7.809311792392825,5.448142493638676,-0.1412349183818311,0.10830860534124631,0.09469696969696972,-0.07649253731343286,-0.17518248175182494,-0.2608180201541197,0.05357142857142838,0.03530844155844148,0.0865921787709496,0.006802721088435382,
1999-02-28,0.28850491666505396,,0.2740773028369199,,0.33063722442683097,-0.16028786273172002,-0.6132285120313508,-0.6132285120313508,-0.6571428571428573,-0.6728971962616823,-1.599499791579825,-18.526732673267325,-2.2658175842235004,-1.9712860558959797,-0.820655691127492,0.08181818181818179,-0.05087014725568939,-0.06228373702422141,0.3313131313131312,0.16814159292035424,-0.09542902967121103,0.06779661016949157,0.0325362602900825,-0.023136246786632286,-0.03378378378378377,
1999-05-31,0.05143307013027765,,0.05700092892584463,,0.03586463140756613,0.24220801765630418,0.7654145557889533,0.7654145557889533,0.6666666666666667,0.657142857142857,3.5470263755620453,-0.6857982148909727,-5.342096721843557,-0.8609759381431401,-0.6361556064073226,-0.04965622612681442,-0.013634226610249267,-0.0055350553505534306,0.036418816388467334,-0.28409090909090917,-0.10726950354609921,0.04761904761904767,-0.014806378132118492,-0.007894736842105288,0.0,
1999-08-31,0.11855671125773304,,0.1428251435871548,,0.04931449880513172,0.22596518491887685,0.33616797900262463,0.33616797900262463,0.3833333333333333,0.3448275862068968,-0.7451907883335203,5.668104998202086,-0.15445400764581507,-5.931239623685667,8.621915820029027,-0.1012861736334405,-0.02716873212583404,-0.03525046382189245,0.05417276720351394,-0.13227513227513232,-0.15590863952333667,0.06060606060606055,-0.06165703275529866,-0.037135278514588865,0.0,
1999-11-30,-0.054881563763439,,-0.06798609424366586,,-0.01415996771096062,0.15670604750863903,0.6900290720515441,0.6900290720515441,0.63855421686747,0.7435897435897436,-11.059131826365274,-0.7962144089732528,-4.271690535727817,-1.3201189574390484,-0.28684918420192573,-0.05366726296958857,0.09113179813816763,0.09038461538461551,0.12916666666666665,-0.10365853658536583,-0.1047058823529411,0.05714285714285716,0.043121149897330735,0.05785123966942152,0.034965034965035,
2000-02-29,0.026671446024843837,,0.02878874169120138,,0.020451297180094752,-0.34608662797306766,-0.0048506826599717945,-0.0048506826599717945,0.11029411764705865,0.0808823529411764,-1.081757003993191,-0.39878274675840164,-1.128430203158354,-1.9152497808939528,0.3681390347939508,0.02930056710775042,0.29681185451279735,0.28395061728395077,0.03198031980319804,-0.08843537414965974,-0.06833114323258871,0.05405405405405417,-0.006299212598425141,0.29166666666666674,-0.006756756756756799,
2000-05-31,0.021712839643563075,,0.03660861255999137,,-0.022405202630283005,0.13331540736757197,-0.5686298937926308,-0.5686298937926308,-0.5430463576158941,-0.5374149659863945,2.2112765129402607,-0.07042253521126762,0.7768927895163957,-1.8622043474097483,-0.23200206132440093,-0.1010101010101011,-0.012119113573407225,-0.028846153846153855,0.021454112038140627,-0.1268656716417912,-0.34132581100141046,0.03846153846153855,-0.043185419968304384,-0.01612903225806439,-0.013605442176870763,
2000-08-31,0.01482277966926504,,0.014254618739898417,,0.016607131480655735,0.08259047299549094,0.6115162454873646,0.6115162454873646,0.8115942028985508,0.6911764705882351,-2.2210389177561316,-0.44744318181818177,-2.0833911263722324,-2.7087960906263886,0.5162047909816816,0.08069458631256388,0.033298282509639066,0.031117397454031304,-0.06651108518086346,0.05128205128205132,0.05567451820128477,0.04938271604938271,0.0016563146997929934,0.05327868852459017,-0.020689655172413834,
2000-11-30,-0.0025348100038432575,,0.011261657247843004,,-0.045763378803777566,0.2681310548977396,0.6444588812473397,0.6444588812473397,0.6000000000000001,0.7304347826086959,-0.125220217860599,15.611825192802055,-0.012724632703086658,-1.7871441570258677,-0.2679899097185342,0.3412098298676749,0.05257801899592951,0.028806584362139898,-0.06999999999999995,0.4390243902439024,0.23529411764705888,0.04705882352941182,-0.04299297230260435,0.03891050583657596,-0.014084507042253502,
2001-02-28,0.04676659404769512,,0.04126325453209101,,0.06504072490794321,-0.34001544932869376,-0.6482896726470228,-0.6482896726470228,-0.63,-0.6482412060301508,-1.884085719553532,-1.0721654802434746,-1.9636271626023976,-0.9997522913054249,-9.068649678067864e-05,0.12473572938689226,-0.1849822752175314,-0.19866666666666666,0.05913978494623651,0.21468926553672318,-0.009852216748768461,0.03370786516853941,0.017278617710583033,-0.18726591760299627,-0.014285714285714346,
2001-05-31,0.029770499996623068,,0.022850201534978742,,0.05223669776079265,0.2994647196019804,0.5300952823611433,0.5300952823611433,0.5000000000000002,0.5285714285714287,0.05625962525667361,1.4610436025732665,-0.2305937571798996,5171.333333333333,-0.46910333151943895,-0.09022556390977454,0.0462633451957295,0.04492512479201327,0.05203045685279184,-0.1441860465116278,0.06467661691542292,0.04347826086956519,0.021656050955414008,0.02764976958525356,0.021739130434782705,
2001-08-31,0.08192525883155799,,-0.002570386572839478,,0.34857285369297264,0.15780382306491902,0.5286300121506682,0.5286300121506682,0.46846846846846835,0.4672897196261683,-0.7494494479291649,-8.87685158292187,0.5194633449224666,-2.779983244183798,1.572803371106429,0.05578512396694224,-0.021164021164021163,0.04458598726114671,0.1857659831121834,0.005434782608695565,-0.028037383177570097,0.04166666666666674,0.24646716541978386,0.022421524663677195,0.02127659574468077,
2001-11-30,0.11932233227590472,,0.12587691744171092,,0.10402356638657162,0.17448857091279701,0.46567969927302233,0.46567969927302233,0.2883435582822087,0.29299363057324834,-12.553373340607383,-0.04233038348082596,0.004084955851594074,7.55003620564808,5.226798875633563,-0.03457273320287013,-0.05830115830115834,0.004573170731707155,0.08545269582909465,-0.1837837837837838,-0.11057692307692313,0.030000000000000027,-0.013671223741247074,0.026315789473684292,-0.02083333333333337,
2002-02-28,-0.07030230720529795,,-0.12213652978308986,,0.05307643794262784,-0.36888165027525033,-0.5179644777873187,-0.5179644777873187,-0.5238095238095238,-0.5320197044334976,-0.5774307960292976,-1.1446942861543201,-3.3694357454423445,-1.3607125918899692,-0.3027835341037134,0.30337837837837833,-0.044690446904468994,0.04097116843702575,0.0496719775070289,0.19867549668874185,0.2936936936936936,0.03883495145631066,0.13286004056795142,0.05769230769230771,-0.014184397163120588,
2002-05-31,-0.0019156781229674458,,0.003435280532577911,,-0.012533182206166837,0.2446189381487771,0.5015469716857304,0.5015469716857304,0.5,0.4842105263157894,0.7035634467345417,-0.34113890367216604,0.25503743782488897,-0.1427397485413756,-0.37228651542187097,0.2042509072058063,0.0047210300429183505,0.07580174927113714,0.017857142857143016,0.14364640883977886,0.1518105849582172,0.03738317757009346,-0.0107430617726052,0.08888888888888902,-0.014388489208632893,
2002-08-31,0.05428999332296769,,0.08465593451568898,,-0.006937212985026142,0.13452767243391417,0.30954387936686345,0.30954387936686345,0.3799999999999999,0.38297872340425543,-0.9478153128530301,-1.2039579967689822,-0.9581486095766437,-0.9692292944785276,-0.01824959797280834,0.01678863538527775,0.05809483126868864,0.06775067750677488,0.033333333333333215,0.0,-0.041112454655380826,0.03603603603603589,-0.05791855203619911,0.07977736549165115,-0.007299270072992692,
2002-11-30,0.11427279164150095,,0.10732328720809492,,0.12957756216726968,0.3012902861553526,0.47489629523673305,0.47489629523673305,0.49275362318840576,0.49230769230769234,17.44762569832402,114.92079207920793,-16.22815097730847,-94.06008010680908,1.7298786389695482,-0.002963590177815445,0.08276140492531292,0.10025380710659904,0.1256366723259763,-0.033816425120772875,-0.06305170239596469,0.026086956521739202,0.013768812039705258,0.07388316151202745,0.022058823529411686,
2003-02-28,-0.055626077495193216,,-0.08996691975723947,,0.01851216815461365,-0.3492233115882767,-0.5729560663369218,-0.5729560663369218,-0.5728155339805825,-0.570446735395189,-0.5806563955028958,-0.9905022207037922,-1.9665980628646882,-1.3644084818226163,-0.2309195872539661,-0.059023354564755826,0.0007457121551082135,0.006920415224913601,0.02941176470588247,-0.16500000000000004,-0.1736204576043069,0.033898305084745894,0.07833228048010099,-0.0031999999999999806,0.007194244604316502,
2003-05-31,0.06887599086177842,,0.07132600782929721,,0.06415001594832437,0.31522352618841043,0.540036715304983,0.540036715304983,0.5530303030303028,0.552,0.7686544259690553,142.99640287769785,0.46319629406332763,1.2811679790026247,-0.684930157416711,0.18546931407942235,0.0026080476900147698,0.010309278350515427,0.07545787545787541,0.14970059880239517,0.13843648208469062,0.024590163934426146,-0.004393673110720586,-0.0048154093097914075,0.014285714285714235,
2003-08-31,0.01311568603565183,,0.0030582533320906435,,0.03264685546316448,0.00149641970302139,0.2020424214122447,0.2020424214122447,0.22926829268292703,0.19587628865979378,-1.3889285860111877,-1.023968924083835,-1.1394326307718787,-0.9456407306198763,-0.11817158579289644,0.20251237152645607,-0.017094017094017033,0.007936507936507908,0.048365122615803946,0.11979166666666674,0.12303290414878387,0.03200000000000003,0.01941747572815533,0.014516129032257963,-0.007042253521126751,
2003-11-30,0.028932774640189507,,-0.017634576779449462,,0.11677371543233983,0.29882427497418984,0.4183509686653377,0.4183509686653377,0.4126984126984128,0.4181034482758621,-10.104905383060812,-19.74882751433038,-10.101821718475293,-8.155042861678485,0.9588291188608871,-0.005064893953782845,-0.015879017013232688,0.028121484814398023,0.10851202079272237,-0.051162790697674376,-0.0484076433121019,0.03100775193798455,0.08513708513708518,0.007949125596184325,0.02127659574468077,
2004-02-29,0.0927101208987362,,0.11495046553018384,,0.055806851990550355,-0.27750406915073933,-0.46511359704763,-0.46511359704763,-0.4662921348314607,-0.46808510638297873,-1.407879944422985,0.4561827732844159,-2.171079940325252,0.34685244349781086,0.6592720769770994,0.1062678969137767,-0.009220130618516897,0.006564551422319598,0.055099648300117376,0.0,0.05756358768406966,0.09022556390977443,-0.03377659574468084,0.012618296529968376,-0.00694444444444442,
2004-05-31,0.05762497499225461,,0.07860397451764145,,0.020864662436531622,0.1603188688711248,0.3759432945235015,0.3759432945235015,0.35789473684210527,0.37142857142857144,0.016678916718493753,0.17397694304473976,-0.7541042864262001,-2.485822223198401,-0.5903559257691653,0.022433132010353685,-0.0023264831329974367,0.004347826086956497,0.030000000000000027,-0.03431372549019607,-0.03164556962025311,0.08965517241379328,-0.034682080924855474,0.031152647975077885,-0.020979020979021046,
2004-08-31,0.09815297856897875,,0.11709871620016643,,0.06307780842854749,0.11328807057627865,0.15423187667717864,0.15423187667717864,0.17829457364341073,0.18333333333333335,0.12741908575241911,0.6208724210252492,1.9510040389912513,-0.592648710974456,-0.5870516931008405,-0.06244725738396617,-0.012825495530509046,-0.02056277056277056,0.06256742179072283,-0.08629441624365475,-0.1071895424836602,0.07594936708860756,-0.031936127744510934,-0.001510574018126709,-0.02142857142857124,
2004-11-30,0.0856029289921787,,0.06467185708073564,,0.12632278538577602,0.3616701329068599,0.5844519490216709,0.5844519490216709,0.5690789473684208,0.5563380281690142,-3.0680514964300247,-0.5679121320026079,-1.4686605277412366,-4.545951046032696,5.040961617829137,0.21242124212421243,0.040551181102362,0.02541436464088398,0.09289340101522847,0.13888888888888884,0.1508052708638361,0.07647058823529429,0.037407952871870265,0.03177004538577899,-0.007299270072992692,
2005-02-28,0.07258639372880804,,0.07698090747366271,,0.0645051445238829,-0.31272701763465216,-0.34267996187089655,-0.34267996187089655,-0.6792452830188679,-0.6809954751131222,-2.0924960272383863,-0.5180955034008867,-4.260381408404194,-1.3645741654215362,-0.30422381253309194,0.3249195743627815,0.029133560348089338,0.020474137931034697,0.06130980027868094,0.2146341463414636,0.19338422391857502,0.10382513661202175,-0.007382169222032942,0.058651026392961825,-0.03676470588235292,
2005-05-31,0.049228964239858675,,0.03197074927713217,,0.0813377428787776,0.3020597511184999,0.478793260770384,0.478793260770384,0.4509803921568629,0.46099290780141855,-1.1246230552379288,-0.0909485042632111,-1.264695642265718,-0.2023074331911071,-0.34878611581608854,0.13709376167351528,0.061397058823529305,0.06969376979936626,0.07921225382932162,0.06827309236947787,0.04051172707889106,0.09405940594059414,0.030606407322654405,0.06786703601108046,0.0,
2005-08-31,0.10208734569795075,,0.10301096336832605,,0.10044741244987376,0.18529464504493687,0.2534694484692557,0.2534694484692557,0.23873873873873852,0.23300970873786397,-6.112643980204091,0.9603624609188701,-4.176900357531478,-0.9157722490058767,-0.045111860828919825,0.24786465177398154,0.08036023553862148,0.0957551826258638,0.09245742092457432,0.1578947368421053,0.09631147540983598,0.08597285067873295,-0.0013877324451845308,0.07522697795071331,0.022900763358778553,
2005-11-30,0.07028266696139918,,0.02504336740363744,,0.09512899396649477,0.24754857698656352,0.36533770509095853,0.36533770509095853,0.36363636363636354,0.3779527559055118,-3.1472455177021854,-0.42287938584635343,-2.608368682743591,-12.001253394610403,0.5197331412160628,-0.08687639857838614,0.07919204873356844,0.09189189189189184,0.12249443207126931,-0.1655844155844156,-0.21121495327102802,0.07916666666666661,0.023068371317398473,0.07599517490952956,0.014925373134328401,
2006-02-28,0.10676862546663712,,0.16206056967373406,,0.017985244440891,-0.3042690166151346,-0.43838747372385667,-0.43838747372385667,-0.42666666666666664,-0.4228571428571428,-1.9419958270666193,2.5259953161592508,-2.129862653371182,-2.228984296375064,-0.4203000194817845,0.057950122531353454,-0.009209744503862138,-0.020627062706270682,0.031746031746031855,-0.05447470817120614,-0.08530805687203791,0.09652509652509655,-0.08014126596033677,0.0022421524663676085,-0.022058823529411797,
2006-05-31,0.07167303005534831,,0.0932343309057353,,0.03147202561248719,0.1827029863344969,0.18405832822235335,0.18405832822235335,0.2093023255813955,0.22277227722772275,-0.550514878866356,-0.38129649309245484,-0.5768042998726194,-0.15758165693272763,-0.6107787785096563,-0.18585638370350188,-0.028785607196401775,-0.05391743892165124,0.0509615384615385,-0.2098765432098766,-0.23575129533678751,0.0880281690140845,-0.037507383343177714,-0.016778523489932695,-0.03759398496240607,
2006-08-31,0.041133577172349556,,0.06408779081328286,,-0.007325867867873925,0.0317583893342428,-0.26921363979629376,-0.26921363979629376,-0.25384615384615394,-0.2429149797570851,-0.9777262705636272,-1.7390716248711784,-0.7536033985738128,-2.467985987564881,2.3036120305079866,-0.2423430962343096,-0.11207162704538431,-0.14425645592163838,0.013113754193351701,-0.28125,-0.27118644067796616,0.08090614886731395,-0.04664007364222167,-0.09670079635949946,-0.0546875,
2006-11-30,-0.057708564281633845,,-0.08069678428455906,,-0.016699384500998393,0.3257896844552648,-1.328842077371489,-1.328842077371489,-1.3298969072164948,-1.3422459893048129,-298.16053299492387,-4.309676669668535,-15.921380899412044,5.744761928559827,4.703129356007806,0.003313452617627499,-0.43115438108484017,-0.44745057232049945,-0.015653220951234115,-0.007246376811594013,0.07209302325581413,0.0748502994011977,0.04345027357579667,-0.4483627204030227,0.0,
2007-02-28,-0.04420950596729878,,-0.07098248149612474,,0.003072450994748843,-0.5015810789467747,-1.5547117360299745,-1.5547117360299745,-1.5625,-1.53125,-1.0857538390362818,-0.6688112771989572,-0.811231865729857,-1.5557475863397574,-0.4583015086430767,0.14222809335094677,-0.30623471882640585,-0.30508474576271183,0.003669724770642091,0.16058394160583944,0.9674620390455531,0.0696378830083566,0.049660703269586604,-0.27625570776255703,-0.04132231404958686,
2007-05-31,-0.0001717746608930204,,0.06408904070748567,,-0.05221391616139015,-0.4144453988549337,-6.3994988560845405,-6.3994988560845405,-6.361111111111111,-6.6764705882352935,-3.0244351853388887,0.7918212657691084,0.25373229057213176,-0.995053613628561,-0.004184867361700539,-0.11545875096376257,-1.0599118942731278,-1.0596205962059622,-0.05423522242535039,-0.11949685534591203,0.25248070562293257,0.06510416666666674,-0.05201292976785188,0.0,-0.1293103448275862,
2007-08-31,-0.23527652752192563,,-0.3271877690287275,,-0.04224172089262024,0.49196182494984586,-0.7604885463325397,-0.7604885463325397,-0.7616580310880829,-0.7616580310880829,0.005940764550568245,-11.575618630655683,3.512669940320503,-107.52830188679245,0.8711936498766732,-0.17672695576378294,9.75,10.409090909090908,-0.042847938144329856,-0.12857142857142856,0.0,0.06112469437652801,0.25232486050836944,0.0,-0.04950495049504955,
2007-11-30,-0.13384425683157908,,-0.018116836198423858,,-0.3045865968054422,0.34113608394326067,20.696422554195216,20.696422554195216,20.717391304347824,20.717391304347824,2.3645300521281234,-1.1718584573297883,-0.9754972104363087,3.3202077324022063,1.0336032713399086,-0.33642138697723667,3.9753761969904247,4.01593625498008,-0.3042746549983171,-0.3114754098360656,0.0,0.05760368663594462,-0.19727722772277223,0.0,-0.09375,
2008-02-29,-0.10443473451249885,,-0.08033888167077319,,-0.15463014545409348,-0.6164243835060708,-0.6529205218901628,-0.6529205218901628,-0.6526526526526526,-0.6526526526526526,-0.9288901056436558,-0.5489176432291667,-0.061806897955031026,-1.0222117126152863,-0.011289369536711669,-0.1072995612285601,0.5215837228485014,0.49563145353455096,-0.15481373971940027,0.2857142857142858,0.0,0.05446623093681913,-0.05581251927227859,0.0,-0.034482758620689724,
2008-05-31,-0.05265069502173758,,0.005933650182017303,,-0.18541592761974157,-0.1953592437398014,-0.045649806840386,-0.045649806840386,-0.04899135446685887,-0.04899135446685887,-0.20731831964839353,-0.31629652348048853,0.007374071463427834,-0.3444957152274225,-0.0074847279635578134,0.08445040214477206,0.3100831225153595,0.272437599575146,-0.18603319977103594,0.28703703703703676,0.0,0.051652892561983466,-0.1401045068582627,0.0,0.08333333333333348,
2008-08-31,-0.09565425217227486,,-0.09039586673952826,,-0.11037021285611048,0.06657382269409218,-0.43443519712421363,-0.43443519712421363,-0.4363636363636363,-0.4363636363636363,-2.611600618928909,-2.002348470855213,16.514720921470477,35.44519308125503,-0.27483945434193724,-0.276885043263288,0.3656551724137931,0.20116861435726197,-0.11040787623066106,-0.1151079136690647,0.0,0.04911591355599221,-0.01633118116217236,0.0,-0.07692307692307698,
2008-11-30,-0.07621041379003157,,-0.00939530080837192,,-0.267395503497182,0.348332624227931,1.1229334346609554,1.1229334346609554,1.129032258064516,1.129032258064516,-5.148217786134336,-3.964671194650661,-0.9595520672636645,-1.5113007055525358,0.19378551102940023,-0.07920227920227918,-0.178971821028179,-0.2616400277970813,-0.2671936758893281,0.04065040650406515,0.0,0.011235955056179803,-0.20694980694980702,0.0,-0.2142857142857142,
2009-02-28,-0.10045718665776526,,-0.10683496722619912,,-0.07578090668849813,-0.6655618870622184,-0.8110152171932155,-0.8110152171932155,-0.8106060606060606,-0.8106060606060606,-0.6672260101131866,-0.9611689280386446,15.214860963379426,-1.616693919622668,-0.10010705043634882,-0.2240099009900991,-0.059170869725673425,-0.14682352941176469,-0.05933117583603009,0.0546875,0.0,0.011111111111111072,0.0272638753651413,0.0,-0.09090909090909094,
2009-05-31,-0.05720885063610137,,-0.043047910366643904,,-0.1101579994294356,0.2508743789875749,0.3497554759608761,0.3497554759608761,0.3733333333333333,0.3733333333333333,-1.1931722678928507,-3.4626114795335012,-0.9133024083965888,-0.7573288762098115,-0.026995533680410855,0.09489633173843703,-0.09871861924686198,-0.16161059018201873,-0.11009174311926617,0.16296296296296298,0.0,0.01098901098901095,-0.05592417061611388,0.0,-0.01666666666666672,
2009-08-31,-0.010673799248606564,,0.012004891515463356,,-0.10186693837039251,0.1924233360210159,-0.15736830690328263,-0.15736830690328263,0.23300970873786397,0.23300970873786397,-2.484972745911887,-3.5640263719936858,1.4975949845970922,0.5913598499873787,-0.04415150178136751,0.09759650400582665,0.02190628173509368,-0.07499999999999996,-0.10180412371134018,0.23566878980891715,0.0,0.010869565217391353,-0.09236947791164662,0.0,-0.03389830508474578,
2009-11-30,0.012585153497320034,,-0.018349346637062336,,0.1527468085383823,0.47140697697245715,-2.524936409883721,-2.524936409883721,-2.338582677165354,-2.338582677165354,6.970870516922041,-0.9970664928292047,-0.6962759396706555,-6.043689100385225,0.23297253562183973,0.13072329130723293,-0.7914537194775696,-0.7916073968705548,0.1520803443328551,0.25773195876288657,0.0,0.010752688172043001,0.13827433628318597,0.0,-0.07017543859649111,
2010-02-28,-0.04381009368772715,,-0.033319468697377785,,-0.08428729794237755,-0.6086710309412839,-1.5431348603540544,-1.5431348603540544,-1.4176470588235295,-1.4176470588235295,-0.922837406789328,30.246913580246915,-1.5747363921345112,-0.8930711930199751,0.02020440405072832,-0.12441314553990601,0.010891763104152519,-0.0068259385665528916,-0.083437110834371,-0.23770491803278682,0.0,0.010638297872340496,-0.042274052478134205,0.0,0.0,
2010-05-31,-0.02533010618306486,,-0.01925360256330544,,-0.05008075798237843,0.41698171817348406,-0.438633372331091,-0.438633372331091,-0.43661971830985913,-0.43661971830985913,-8.165352606219887,-1.1268273409719478,-11.144663443659352,-9.923697478991597,-0.1767273193255564,0.14611260053619324,-0.47070707070707063,-0.4776632302405498,-0.05027173913043481,0.24731182795698903,0.0,0.010526315789473717,-0.025367833587011668,0.0,0.0,
2010-08-31,-0.008052183520457779,,-0.009297827337328646,,-0.002813806018066245,0.3393939880016683,-0.9545084502914455,-0.9545084502914455,-0.95,-0.95,-0.6061756884799951,-0.8909657320872274,-0.8256778718672483,-0.6903250715684797,-0.06647617642213233,-0.30292397660818715,-1.2735368956743003,-1.276315789473684,-0.0028612303290415086,-0.26293103448275856,0.0,0.01041666666666674,0.005205622071837501,-0.7570977917981072,0.037735849056603765,
2010-11-30,-0.020999215476890543,,-0.033215346691106706,,0.030039938055261173,-0.09987964143927286,-13.485325697924123,-13.485325697924123,-12.5,-12.5,-1.5855565688119677,-398.54285714285714,1.203981494462358,-0.7692412954234453,-0.016432313743832583,-0.016778523489932806,-6.144186046511629,-6.166666666666667,0.03012912482065988,-0.01754385964912286,0.8098591549295775,0.010309278350515427,0.052304505437597015,0.0,-0.09090909090909094,
2011-02-28,-0.06704817655701478,,-0.036813861577136175,,-0.18561019690509872,-0.563290114710076,-7.5661048044948975,-7.5661048044948975,-7.478260869565217,-7.478260869565217,-6.464031280029159,-6.743495759666523,1.574518160422365,9.933122487975226,-0.182657992360446,0.1740614334470989,0.9674502712477395,0.9216589861751152,-0.1866295264623955,0.1428571428571428,0.0,0.011904761904761862,-0.12696850393700787,0.0,-0.020000000000000018,
2011-05-31,-0.014096701899804387,,0.012672569219378982,,-0.1382504688152819,0.3798009546054637,-0.40184761538864533,-0.40184761538864533,-0.40268456375838924,-0.40268456375838924,-0.3546049399935718,-1.0167928423950447,-0.9069155507239215,-0.30512499096015233,-0.15528930717658496,-0.10828488372093026,0.39292279411764697,0.3285371702637889,-0.136986301369863,0.09375,0.0,0.010084033613445342,-0.12626832018038336,0.0,-0.04081632653061229,
2011-08-31,-0.0484315195214009,,-0.05256577031034848,,-0.025899082651560934,0.35172850319057325,-0.8591469111292771,-0.8591469111292771,-0.8539325842696629,-0.8539325842696629,-0.6371623208832511,-0.9843517138599106,13.37120106171201,0.27424502610535817,-0.23425372610794715,-0.29258353708231455,0.14384691520950188,0.09205776173285196,-0.025793650793650813,-0.18095238095238098,0.0,0.009983361064891838,0.023870967741935534,0.0,-0.06382978723404253,
2011-11-30,-0.07688797593666286,,-0.09606087735004476,,0.02474726078612477,0.3064282525128228,-2.4417038035029535,-2.4417038035029535,-2.3846153846153846,-2.3846153846153846,-0.026129742328110828,3115.8571428571427,-1.3773398468883615,-0.57665579929623,-0.1295075925567334,-0.25,0.12546870493221807,0.07438016528925617,0.024439918533604832,-0.2267441860465116,0.0,0.009884678747940523,0.11027095148078137,0.0,0.09090909090909083,
2012-02-29,-0.042375013034608,,-0.02786628242631839,,-0.11021852133819188,-0.46952937449986665,-4.292502336280641,-4.292502336280641,-4.277777777777778,-4.277777777777778,1.9140030846141571,-1.0934702233629725,-1.1770147573480825,0.779755301532179,-0.26478326803388874,0.46543778801843305,-0.34110712455151204,-0.3553846153846154,-0.1093439363817097,0.4285714285714284,0.0,0.011419249592169667,-0.07094211123723038,0.0,0.08333333333333348,
2012-05-31,-0.005015641670057414,,0.006097291279963946,,-0.06178973666304444,0.18971707822971573,-0.47303611196017636,-0.47303611196017636,-0.47457627118644063,-0.47457627118644063,-1.1797981457147029,-1.353056554429552,-0.03815844048112815,-1.0956286867993388,0.034440016266775064,0.042976939203354325,-0.3761182419292105,-0.3747016706443914,-0.0625,0.16842105263157903,0.0,0.003225806451612856,-0.05681124007330485,0.0,0.0769230769230771,
2012-08-31,0.06493679002341257,,0.07535241252789615,,0.007874846765224097,0.40168795319165795,-1.1351093801789858,-1.1351093801789858,-1.129032258064516,-1.129032258064516,-0.28533725828554024,-0.00694444444444442,-14.400459968377174,8.934158322312488,0.3307418205377388,-0.10954773869346734,-0.16645885286783024,-0.1832061068702291,0.0071428571428571175,-0.04954954954954971,0.0,0.004823151125401992,-0.05375647668393779,0.0,0.05357142857142838,
2012-11-30,0.004798655717437095,,0.0036145690697801935,,0.011719977123893388,0.3620625482916533,1.3685985893897579,1.3685985893897579,1.5,1.5,6.841559548327534,0.19953379953379957,-1.0566359531037146,-0.024714015385639443,0.24239702782163142,0.5914221218961626,0.16604338070306657,0.11214953271028061,0.014184397163120366,0.5781990521327016,0.0,0.0031999999999998696,0.00684462696783017,0.0,0.06779661016949157,
2013-02-28,0.1323102879418261,,0.11103981340954161,,0.25564614151579335,-0.2991727790162937,-2.6128948731227344,-2.6128948731227344,-2.5999999999999996,-2.5999999999999996,-2.9112274378039613,-0.7147298872910999,-60.0219696969697,-0.026266526266526258,0.18997960767603606,0.2021276595744681,-0.5875561257216164,-0.5882352941176471,0.3193473193473193,0.1861861861861862,0.0,0.004784688995215447,0.10876954452753229,0.0,0.04761904761904767,
2013-05-31,0.003959130356538942,,0.005686092122684228,,-0.004901349509125352,0.29412984090084615,-0.7613581634291219,-0.7613581634291219,-0.75,-0.75,-0.7319458660297964,6.723433242506812,-1.0709642018252064,-1.8446180034044257,-0.13484281233714535,0.2790560471976402,-0.8367029548989113,-0.8367346938775511,-0.007067137809187329,-0.03037974683544309,0.0,0.0031746031746031633,-0.008583690987124415,0.0,0.07575757575757569,
2013-08-31,0.018103643358225785,,0.010457521694339666,,0.0577507986134711,0.04684919699622059,-10.175243861419442,-10.148671375714766,-9.0,-8.5,1.366337858860133,-0.11589345563591458,-0.28238751978295273,0.8344674696509864,-0.2859188552972436,-0.12223247232472323,-5.085714285714285,-5.3125,0.0587188612099645,-0.11488250652741516,0.0,0.004746835443037778,0.03896103896103886,0.23376623376623362,0.028169014084507005,
2013-11-30,0.07716906235443988,,0.07731121051874168,,0.07646494218945143,0.12670363259462203,0.030720727326050357,0.03371447479686762,0.125,0.2333333333333334,-0.6860353058068565,0.06444533120510765,-13.187775677378703,-1.9438868819511312,0.3779333186705136,-0.09458749343142414,0.881118881118881,0.9420289855072466,0.07563025210084029,-0.14454277286135697,3.1901750972762652,0.0031496062992126816,-0.0005952380952382041,1.0,-0.04109589041095896,
2014-02-28,0.017076779281289145,,0.016665355935111537,,0.019116335811791396,-0.271359074969565,-0.6243064447289799,-0.6252667520273154,-0.6388888888888888,-0.6756756756756757,4.26002331834297,-0.9842549203373946,-1.0254678937028228,-2.5478303139848553,-0.4245318981527558,0.07835171213000569,0.5192069392812888,0.5298507462686568,0.018749999999999822,0.0,-0.5411491584445735,0.0031397174254317317,0.0017867778439546456,0.5421052631578949,0.0,
2014-05-31,0.17851702434477001,,0.1541598719094186,,0.298972789539,0.25365719446090074,1.5204960711918964,1.5201214882308278,1.3076923076923075,1.2500000000000004,0.5084659124322026,106.85714285714286,-107.24157531465693,-1.7998301433607728,0.5900473160385056,-0.027987082884822323,0.3164763458401303,0.36585365853658525,0.18558282208588972,-0.04482758620689653,-0.39084239817859856,0.0046948356807512415,0.10225921521997638,0.4436860068259385,-0.05714285714285705,
2014-08-31,0.01550799289242022,,0.00784741175870729,,0.04916912437136545,0.042843716980497604,0.06524188701923084,0.0651551672190418,0.03333333333333344,0.03703703703703698,-0.5137945097851055,1.0902869757174392,-1.0137404317602503,-2.0411569516646386,-0.3863607445564061,-0.029900332225913595,-0.08674101610904572,-0.0535714285714286,0.04915912031047842,-0.18050541516245489,-0.3135382059800663,0.0031152647975078995,0.03290183387270762,-0.007092198581560183,-0.045454545454545525,
2014-11-30,0.2238413887360442,,0.0059869722262526626,,1.14340683914275,0.3510218698130052,29.06949684425796,29.064564033660986,28.806451612903228,28.89285714285714,-1.5302498565992118,-0.11817509768718981,0.32262550410235025,-1.317429964623769,0.19986087328767121,-0.09075342465753422,0.0,7.818867924528302,1.1405672009864367,-0.13656387665198244,-0.07320024198427111,0.0031055900621117516,0.7514360313315924,8.08095238095238,-0.031746031746031744,
2015-02-28,0.04882912423411212,,0.07073765514100283,,0.005426371161280974,-0.27124231038351043,-0.9908548418681498,-0.9908618982318891,-0.9913419913419913,-0.9904420549581839,-1.568901141082458,-0.8203592814371258,-26.36221217537588,2.1678547523427043,0.5276696918342774,-0.07972379158819831,4.32225237449118,-0.10269576379974321,0.005184331797235098,-0.5714285714285714,-0.8942558746736292,0.004643962848297267,-0.041144901610017826,-0.05401153644467749,-0.049180327868852514,
2015-05-31,0.00986060321969151,,0.01120643537756183,,0.0070211957097541244,0.07386045325027024,0.22746505962302854,0.22792792792792782,0.25,0.25,0.7786297000552045,2.9446666666666665,-1.029707321117652,-1.559877661625579,-0.19338635488679556,0.008867667121418732,-0.17858508604206502,-0.08202193609918929,0.006303724928366838,0.011904761904761862,0.012345679012345512,0.0030816640986131016,-0.002798507462686617,-0.040742793791574305,-0.051724137931034364,
2015-08-31,-0.017972399614213708,,-0.033580624580804574,,0.015094353634898638,0.3534493690697289,1.4291235767262092,1.4299339691856199,1.5,1.2999999999999998,-2.308365233185042,-1.4883386851444989,27.859056656433157,-0.17720372484456226,-0.19726615515462986,0.045300878972278635,-0.14354438237119804,-0.059220779220779174,0.014236902050113853,0.03529411764705892,0.06707317073170738,0.004608294930875667,0.033676333021515514,-0.09448136376769722,0.05454545454545445,
2015-11-30,0.013514207144958768,,0.004917071460310174,,0.03085428471442353,0.16915710834399755,0.8928786445342736,0.8910455486542443,0.96,0.8695652173913042,0.7859439797568004,-1.3889946357501297,-1.0214744395659658,-3.3559724340377715,0.5789635340496337,-0.08602846054333768,-0.9066859938394637,-0.9066813914964108,0.028635597978663663,-0.10227272727272718,-0.07999999999999996,0.003058103975535076,0.01689291101055801,-0.9112954690491385,0.051724137931034475,
2016-02-29,-0.018605802043358266,,-0.005877209367800673,,-0.043632905418272916,-0.31184550758128315,-0.7017743144694095,-0.7019524656721865,-0.6938775510204082,-0.6744186046511628,-1.7050411031687074,-0.24199288256227758,-21.371087592884486,-2.146124344160964,-0.42025302449758273,-0.19391365888181178,0.060194174757281615,0.07100591715976345,0.04912663755458513,-0.21518987341772156,7.422360248447205,0.0030487804878049918,-0.025511717591219174,0.02877697841726623,0.032786885245901676,
2016-05-31,-0.0012622773897736916,,-0.007359762396225378,,0.011199969327012393,0.19558471691743895,0.1881618039155939,0.18772480293870064,0.19999999999999996,0.2142857142857142,-0.8315156336131404,0.1279342723004695,-0.7541782729805013,-0.7948616684714526,-0.14870280986036888,0.19051799824407367,0.0641025641025641,0.07182320441988943,0.009885535900104214,0.14516129032258052,0.11135693215339226,0.004559270516717451,0.012480974124809752,0.006993006993006867,0.06349206349206349,
2016-08-31,0.022766797068173306,,0.019702353845581833,,0.028915054040285826,0.12605018186301709,1.5237545681861895,1.5240335051546392,1.6111111111111112,1.4117647058823528,-3.6856208067588834,-2.790322580645161,-0.680066549754935,-2.2663382118533546,0.22120130609765365,0.12168141592920345,0.1600688468158349,0.16494845360824728,0.02266872746007209,0.09859154929577474,0.040477770404777624,0.004538577912253983,0.006013229104028905,0.14236111111111116,0.014925373134328401,
2016-11-30,0.02065790318990901,,0.018882549335472953,,0.024187940206246816,0.3051179097826193,-0.04661738180524855,-0.047762489469787894,-0.06382978723404253,-0.024390243902438935,3.491603312412294,-2.7128741644870678,3.229796205200281,3.1730502018864533,0.7558820568396492,0.007232084155160967,-0.06379821958456966,-0.06637168141592908,0.02015113350125941,-0.012820512820512886,-0.15051020408163263,0.003012048192771122,0.003586371787208442,-0.11246200607902734,0.0588235294117645,
2017-02-28,-0.04073642184228621,,-0.06523701627617484,,0.0077271500657227765,-0.3132249723560374,-0.6200437007034747,-0.6204224974532196,-0.6136363636363635,-0.625,-1.2645064494089615,0.46895147607736676,4.145372985545772,-1.9423060349893058,-0.40564924114671164,0.07375979112271525,-0.006339144215530834,0.0142180094786728,0.005432098765432158,0.051948051948051965,0.10285285285285273,0.0045045045045044585,0.050625372245384215,-0.0273972602739726,0.04166666666666674,
2017-05-31,0.007356914463553688,,9.007821425432994e-05,,0.020690370063232155,0.22501698029308725,1.2289080580685883,1.2295359841796736,1.176470588235294,1.2000000000000002,-1.1617559253394252,-1.0474705474705475,-0.8969906360994511,-0.9872043234254833,-0.008733153638813995,0.19635258358662622,0.1275917065390748,0.14485981308411233,0.017681728880157177,0.19753086419753085,0.18584070796460184,0.002989536621823552,0.013038548752834389,0.09507042253521125,0.040000000000000036,
2017-08-31,0.02838673508382583,,0.02266188845304451,,0.03867888972392053,0.14081356689409796,0.5797621295072684,0.5803028383172832,0.5675675675675675,0.5454545454545454,12.468945594607607,-14.116788321167883,0.06726850981129706,-48.2498375568551,0.4162754885909574,0.14939024390243905,0.06364922206506374,0.08571428571428563,0.027027027027027195,0.12371134020618557,0.006314580941446657,0.0044709388971684305,0.010072747621712397,0.02893890675241173,0.0641025641025641,
2017-11-30,-0.01138216069271869,,-0.044010388456207084,,0.04637245497142217,0.2265181586379732,0.6799314850223073,0.6798765209373183,0.6551724137931034,0.6470588235294117,1.442353291629431,-0.6093489148580968,9.678395206766917,0.5543301131089491,0.45685287394883267,0.15163572060123776,0.31117021276595724,0.3571428571428572,0.039943609022556226,0.11926605504587151,0.06902452937820858,0.0029673590504450953,0.05844875346260392,0.2843749999999998,0.048192771084337505,
2018-02-28,-0.016743776424348655,,-0.0034748928160082126,,-0.03820203487391183,-0.3788045081809487,-1.8447940625518697,-1.8502577442604171,-1.8541666666666665,-1.9761904761904763,-1.3456039653713023,3.202279202279202,-0.9476040904565183,-1.7080387871924407,-0.2220330965331735,0.2771593090211133,-0.48377281947261663,-0.4736842105263158,-0.04338002711251687,0.2295081967213115,-0.029882604055496254,0.004437869822485174,-0.02172206228735929,-0.4817518248175182,0.011494252873563315,
2018-05-31,0.027765220034855043,,0.02438941894659119,,0.03342163584175073,0.263646094699199,-1.8042663672724721,-1.7997473861483404,-1.7926829268292683,-1.6951219512195121,-1.8632905138339921,-0.42621468926553674,-0.2141732283464567,-1.6856892943050825,0.19569690766503922,-0.1508866847009318,0.2455795677799606,0.2578947368421054,0.03117619272555494,-0.11333333333333329,0.806930693069307,0.002945508100147265,0.005350454788657144,0.23943661971830998,0.022727272727272707,
2018-08-31,-0.023562948109578152,,-0.06960582599313925,,0.05291116934070739,0.11251263138685141,0.5264186501012076,0.5265503807952832,0.523076923076923,0.5263157894736843,-1.246412832860495,-1.8044505710909808,37.68056112224449,-3.8754783686263075,-0.47062279846216715,-0.09168141592920354,0.28075709779179814,0.3179916317991631,0.04489234997709568,-0.1127819548872181,-0.2898021308980214,0.004405286343612369,0.07823310271420958,0.28787878787878807,0.022222222222222143,
2018-11-30,0.019877021458024835,,0.009237378073098768,,0.035492465335184464,0.10059354615468119,0.10700077735607483,0.11118263748390667,0.11111111111111116,-0.011494252873563204,-9.992335512127145,-3.512607099143207,-0.8597249278125475,-1.6975866505269694,0.6201630532768412,-0.15003897116134068,0.06034482758620685,0.07619047619047614,0.05260850504164849,-0.18644067796610164,-0.3596228032576082,0.0029239766081872176,0.01530108588351431,0.09705882352941164,-0.021739130434782594,
2019-02-28,0.01972673684866133,,0.019787875104108288,,0.01963928143712579,-0.3982814885559862,-0.6900842661819984,-0.6914983861623769,-0.6909090909090909,-0.6395348837209303,-1.7313482399822893,-0.8297934528448948,-4.379336665599685,-1.2848693803573132,-0.1090417809183839,-0.02934433745988063,0.5423925667828107,0.5781710914454277,0.017492711370262315,-0.08333333333333326,-0.042838018741633066,0.004373177842565523,0.0,0.6166219839142091,-0.022222222222222254,
2019-05-31,-0.049037469827912794,,-0.10522143507120651,,0.03134277379766104,0.25917979797481894,0.5814534670620772,0.5816706347875658,0.588235294117647,0.6451612903225807,-1.0901871752182029,6.989124212936463,-3.452271485300011,4.30429582854956,-0.6491773141272466,0.16485592820028327,-0.06852409638554213,-0.028037383177570097,0.01841997544003271,0.1477272727272727,-0.3391608391608393,0.002902757619738905,0.0845892075838599,-0.01990049751243783,0.0,
