Quarter end,Assets,Current Assets,Liabilities,Current Liabilities,Shareholders equity,Revenue,Earnings,Earnings available for common stockholders,EPS basic,EPS diluted,Cash from operating activities,Cash from investing activities,Cash from financing activities,Cash change during period,Cash at end of period,Price,ROE,ROA,Book value of equity per share,P/B ratio,P/E ratio,Cumulative dividends per share,Equity to assets ratio,Net margin,Asset turnover,Current ratio
1993-12-31,0.04470526864893065,0.09919571045576414,0.036932660931474404,0.009015256588072118,0.06433268171316864,0.007921539041870984,0.15217391304347827,0.15272727272727282,0.14754098360655732,0.24390243902439024,0.37960954446854656,0.13425345043914683,-0.30133333333333334,-1.1538461538461537,0.5909090909090908,0.0170253774494058,-0.03741701870850922,-0.0365168539325843,0.06074766355140171,-0.11621621621621625,0.07295029051000657,inf,0.01791250430589031,-0.03357817418677855,0.0,0.08934707903780059
1994-03-31,0.04470526864893065,0.09919571045576414,0.036932660931474404,0.009015256588072118,0.06433268171316864,0.007921539041870984,0.15217391304347827,0.15272727272727282,0.14754098360655732,0.24390243902439024,0.37960954446854656,0.13425345043914683,-0.30133333333333334,-1.1538461538461537,0.5909090909090908,0.0170253774494058,-0.03741701870850922,-0.0365168539325843,0.06074766355140171,-0.11621621621621625,0.07295029051000657,inf,0.01791250430589031,-0.03357817418677855,0.0,0.08934707903780059
1994-06-30,0.042143106805812236,0.01680216802168011,0.03804892004005156,-0.018213058419244033,0.04808816162965446,0.007921539041870984,0.15217391304347827,0.15272727272727282,0.14754098360655732,0.24390243902439024,0.37960954446854656,0.13425345043914683,-0.30133333333333334,-1.1538461538461537,-0.05714285714285716,-0.061591914087176236,-0.03741701870850922,-0.0365168539325843,0.04735682819383258,-0.11621621621621625,0.07295029051000657,1.0,0.006429780033841093,-0.03357817418677855,0.0,0.03572555205047312
1994-09-30,0.016913420535671575,0.0087953091684434,0.005305222543750876,0.029051452572628644,0.04110243747012898,0.023203592814371232,-0.10062893081761004,-0.10094637223974767,-0.08571428571428563,0.24390243902439024,0.2232704402515724,-0.49668141592920356,-1.5,-33.0,1.9393939393939394,-0.12319084483338938,-0.03741701870850922,-0.0365168539325843,0.04206098843322814,-0.1620795107033639,0.07295029051000657,0.4999999999999998,0.024209818426361718,-0.03357817418677855,0.0,-0.019721312723673057
1994-12-31,0.05107425555974365,0.0042272126816380595,0.06442327462134201,0.15510204081632661,0.020964039785768884,0.06876371616678867,-0.40909090909090906,-0.40701754385964917,-0.421875,0.24390243902439024,-0.3856041131105399,1.5934065934065935,-5.106870229007634,-1.8541666666666665,-0.563573883161512,-0.1535508637236085,-0.03741701870850922,-0.0365168539325843,0.02825428859737622,-0.18613138686131392,0.07295029051000657,0.3333333333333335,-0.019697964543663793,-0.03357817418677855,0.0,-0.1305732484076434
1995-03-31,0.055271651425497614,0.06129965798474091,0.06226257163093174,-0.09422850412249706,0.040167865707434025,0.03422313483915129,0.6213017751479291,0.6213017751479291,0.6486486486486487,0.24390243902439024,-0.7782426778242678,-0.326271186440678,0.4033457249070631,-1.4024390243902438,0.5196850393700787,0.08662131519274374,-0.03741701870850922,-0.0365168539325843,0.03336604514229635,0.05381165919282527,0.07295029051000657,0.25,-0.022772940388479435,-0.03357817418677855,0.0,0.17162512284463505
1995-06-30,0.03092476955099621,-0.014873574615765994,0.058734392047520956,0.23081924577373214,-0.030547550432276638,0.021508934480476416,-0.6897810218978102,-0.6934306569343065,-0.6885245901639344,0.24390243902439024,6.216981132075472,0.3119496855345911,-0.7284768211920529,-2.106060606060606,-0.37823834196891193,0.07303839732888151,-0.23573667711598756,-0.0365168539325843,-0.015194681861348536,0.038297872340425476,0.07295029051000657,0.19999999999999996,-0.05997258396161764,-0.250814332247557,0.0,-0.19955772456916265
1995-09-30,0.0330462730231984,0.07624559637644701,0.02994217667601773,0.03539355520338083,0.03567181926278251,0.04729510851959828,2.4,2.4285714285714284,2.4210526315789473,0.24390243902439024,-0.1568627450980392,-0.4755512943432406,-1.3512195121951218,-1.356164383561644,0.21666666666666656,0.07740178918708662,-0.012305168170631653,-0.0365168539325843,0.0916104146576664,0.09426229508196715,0.381468110709988,0.16666666666666674,0.002916514764855993,-0.036231884057971064,0.0,0.03943983995427258
1995-12-31,-0.1864704239958518,-0.34252981061491705,-0.2602001111728738,-0.18265306122448977,-0.0022962112514350874,-0.3875657284256109,4.948096885813149,4.96875,5.692307692307692,0.24390243902439024,2.0356589147286823,-6.709323583180987,67.18055555555556,5.615384615384615,1.1780821917808217,0.12238267148014437,1.8712624584717612,1.9591836734693882,0.05918727915194344,0.029962546816479474,0.11585365853658547,0.11428571428571432,0.23736822973464178,2.1413533834586467,-0.05769230769230771,-0.19558243973971212
1996-03-31,-0.006275740341243341,-0.1351351351351351,0.0024795251333684654,-0.2549937578027466,-0.017980437284234707,0.016666666666666607,-0.8842350203606748,-0.8842350203606748,-0.8850574712643678,0.24390243902439024,-1.1440245148110317,-1.1520973422990715,-1.1093909146465675,-2.2790697674418605,-0.6918238993710693,-0.03505950466387908,-0.027769742551345122,0.003940886699507429,-0.019182652210175233,-0.09090909090909094,-0.697111631537861,0.17948717948717952,-0.020857814336075142,0.06270943034944954,-0.061224489795918324,0.1608750142417681
1996-06-30,0.033846457469903335,0.15953947368421062,0.0646829560785489,0.0008378718056136769,-0.0287095356672038,0.027819175360158876,0.12562814070351758,0.12060301507537696,0.1399999999999999,0.24390243902439024,-1.397163120567376,-0.17052631578947364,-0.45810055865921784,-1.040909090909091,0.09183673469387754,0.023666666666666725,0.06456411782207683,0.10107948969578007,-0.011904761904761973,0.04400000000000004,0.04381443298969079,0.15217391304347827,-0.06060606060606055,0.17702702702702688,-0.0652173913043479,0.15850426931004025
1996-09-30,0.04829626801565334,0.05638297872340425,0.03576205561422041,0.02678945165341151,0.06937113557532792,0.05461575640405991,2.3973214285714284,2.408071748878924,2.5087719298245617,0.24390243902439024,6.357142857142857,0.5406091370558375,-1.3402061855670104,12.11111111111111,1.102803738317757,-0.10289807880169322,0.18893236444941297,0.23796791443850274,0.09208261617900182,-0.09195402298850563,-0.15925925925925932,0.1132075471698113,0.020760140530182047,0.3467278989667051,-0.09302325581395343,0.028803795323619097
1996-12-31,-0.051215514886643,-0.01946962067807989,-0.0827159654727112,-0.002853648593558855,0.009307572979833534,0.012373968835930338,-0.5729303547963207,-0.5723684210526316,-0.5549999999999999,0.24390243902439024,-0.3252427184466019,-3.775947281713344,21.595959595959595,-0.9661016949152542,0.01777777777777767,0.12849364791288553,-0.4844851904090268,-0.48308135349172066,0.041765169424744064,0.03375527426160341,-0.07635829662261373,0.1186440677966103,0.0729036295369212,-0.494458653026428,0.025641025641025772,-0.016633728590250363
1997-03-31,0.11904419173744052,-0.12119137281752823,0.2036899822169531,-0.01635322976287812,-0.024032415816682917,0.03259393390674514,-0.12307692307692308,-0.12307692307692308,-0.1348314606741573,0.24390243902439024,-0.6798561151079137,-2.59406528189911,-2.0683951721054985,-30.5,-0.5152838427947598,0.07912512061756183,0.05107159142726858,0.020891364902507092,-0.02344931921331317,0.03673469387755102,1.0206677265500796,0.10606060606060597,-0.13531641878098566,0.02417088251826871,0.0,-0.10659855970524201
1997-06-30,0.04918103078638203,0.1215426567978184,0.03798091720529384,0.11679135494596848,0.06685755189692189,0.10740903112669886,0.11578947368421044,0.11228070175438587,0.1298701298701299,0.24390243902439024,2.5,-0.9106478034251675,-1.1309623430962343,-1.5932203389830508,0.6306306306306306,0.13889716840536526,0.028633405639913123,0.017735334242837686,0.06661502711076683,0.16535433070866135,0.06608969315499613,0.1095890410958904,0.01720067453625629,0.00658616904500553,0.02499999999999991,0.004311556846939624
1997-09-30,0.03432915117086921,0.1934699548454324,0.01304708812714983,0.4030517305545218,0.07434245840042952,0.08313539192399055,0.3144654088050314,0.3154574132492114,-0.5632183908045977,0.24390243902439024,0.1252006420545746,0.9375,-1.0543130990415335,2.6142857142857143,1.3977900552486187,0.45851871237895825,-0.2281737663433151,-0.23190348525469173,0.07116920842411045,0.3682432432432432,0.36162361623616235,0.08641975308641969,0.03945623342175075,-0.24863685932388224,0.024390243902439046,-0.14941670555296305
1997-12-31,-0.03820775218301786,0.08585564610011631,-0.00029270577215778637,0.16047745358090193,-0.12777916562578062,0.11111111111111116,-3.7799043062200957,-3.7865707434052758,-4.052631578947368,0.24390243902439024,0.1925820256776034,0.5096774193548388,-14.705882352941176,-1.391304347826087,-0.22811059907834097,0.11250672887134394,-1.107103825136612,-1.1012216404886561,-0.13152542372881348,0.0370370370370372,0.3734417344173442,0.09090909090909083,-0.08612440191387571,0.0,0.023809523809523725,-0.0642966864165021
1998-03-31,0.017130884890313114,0.00616456714017688,-0.02049540317385956,-0.0717714285714286,0.12888443362451674,-0.02730263157894741,-1.3975903614457832,-1.3975903614457832,-1.3706896551724137,0.24390243902439024,-1.0083732057416268,-1.066951566951567,-0.23605150214592274,0.39393939393939403,-0.4119402985074627,0.16532258064516125,-1.2295918367346939,-1.2586206896551724,0.1170960187353629,0.34285714285714275,0.0,0.08333333333333348,0.10122164048865634,-0.9782293178519593,0.06976744186046524,0.08395872420262673
1998-06-30,0.036875479623571294,0.04528502930207767,0.004065283673103437,-0.023147008126077284,0.09704427248509462,0.09097057828880617,0.27056277056277067,0.27056277056277067,0.2558139534883721,0.24390243902439024,-95.14285714285714,-11.872340425531915,0.4438202247191012,-0.21014492753623193,-0.5532994923857868,0.2379238754325259,7.644444444444444,7.133333333333333,0.0950384346610762,0.10815602836879434,0.0,0.0769230769230771,0.05895404120443737,7.466666666666667,0.04347826086956519,0.07009952401557773
1998-09-30,0.006622000623247137,0.09607543323139645,-0.0076213158678177795,-0.2389715149987396,0.03133672525439413,0.035957842529448225,-0.05962521294718914,-0.05962521294718914,-0.07407407407407418,-0.03921568627450989,0.27921092564491645,0.04305283757338563,-0.5369649805447471,-2.7522935779816513,2.1704545454545454,-0.03354203935599287,0.4010282776349616,0.43442622950819687,0.0319081046585834,-0.11680000000000001,11.182715074980267,0.0714285714285714,0.026040107752169916,0.37401574803149606,0.04166666666666674,0.4401536595228468
1998-12-31,0.013737326832288455,0.09160660311555446,-0.007499850002999908,-0.018880423981450845,0.04406323578876559,-0.007181328545781018,-0.45471014492753625,-0.45471014492753625,-0.45999999999999996,-0.4897959183673469,-0.13048635824436539,0.030018761726078758,0.6050420168067228,-1.036649214659686,-0.02508960573476704,-0.16057380842202684,3.045871559633028,3.2399999999999993,0.05132962275819408,-0.18659420289855067,-0.5299148067765864,0.06666666666666665,0.03004667444574105,3.243553008595989,0.0,0.11266320370630334
1999-03-31,0.03416421727678731,0.14398296059637916,0.025873534034578594,0.10398379473328823,0.05745274914089338,0.16094032549728743,1.2790697674418605,1.2790697674418605,1.2962962962962963,1.4,0.016371077762619368,-0.18943533697632053,-0.23036649214659688,-22.857142857142858,0.5625,0.3876791620727673,0.05759637188208622,0.09299191374663085,0.043529411764705817,0.31848552338530056,-0.7910005512679162,0.0625,0.022939677145284554,0.04523970290344348,0.040000000000000036,0.03621222635795851
1999-06-30,0.03816624833899307,0.07223980636752936,-0.005774896876841518,-0.034862385321100864,0.10866253681324256,0.11863966770508827,0.10932944606413986,0.10932944606413986,0.11290322580645151,0.10000000000000009,0.3812080536912752,-1.4831460674157304,0.8775510204081634,5.326797385620915,2.2776470588235296,0.15890356539874873,0.018010291595197403,0.05795314426633791,0.10766629086809476,0.1114864864864864,0.03989449390042865,0.0588235294117645,0.06866002214839417,0.0025839793281654533,0.05769230769230771,0.11098934550989337
1999-09-30,0.03235440517670485,0.13752387567285984,0.007112375533428139,0.1333967046894804,0.06329577722817614,0.06822928753771174,0.14717477003942192,0.14717477003942192,0.14492753623188426,0.13636363636363624,0.44897959183673475,-4.869767441860465,0.21376811594202905,-0.6652892561983471,0.2325915290739411,-0.06375867683606129,0.06571187868576245,0.10606060606060597,0.06310432569974567,-0.1550151975683891,-0.13411540900443886,0.05555555555555558,0.030310880829015563,0.05025773195876293,0.05454545454545445,0.003616834721613227
1999-12-31,0.06381733021077274,0.11967638528468938,0.02901365348399243,0.16494268940452894,0.10535837353549282,0.1672822072561373,0.0458190148911799,0.0458190148911799,0.05063291139240489,0.040000000000000036,-0.11267605633802813,-0.3701923076923077,-0.032835820895522394,0.46604938271604945,0.9574839836924869,0.029748283752860427,0.1367588932806325,0.18335089567966278,0.09765438008616556,-0.030575539568345356,-0.08861222995239837,0.05263157894736836,0.03947699270807137,0.09386503067484653,0.0862068965517242,-0.03882275854537509
2000-03-31,0.07397455404836673,0.1719154737559645,-0.00680583357163278,0.08351331893448521,0.17987686072792464,0.291643402196166,1.1161007667031764,1.1161007667031764,1.096385542168675,1.1282051282051282,0.4104308390022675,0.2748091603053435,1.0802469135802468,0.10315789473684212,0.1559059803629872,0.40222222222222226,0.23956884561891512,0.3161175422974176,0.18011338857392056,0.27643784786641934,0.13579750903977494,0.0,0.09941944847605222,0.18339876612450934,0.11111111111111094,0.08157700391978628
2000-06-30,-0.10857900765659856,-0.7503489995346673,-0.2632730623056547,-0.07707641196013293,0.10826342558953694,-0.7919308357348703,-0.16925465838509313,-0.16925465838509313,0.6551724137931034,0.6506024096385545,0.0,0.0,0.0,-1.5763358778625953,-0.9122265122265122,-0.06339144215530901,0.06451612903225823,0.17456021650879583,0.06393200295639323,-0.20639534883720934,-0.32118853908737177,57.49999999999999,0.24378437843784373,0.37393364928909945,-0.1428571428571428,-0.7295025999264667
2000-09-30,-0.34837007980522117,-0.012115563839701804,0.006331092699702889,-0.4833213342932565,-0.6188461079985695,-0.0020775623268698418,-0.8554517133956386,-0.8554517133956386,-0.8611111111111112,-0.8576642335766423,0.0,0.0,0.0,-0.8708609271523179,-0.11436950146627567,-0.33461928934010154,-0.03056653491436101,-0.04435483870967749,-0.6217436609934004,-0.37545787545787546,-0.4382490880667015,0.0,-0.41853882894038563,0.06278026905829592,-0.09999999999999987,0.9120388349514563
2000-12-31,0.009081473793461248,0.020754716981132182,0.010563106796116495,0.1565257779842082,0.006098514464425442,-0.06453851492019436,-0.8448275862068966,-0.8448275862068966,-0.85,-0.8717948717948718,-0.8665594855305466,-0.5913173652694611,-0.9065281899109793,1.2307692307692308,-0.2880794701986755,-0.910080358051063,-0.07039956509921164,-0.0958408679927667,0.0036730945821854544,-0.7624633431085044,-0.8979591836734694,0.0,-0.0030422878004259246,0.10548523206751059,-0.18518518518518523,-0.11739616126739116
2001-03-31,0.00611982514785292,0.0369685767097967,0.00438090846207051,-0.006425702811244993,0.00963630711843333,0.06824925816023741,0.6388888888888888,0.6388888888888888,0.6666666666666667,1.0,-0.4457831325301205,-0.5018315018315018,-2.0952380952380953,-1.8160919540229885,0.3302325581395349,0.3857466063348416,-0.3698830409356726,-0.41333333333333333,0.009149130832570851,0.3827160493827162,0.7090909090909088,0.0,0.0036618858712238467,0.0,-0.40909090909090906,0.043608330456794464
2001-06-30,-0.0052136577387037475,-0.08110516934046341,-0.012167125803489443,-0.07437348423605494,0.008774630541871886,-0.005555555555555536,-0.2033898305084746,-0.2033898305084746,-0.20000000000000007,-0.20000000000000007,-0.927536231884058,0.044117647058823595,-0.536231884057971,-2.408450704225352,-0.3496503496503497,0.1779591836734693,-0.7290023201856148,-0.7818181818181819,0.0027198549410698547,0.16964285714285698,1.340425531914894,0.0,0.014290057768318487,-0.8059307105108632,0.1153846153846152,-0.00727673649393612
2001-09-30,0.00832391326687909,0.04801163918525697,0.0050352467270895485,-0.07510917030567688,0.014802380589043151,0.009776536312849249,0.9148936170212767,0.9148936170212767,0.875,0.875,14.4,-0.556338028169014,-1.25,-1.83,0.446236559139785,-0.08662508662508661,-0.386986301369863,-0.38020833333333326,0.010849909584086825,-0.09160305343511455,3.831818181818182,0.0,0.00659472422062346,-0.38124054462934953,0.0,0.13316303864948908
2001-12-31,0.024714635140644203,0.17723276260990284,0.025589640820101733,0.2157695939565627,0.023007518796992477,0.006224066390041472,0.2333333333333334,0.2333333333333334,0.26666666666666683,0.13333333333333353,1.9805194805194803,2.4285714285714284,32.125,-1.2650602409638554,-0.08178438661710041,-0.0015174506828528056,0.3072625698324023,0.31092436974789894,0.005366726296959001,-0.008403361344537785,0.6288805268109126,0.0,-0.0014889815366289083,0.30073349633251834,0.0,-0.03165735567970207
2002-03-31,-0.005470187478243571,0.02083333333333326,-0.022095295355478717,-0.017864077669902945,0.027046891077465718,-0.020618556701030966,0.054054054054053946,0.054054054054053946,0.05263157894736836,0.11764705882352944,-0.1895424836601307,-2.0555555555555554,0.05283018867924527,-15.590909090909092,1.2995951417004048,0.09194528875379926,0.16666666666666674,0.17948717948717952,0.025800711743772187,0.0847457627118644,-0.17008374241986723,0.0,0.032806441992245805,0.19172932330827064,0.0,0.03937246963562746
2002-06-30,-0.010200510025501264,-0.14632268001540238,-0.02643713495235167,-0.14748912613681298,0.020037211965078017,-0.03228070175438591,0.23931623931623935,0.23931623931623935,0.19999999999999996,0.21052631578947367,-0.3709677419354839,-1.736842105263158,0.4301075268817205,-2.0373831775700935,-0.5862676056338028,0.1120389700765485,0.2417582417582418,0.26630434782608714,0.015611448395490113,0.0859375,-0.05775922059846905,0.0,0.030898065261334207,0.28075709779179814,0.0,0.0013633265167007913
2002-09-30,0.008183884819398912,-0.0013531799729363803,-0.0005525734133249305,-0.05287569573283857,0.02371264206538526,-0.00217548948513413,-0.2689655172413793,-0.2689655172413793,-0.29166666666666663,-0.26086956521739124,0.4273504273504274,0.5,-1.0952380952380953,-1.3603603603603602,0.5106382978723405,-0.058197747183979964,0.01032448377581141,0.030042918454935563,0.013663535439794927,-0.07194244604316535,-0.2488921713441654,0.0,0.01540616246498594,0.046798029556650356,-0.0344827586206895,0.05436156763590394
2002-12-31,0.0065641128426117135,-0.023486901535682003,-0.008056235684385071,-0.0876591576885406,0.03193530701754388,0.07703488372093026,0.9245283018867925,0.9245283018867925,0.9411764705882353,0.8823529411764706,-0.8083832335329342,-0.376984126984127,-2.894736842105263,-2.375,-0.46478873239436624,-0.10299003322259137,0.16350364963503639,0.1958333333333333,0.022746419545071728,-0.11627906976744196,-0.12684365781710905,0.0,0.025655172413793226,0.18823529411764706,0.0,0.07037446965504524
2003-03-31,0.009309040223018705,0.05504162812210911,-7.96241738991732e-05,0.006441223832528209,0.024970115553194283,-0.053981106612685514,-0.33333333333333337,-0.33333333333333337,-0.33333333333333337,-0.3125,6.578125,-0.7707006369426752,-1.0138888888888888,-3.727272727272727,2.3684210526315788,-0.12296296296296294,0.007528230865746499,0.027874564459930307,0.023064250411861664,-0.14035087719298245,-0.2674549549549551,0.0,0.01559978483055402,0.03762376237623766,0.0,0.048255062473071764
2003-06-30,0.09321824907521581,0.6492766330556774,-0.0033444816053511683,0.0005333333333332746,0.25035635609692886,0.043509272467902926,-1.036764705882353,-1.1323529411764706,-1.1363636363636362,-1.1363636363636362,-1.0329896907216496,15.333333333333332,1882.0,1.8422222222222224,1.9984375,-0.008445945945945943,-0.33250311332503113,-0.2745762711864407,0.250402576489533,-0.030612244897959218,-0.039969254419677136,0.0,0.1451271186440679,-0.2862595419847328,0.0,0.6484175914508838
2003-09-30,0.0006767426122264997,0.05635300372142482,0.00015979546180888704,0.04637526652452029,0.001347289874598312,0.0,-9.6,-1.5555555555555556,-1.6666666666666667,-1.6666666666666667,-24.625,-1.1020408163265305,-1.0292087095061073,-0.7005473025801408,0.1995831162063575,0.020442930153321992,-0.2779850746268657,-0.16822429906542058,-0.004507405022536881,-0.18947368421052624,0.410728582866293,0.0,0.0006938020351525687,-0.2366310160427808,-0.0357142857142857,0.009574627237819877
2003-12-31,-0.029350766456266886,-0.22471061902365375,-0.05000798849656496,-0.10952623535404993,-0.0025874560132477242,0.015037593984962516,-2.2093023255813953,-6.2,-6.5,-6.5,-1.4603174603174602,-5.533333333333333,8.127272727272727,-3.475195822454308,-0.4118158123370982,0.08180300500834736,-0.7855297157622739,-0.6797752808988764,-0.011642949547218673,0.09090909090909083,0.38762769580022693,0.0,0.02750173330251915,-0.7705779334500875,0.0,-0.12936527537663634
2004-03-31,0.033396813600260034,0.18338201882505678,0.05474268415741679,0.06864988558352403,0.007056137802220697,-0.00471380471380467,-1.6538461538461537,-1.2307692307692308,-1.1818181818181819,-1.1818181818181819,-3.2988505747126435,0.3088235294117647,-1.9721115537848606,-1.5611814345991561,0.39290989660265874,0.10879629629629606,-1.6024096385542168,-0.8421052631578947,0.007198952879581277,0.11904761904761907,4.877300613496932,0.0,-0.025416104363472747,0.0,0.0,0.10734142743674124
2004-06-30,0.003191298094210815,-0.0633571036752606,-0.0003986287172127456,-0.017130620985010725,0.007831014940752112,0.04127198917456032,1.7058823529411766,4.833333333333333,4.5,4.5,-0.7424999999999999,0.08426966292134841,-1.0778688524590163,-1.6033834586466167,-0.1702014846235419,-0.021572720946416046,-1.8399999999999999,4.888888888888889,0.007147498375568606,-0.031914893617021156,0.0,0.0,0.0046157396722825705,-0.4885496183206107,0.0,-0.047033507531509366
2004-09-30,0.0340068999507146,0.07525622254758413,0.05423512521933316,0.24128540305010904,0.008076883754217334,0.060428849902534054,0.2065217391304348,0.27142857142857135,0.27272727272727293,0.27272727272727293,6.961165048543689,0.6917098445595855,-0.1578947368421053,-1.4205607476635513,0.08626198083067083,0.024182076813655806,1.9285714285714288,0.5660377358490567,0.00774193548387081,0.0219780219780219,1.505219206680585,0.0,-0.02504020215943037,1.8955223880597014,0.03703703703703698,-0.13376344086021508
2004-12-31,0.05754398128087357,-0.30936819172113295,0.07134210924496909,0.07854322071083808,0.03904665314401612,0.06985294117647056,-0.9369369369369369,-1.1573033707865168,-1.1428571428571428,-1.1428571428571428,-0.8731707317073171,2.6339969372128635,-30.84375,-10.733333333333333,-0.7729411764705882,0.15624999999999978,0.30081300813008127,0.27710843373493965,0.02496798975672232,0.15053763440860224,-0.7109444444444444,0.0,-0.017200754005655017,0.268041237113402,0.0,-0.3596698113207547
2005-03-31,0.015692862410882524,0.047712933753943254,0.01984323141021105,0.09397884458909678,0.009956076134699954,0.1351660939289805,10.571428571428571,-5.214285714285714,-5.5,-5.5,1.5961538461538463,-0.9110830172777076,-1.0335078534031414,-1.0205479452054795,0.06994818652849744,0.0930930930930931,0.27500000000000013,0.1603773584905661,-0.21611492816989386,0.06542056074766345,-0.3004036133000193,0.0,-0.0055142651642292595,0.2032520325203253,0.03571428571428559,-0.042260347000096954
2005-06-30,0.7343579813627013,0.7162213022205495,0.8892120204957763,0.7883971736705095,0.2699333140040592,0.9228052472250252,-4.098765432098766,-5.627118644067797,-4.666666666666667,-4.666666666666667,-0.7851851851851852,1.5213270142180093,-15.96875,-0.8148148148148149,0.012106537530266248,0.08406593406593421,-1.6274509803921569,-1.146341463414634,0.27011952191235045,0.3771929824561404,-0.15302197802197803,0.0,-0.26687560270009647,0.0,0.10344827586206917,-0.04038052828661065
2005-09-30,0.0015351336264042281,0.08969298245614032,0.056443336754141704,0.4289873154501975,0.08333333333333326,0.009183941222776104,-5.49003984063745,-5.0476190476190474,-5.090909090909091,-4.454545454545454,18.20689655172414,0.28383458646616533,-1.2609603340292277,60.2,0.7320574162679425,0.08717688798783563,-6.742187499999999,-16.833333333333336,0.0790464240903388,-0.14012738853503182,0.0,0.0,0.08220979940808948,1.6013513513513513,0.0625,-0.23739717359206924
2005-12-31,0.027334587426554258,-0.06057556852485413,0.039897307799056314,-0.165162980209546,0.001896733403582651,0.009100364014560602,-0.9538598047914818,-0.9791855203619909,-0.9777777777777777,-0.9298245614035088,-0.6894075403949731,1.1508052708638359,-6.68,-2.349673202614379,-0.5704419889502763,0.07832167832167825,-0.03809523809523807,-0.08771929824561409,0.09651162790697665,-0.007407407407407418,-0.5737917612714888,0.0,-0.024916438772409566,-0.12207792207792212,0.02941176470588225,0.12529387359977884
2006-03-31,-0.0011303011122163475,0.006212510711225416,-0.01698138386601722,0.0808785079309744,0.03218342448464462,0.0007729966503478014,1.4807692307692308,2.4782608695652173,2.666666666666667,0.375,1.0028901734104045,-0.6004084411164057,-1.1633802816901408,-0.9757869249394673,-0.032154340836012874,0.04842196281885003,-0.05657708628005664,-0.0692307692307692,0.03234358430540829,-0.03731343283582089,-0.05859969558599709,0.0,0.03365534434403239,-0.10355029585798803,0.0,-0.06906722379255259
2006-06-30,0.00968632598560637,0.09474132424952098,-0.028304768369251665,0.0012901144976615875,0.01779770396032876,0.06359423274974252,0.8682170542635659,1.4,1.3636363636363638,1.1818181818181817,-1.1933621933621934,-1.0647359454855196,-1.146551724137931,6.9,-0.2624584717607974,0.05608247422680401,0.4497751124437781,0.4545454545454546,0.012840267077555145,0.023255813953488413,0.03516572352465652,0.0,0.008139885438649408,0.46699669966996704,0.028571428571428692,0.09333333333333349
2006-09-30,0.014345272784327845,0.09937767405678732,0.01131640529495992,0.16282815268159134,0.02095708469598878,0.006293875574921337,0.29875518672199175,0.375,0.34615384615384603,0.3333333333333335,-9.552238805970148,-10.631578947368421,-22.176470588235293,-6.3164556962025316,1.891891891891892,0.00819992190550578,-0.608066184074457,-0.53125,0.018762677484787105,-0.007575757575757569,-0.35767278406872316,0.0,0.00657894736842124,-0.6085489313835771,0.0,-0.05457618932624986
2006-12-31,0.02472709594731959,0.07199716964443659,0.02041098255914342,-0.11717451523545708,0.03445119958161724,0.06446956940101045,0.2971246006389776,0.35606060606060597,0.37142857142857144,0.125,-0.15357766143106455,1.0355191256830603,-0.7861111111111111,-0.6476190476190475,0.23052959501557635,0.09372579395817193,0.5567282321899734,0.46060606060606046,0.022399203583872485,0.07633587786259532,1.2887537993920972,0.0,0.009506833036244666,0.548850574712644,0.0277777777777779,0.2141762452107281
2007-03-31,0.0029111767623402063,-0.01534653465346536,-0.016110471806674354,-0.07326639472858487,0.010679979777553195,-0.07050847457627119,-0.45320197044334976,-0.5251396648044693,-0.5416666666666666,-0.41666666666666663,-0.4742268041237113,-0.4845637583892617,2.064935064935065,-1.7432432432432432,-0.1392405063291139,0.1458923512747876,0.07966101694915273,0.07468879668049788,0.009737098344693162,0.12056737588652489,-0.16547144754316057,0.0,0.007945850500294505,0.08534322820037099,0.0,0.06258546334280002
2007-06-30,0.013180528081190301,-0.041226747109100015,-0.009425524595803259,-0.08566108007448792,0.01782029637966609,0.038414782397276914,0.36036036036036045,0.4882352941176471,0.5,0.4285714285714286,1.1392156862745098,1.0026041666666665,0.43644067796610164,-0.8454545454545455,-0.025000000000000022,0.20766378244746608,0.03924646781789609,0.0347490347490349,0.017357762777242103,0.1898734177215189,0.10057288351368543,0.0,0.004671532846715287,0.052991452991453025,0.0,0.04850524648584442
2007-09-30,0.013475944907790582,0.03723125327739907,0.006737046812057335,0.727643029068691,0.026968915100135105,0.039803324748302504,0.5463576158940397,0.6521739130434783,0.6666666666666667,0.6000000000000001,0.2483959670027498,0.042912873862158696,-0.8200589970501475,-30.352941176470587,0.7526395173453997,-0.09211873080859778,0.12235649546827809,0.11194029850746268,0.026540284360189403,-0.10638297872340419,-0.13765182186234814,0.0,0.013368206916593905,0.12824675324675328,0.0,-0.3996412386706948
2007-12-31,0.03195410000837584,0.08813616447590156,0.020662297343911673,0.17747293966348732,0.03266136268469233,0.03647827065976128,0.17130620985010703,0.19377990430622005,0.21818181818181825,0.12500000000000022,-0.3744493392070485,1.3067331670822941,-7.409836065573771,-2.2164328657314627,-0.5223752151462995,-0.0014092446448702445,0.09286675639300124,0.08389261744966459,0.029547553093259404,-0.023809523809523836,-0.12005365526492295,0.0,0.0008603383997705105,0.10647482014388476,0.0,-0.07579808145934896
2008-03-31,0.03145164563126501,0.17717206132879038,0.03981209233160965,0.018567397833803678,0.02276545212303782,-0.021073213121877044,-0.3107861060329068,-0.3406813627254509,-0.35820895522388063,-0.2777777777777778,0.39319248826291076,-0.1627027027027027,0.3606138107416881,-1.2800658978583197,0.3063063063063063,-0.0028224668360147254,0.09113300492610832,0.07430340557275539,0.013901345291479794,-0.03658536585365846,-0.12004573170731703,0.0,-0.008309455587392378,0.09362808842652792,0.0,0.15569167942827988
2008-06-30,0.025318696883852798,-0.0628864623075911,0.017648779536516335,-0.048253060495040634,0.030244676030811046,0.07900577008433207,0.4694960212201591,0.5349544072948329,0.4883720930232558,0.4358974358974359,-0.6065711878685762,-0.09296320206584896,-0.046992481203007475,-3.5352941176470587,-0.5944827586206897,0.2756863855080669,0.1365688487584651,0.12103746397694515,-0.11808934099955759,0.2594936708860758,0.1416197488090083,0.0,0.004911875180583669,0.13079667063020217,0.0,-0.01531213191990588
2008-09-30,0.02686160517277769,0.07693387617576875,0.026413286489939347,0.026851938785090512,0.03139087410665198,0.010900863842040254,-0.06859205776173283,-0.03168316831683171,-0.140625,-0.07142857142857151,2.5910064239828694,-0.13238434163701063,-0.5798816568047338,-2.556844547563805,2.2823129251700682,0.05968493454626134,0.010923535253227534,-0.0025706940874035134,0.027081243731193583,0.20603015075376874,-0.08042488619119881,0.0,0.004600345025876917,0.014721345951629772,0.0,0.048744019138756034
2008-12-31,0.016965937330667646,-0.09959588058923219,0.013629150200703322,0.002377251531498592,0.018868930227599723,-0.1377416073245168,-0.24031007751937983,-0.2556237218813906,-0.25454545454545463,-0.25,-0.268932617769827,0.3404429860541427,7.178403755868544,0.9880774962742176,1.3823834196891194,-0.3697654941373534,-0.09724950884086447,-0.10051546391752575,0.01611328125,-0.38749999999999996,-0.38201320132013195,0.0,0.0017172295363478973,-0.05595854922279797,-0.05405405405405406,-0.10179640718562877
2009-03-31,-0.004446322597240315,-0.14362241204575066,-0.005832693783576315,-0.558515005016875,-0.0026680617316243715,-0.18357715903728178,-1.0561224489795917,-1.206043956043956,-1.1951219512195121,-1.205128205128205,-0.47960848287112556,-0.2931456548347613,-1.2095292766934558,-1.661169415292354,-0.3836450630709004,-0.40199335548172765,-0.2546245919477692,-0.2292263610315186,-0.0028832292167226825,-0.41496598639455784,-0.3538050734312417,0.0,0.0020000000000000018,-0.1942919868276618,-0.05714285714285705,0.9398412698412697
2009-06-30,-0.009596751868598319,-0.09923922231614535,-0.03884514435695541,-0.20309917355371898,0.03341376416282005,-0.013583815028901713,-4.090909090909091,-1.8933333333333333,-1.875,-1.875,-1.3871473354231976,-0.4095238095238095,-1.36986301369863,-0.09977324263038545,-0.5603387438249823,-0.16000000000000003,-0.3547445255474453,-0.3420074349442379,-0.002409638554216942,-0.15116279069767447,0.12396694214876036,0.0,0.043341887653264966,-0.2820163487738421,-0.09090909090909094,0.1303493985762212
2009-09-30,0.007416379390664307,0.01745495495495497,-0.003373277219134496,0.22504537205081676,0.025328663519618377,0.1312628186346323,3.2058823529411766,2.8507462686567164,2.857142857142857,2.857142857142857,-7.866396761133603,0.8929618768328447,-0.5481481481481482,-1.5869017632241813,0.7479935794542536,0.45304232804232814,-0.2850678733031674,-0.24293785310734461,0.01352657004830915,0.452054794520548,1.2435661764705879,0.0,0.01803771522273845,-0.2220113851992409,-0.06666666666666654,-0.16946575937454755
2009-12-31,0.01346577141483074,0.13226342003320424,0.011379021339694484,-0.13058201058201058,0.019207920792079225,0.053613053613053685,0.21678321678321688,0.24031007751937983,0.2592592592592593,0.33333333333333326,-0.5035377358490566,-0.7397366382649109,-7.885245901639344,-0.8154506437768241,0.07897153351698805,0.3004096495220756,-0.088607594936709,-0.059701492537313494,0.013822688274547135,0.28301886792452824,0.8004916018025401,0.0,0.0056375838926174815,-0.060975609756097615,-0.0357142857142857,0.3023620674627385
2010-03-31,0.012775820846489427,0.0782013685239491,0.015266932270916245,0.08641674780915287,0.01126870021371662,0.07251720747295964,0.014367816091954033,0.018750000000000044,0.0,-0.05555555555555547,0.324228028503563,1.4345238095238093,-0.4976190476190476,0.0,0.07319148936170206,0.16240812040602037,0.6631944444444444,0.5396825396825398,0.008932769158439102,0.1470588235294117,0.2186575654152445,0.0,-0.0013347570742124892,0.6051948051948053,0.07407407407407396,-0.007562575291125584
2010-06-30,-0.0005586491503126734,-0.061952251435479,-0.0810573240409368,0.04234819628052877,0.12252641690682031,0.057987623195049354,0.059490084985835745,0.06134969325153383,0.02941176470588225,0.0,-0.024215246636771326,-0.22249388753056232,3.1232227488151656,-5.8604651162790695,-0.3314829500396511,0.12827461607949409,0.231732776617954,0.2783505154639174,0.059179869524697004,0.1217948717948718,-0.3272964899178491,0.0,0.1234963913392142,0.19579288025889952,0.06896551724137945,-0.1000741789736328
2010-09-30,0.014983772087991287,0.07264819587628857,0.010385351188849423,-0.0500859845227859,0.02259210132215128,-0.05047660311958402,0.4144385026737969,0.4508670520231215,0.40000000000000013,0.4117647058823528,0.28308823529411775,0.26257861635220126,-0.14022988505747125,-0.6291866028708134,-0.1838671411625148,-0.04937283159861228,0.1457627118644067,0.16532258064516125,0.021997360316762027,-0.10285714285714287,-0.24535109630863172,0.0,0.007375684035212826,0.1596752368064953,0.0,0.1291869614087673
2010-12-31,0.002096249844557807,-0.1016669169544977,-0.010278604273735503,-0.024213622991627104,0.017239215029917654,0.09194615560118646,0.032136105860113506,0.031872509960159334,0.020408163265306145,0.02083333333333326,-0.022922636103151817,0.06849315068493156,-0.5454545454545454,-2.070967741935484,0.24127906976744184,0.21055586749017396,0.08579881656804744,0.11418685121107264,0.01678863538527775,0.1847133757961783,0.04339830820154478,0.0,0.015351913084553637,0.08751458576429405,0.032258064516129004,-0.07936823943194637
2011-03-31,0.010530234537041938,0.010865931126713413,-0.0018789286690352736,-0.0983302411873841,0.026654600797992645,0.020894274968658477,0.17216117216117222,0.20849420849420852,0.19999999999999996,0.18367346938775508,-0.1414956011730205,0.0815850815850816,-0.7588235294117647,-0.030120481927710885,0.18852459016393452,0.2073283858998145,0.12806539509536763,0.15217391304347827,-0.03937341236240477,0.18279569892473124,0.11209023616496294,0.0,0.016050244242847178,0.1448497854077253,0.03125,0.12109853672601445
2011-06-30,0.02199884216620185,0.09393087481395734,0.017318684327617406,0.043724279835390956,0.02880724387996314,0.0947605403192795,0.10624999999999996,0.12939297124600646,0.08333333333333348,0.10344827586206917,0.29632792485055504,-0.12392241379310343,0.9512195121951219,2.3850931677018634,0.5369458128078817,0.054360353438340336,0.1533816425120773,0.14555256064690036,0.028206258263552053,0.09999999999999987,-0.07955625990491288,0.0,0.006639194139194116,0.13683223992502347,0.030303030303030276,0.04809361537966961
2011-09-30,0.04124826201143206,0.09402872260015127,0.04669784342091976,0.07663873829472645,0.03941116909416631,0.01794727986539546,0.40960451977401124,0.4115983026874115,0.3999999999999999,0.421875,0.2924901185770752,0.45264452644526454,0.0625,0.12110091743119256,0.3916666666666666,-0.012570595736928314,0.1769633507853403,0.17176470588235282,0.039005572224603435,-0.04132231404958686,-0.1477272727272727,0.0,-0.0015919945417329773,0.1475680131904369,0.02941176470588225,0.016133979510459584
2011-12-31,0.017639301022090326,-0.11220118833770898,0.001028575102054008,0.0011444266422522276,0.035781191457474604,-0.026078971533517015,-0.0410821643286573,-0.04208416833667339,-0.04395604395604402,-0.04395604395604402,-0.11875637104994907,0.8475867908552075,4.847058823529411,-3.3682487725040917,-0.6665131275909719,0.08487084870848705,0.11654804270462638,0.11646586345381515,0.03506600660066006,0.0474137931034484,-0.09333333333333327,0.0,0.017767653758542057,0.1257183908045978,0.0,-0.11319729533929002
2012-03-31,0.013121658836870331,0.06443579766536955,0.0030504447227306386,0.02080475537265669,0.025755109423042155,0.03243447105412023,-0.2163009404388715,-0.2165271966527197,-0.2183908045977011,-0.2183908045977011,-0.19317524580682477,-0.5366636113657195,-0.9094567404426559,-1.203178991015895,0.40607734806629825,0.1824829931972789,0.004780876494023811,0.008992805755395628,0.025508170585890833,0.13991769547325106,0.03297682709447414,0.002136752136752129,0.012533572068039511,0.00893426930440322,0.0,0.04275308053645577
2012-06-30,0.00588423409018235,-0.08261441731247254,-0.020936039439144682,-0.00246360582306826,0.035864160524738065,-0.004018264840182639,0.6053333333333333,0.6074766355140186,0.6176470588235294,0.6029411764705883,0.22293906810035846,0.28783382789317513,3.0777777777777775,-0.8741496598639455,0.036345776031434074,0.012944052926794347,0.10864393338620149,0.12477718360071322,0.03575592693354057,-0.010830324909747224,-0.019844693701466798,0.002025586353944453,0.030061892130857748,0.13978494623655924,0.0,-0.08036821831951424
2012-09-30,0.02120557003878676,0.08766337264902768,0.017198535181794483,0.09586888190390663,0.027303057125348973,0.058866678892352864,-0.25166112956810627,-0.25249169435215946,-0.25454545454545463,-0.2477064220183487,0.20691676436107853,-0.2557603686635944,-0.2506811989100818,21.027027027027028,0.7725118483412323,0.06360925741871348,-0.05507868383404868,-0.03961965134706813,0.027016885553470926,0.025547445255474477,-0.07130281690140838,0.0021278859453133236,0.006008583690987113,-0.03940066592674807,0.0,-0.007454209853755667
2012-12-31,-0.0044052177703060025,-0.23461313012895657,-0.03722275795564123,-0.12968653964351562,0.026179745493107198,-0.015587114651887779,0.018867924528301883,0.020000000000000018,0.024390243902439046,0.024390243902439046,-0.2365225837785333,1.308565531475748,0.7418181818181817,-2.403680981595092,-0.611764705882353,0.04765718862635171,-0.03709311127933379,-0.018151815181518205,0.025210084033613356,0.021352313167259718,0.07488151658767772,0.0021233676611105423,0.030716723549488067,-0.02657423454650487,0.0,-0.12059223231528493
2013-03-31,0.012132772557419624,0.039632395175186685,-0.0029380341880341776,0.22269303201506596,0.027772395530581973,-0.027445460942997935,0.130718954248366,0.12962962962962954,0.11904761904761907,0.11904761904761907,-0.20101781170483457,-0.451050514081359,-0.755741127348643,-0.9222027972027972,-0.12258953168044073,0.2535677879714575,0.045597484276729494,0.0672268907563025,0.02744119743406981,0.22299651567944245,0.26455026455026465,0.0022248119504184594,0.01552152317880795,0.07359050445103854,0.0,-0.14973566490443269
2013-06-30,0.03960763111145438,0.0012891344383056946,0.08712831502812746,-0.22102425876010778,-0.0012882548859423082,0.04793777134587551,-0.8516377649325626,-0.8514946962391514,-0.851063829787234,-0.851063829787234,0.5987261146496816,1.6172638436482085,-8.427350427350428,2.7865168539325844,-0.5290423861852434,0.11414921732059358,-0.2729323308270678,-0.2708661417322835,-0.001734304543877796,0.0826210826210827,0.03556485355648542,0.0023255813953488857,-0.0393315671489709,-0.2697622996130459,0.0,0.28544097952936665
2013-09-30,0.022452042378044323,0.13610446937649434,0.015924351629396982,0.12407315867523483,0.031083844580777065,0.07301916105644746,6.688311688311688,6.681818181818182,6.714285714285714,6.642857142857142,0.2255976095617529,-0.627878033602987,-1.6973532796317605,-2.9554896142433233,2.1966666666666668,0.01587446400875825,0.07135470527404353,0.07559395248380119,0.03127171646977067,0.018421052631579116,0.3683501683501684,0.0022147226323561142,0.008485362749257597,0.07342922028766097,0.0,0.010715880339336126
2013-12-31,0.0805696846388606,0.5256597053585883,0.13961737864960733,0.6064204045734389,0.02846855643364976,-0.009652509652509633,-0.038851351351351315,-0.03803888419273038,-0.04629629629629628,-0.03738317757009346,-0.08248679398618453,1.2533444816053514,-7.226072607260726,4.062215477996965,3.4786235662148073,0.04984283789851829,0.044401544401544424,0.026104417670682833,0.028301886792452935,0.018087855297157507,-0.03789370078740151,0.002209828475218334,-0.04816996213714764,0.04513399153737652,-0.02857142857142847,-0.050287144750404966
2014-03-31,-0.010006186620760138,-0.2660229202037352,-0.03647440672555069,-0.21393375307966056,0.018513024387349475,-0.013320337881741362,-0.1766256590509666,-0.17750439367311077,-0.1747572815533981,-0.1747572815533981,-0.36536758193091234,-0.10983302411873841,-1.4383779485820303,-1.7853717026378897,-0.610011641443539,-0.09161676646706596,-0.0471349353049908,-0.05870841487279854,0.01769331585845335,-0.11675126903553301,-0.14603580562659846,0.0029399412011759107,0.02872928176795586,-0.0506072874493928,0.0,-0.06628420807814572
2014-06-30,0.03935606575193584,0.023854272083273065,0.051688433608526374,0.26937140867142606,0.02974075152927469,0.0696410931840632,0.3852721451440768,0.3867521367521367,0.388235294117647,0.388235294117647,0.7655268667131891,0.4160066694456024,-1.6614268440145104,-1.0866412213740457,0.1355223880597014,-0.0381391844806479,0.3006789524733269,0.2931392931392931,0.02962009014810052,-0.054597701149425304,-0.009883198562443796,0.002931323283082099,-0.009022556390977488,0.29779673063255174,0.0,-0.19337429425440045
2014-09-30,0.02173657312402777,0.10180739903981917,0.014439864527816537,0.043758573388203104,0.03139939464230146,0.04278897952901328,0.06394453004622491,0.06317411402157158,0.05932203389830515,0.05932203389830515,0.12845849802371534,-0.5784515749190462,-1.426873857404022,3.211453744493392,0.5026288117770767,0.12894066966908158,0.015659955257270708,0.009646302250803762,0.03126954346466526,0.09726443768996962,-0.15547489413188142,0.0029227557411273253,0.009538261435074746,0.02026286966045987,0.0,0.05558414822439528
2014-12-31,0.03505181015734937,0.048699218249391274,0.04218535676389146,0.18123275068997247,0.030004662516113,-0.05166051660516602,0.020999275887038316,0.021739130434782705,0.02400000000000002,0.016000000000000014,-0.21471103327495622,0.816340782122905,-3.1006423982869378,-0.34937238493723854,0.21763470958712383,0.023588587286445195,0.028634361233480288,0.035031847133758065,0.029714978775015277,-0.008310249307479145,-0.018982808022922626,0.00291423813488767,-0.004938801803736403,0.04616210413311861,-0.02941176470588236,-0.11223793271574845
2015-03-31,-0.018588555184773203,-0.3701576438958817,-0.05582457970150734,-0.26746773475745433,0.019704433497536922,-0.061322957198443606,-0.28510638297872337,-0.28581560283687946,-0.2890625,-0.2834645669291338,-0.27520071364852805,-0.10111495578623608,-3.429153924566769,-5.977491961414791,-0.8896551724137931,-0.05091925781580964,-0.013561741613133615,-0.004615384615384799,0.01855123674911674,-0.07821229050279332,-0.10113179992698063,0.003424657534246478,0.039059128182995284,0.015905592611595853,0.0,-0.1401581722319859
2015-06-30,0.014066947082084447,0.01571594877764837,0.013860761158307255,0.06500607533414349,0.015302258780519606,-0.02868512684463609,0.10912698412698418,0.11022840119165833,0.10989010989010994,0.10989010989010994,0.4461538461538461,-0.1030795551753636,-0.946286193873269,-1.040374677002584,0.32552083333333326,-0.11480092840564182,-0.05788712011577413,-0.04636785162287471,0.017056952876553844,-0.13030303030303025,-0.12632006498781478,0.0034129692832765013,0.0012461059190032042,-0.01060606060606073,-0.06060606060606066,-0.046244251405212045
2015-09-30,0.033555630068427655,0.11079274116523408,0.07351872989519559,-0.33628066172276094,-0.0034721329183919902,0.07869580061454418,0.17710196779964216,0.17620751341681573,0.18811881188118806,0.18811881188118806,0.1646808510638298,0.19456366237482126,-4.3203125,4.256,1.2907662082514735,-0.05395320693828154,-0.02764976958525356,-0.02917341977309551,0.007674815235929611,-0.06968641114982588,-0.01766620176662026,0.00340136054421758,-0.03588467123003525,0.005104645227156812,-0.032258064516129115,0.6735869274042325
2015-12-31,0.0022228897566836103,-0.07652622527944974,-0.005292156009859328,0.6278470133218736,0.010246218964538256,-0.05364772907105553,0.0585106382978724,0.05931558935361214,0.07500000000000018,0.06666666666666665,-0.13006941907197667,-0.28542914171656686,-1.92,-0.69558599695586,0.17152658662092635,-0.093380236648545,-0.013428120063191051,-0.011686143572620988,0.016078984485190517,-0.101123595505618,-0.08329389493610972,0.003389830508474745,0.008175559380378727,0.014728288471305362,0.0,-0.4327330932372949
2016-03-31,-0.0029972425368660627,-0.15921787709497204,-0.012729878774627723,-0.10150475184794083,0.006923332396597148,-0.05903010033444811,-0.22613065326633164,-0.22684852835606606,-0.22480620155038766,-0.2265625,-0.32675346493070134,-0.23743016759776536,2.0997442455242967,-5.87,-0.7130307467057101,-0.11205173427395654,0.007205764611689425,0.0033783783783782884,0.011660188784008652,-0.12499999999999989,-0.11409395973154368,0.0033783783783782884,0.00981647460520696,0.03153153153153143,-0.033333333333333326,-0.06419300225733637
2016-06-30,0.04345839345839342,0.6031007751937985,0.06934225743743694,0.0,0.020094382706652425,0.010307446241336393,0.11410018552875689,0.11513463324048279,0.1200000000000001,0.12121212121212133,0.6107298814722395,0.07545787545787541,-2.17986798679868,-3.6119096509240247,6.489795918367347,0.20497881355932202,0.007949125596184325,-0.0016835016835017313,0.020307354555433754,0.19047619047619047,0.18356643356643354,0.0033670033670032407,-0.022400676246830065,0.024745269286754024,-0.0344827586206895,0.6030453791647821
2016-09-30,0.01752829188466598,0.06244819010776448,0.02255102745242432,0.10489202291758493,0.012759289658260009,0.0633245382585752,0.004163197335553814,0.0033305578684430515,0.0,0.009009009009008917,0.027498063516653737,0.24455040871934597,-1.581118881118881,-1.0019654088050314,-0.0017029972752043987,0.02857142857142847,-0.03391167192429023,-0.03709949409780777,0.01640667025282405,0.008000000000000007,0.006400787789266449,0.003355704697986628,-0.004539559014267169,-0.010890151515151492,-0.0357142857142857,-0.038371108812188415
2016-12-31,-0.0013590803556260411,-0.15734720416124837,-0.0069086572000810476,-0.010238000265922031,0.004420540779488613,-0.00992555831265507,0.07462686567164178,0.07551867219917008,0.0714285714285714,0.0803571428571428,-0.134941575574821,-0.11220580186097429,1.2839951865222625,244.0,-0.4179460934834528,-0.05918803418803409,-0.031020408163265234,-0.03327495621716281,0.013231013495633714,-0.07539682539682535,-0.042563600782778876,0.0033444816053511683,0.005646036916395314,-0.020105313547151837,0.0,-0.14865525672371627
2017-03-31,0.0068840374255740855,-0.02314814814814814,-0.0008384319057330725,-0.04862976894142934,0.01567275483508146,0.018379281537176384,0.13117283950617287,0.13040123456790131,0.1499999999999999,0.14049586776859502,-0.43529411764705883,0.0012330456226881115,-0.9225500526870389,-0.6122448979591837,-0.27842907385697535,-0.03543038837156487,0.06739679865206405,0.06340579710144922,0.021154348393836564,-0.047210300429184504,-0.020439448134900284,0.0033333333333334103,0.008853379399697658,0.06008793356130937,0.0,0.02676622630672032
2017-06-30,0.02133315311662276,0.12385466034755144,0.034132401968566484,0.15970064953402985,0.009292248435243122,0.07694831829368343,-0.08321964529331516,-0.08259385665529007,-0.07971014492753614,-0.07971014492753614,1.2168209876543208,0.07758620689655182,3.700680272108843,-1.9094736842105262,0.3509341998375304,0.11878973392983294,0.01736385161799503,0.017035775127768327,0.015601023017902893,0.09459459459459452,0.02869066249347929,0.0033222591362125353,-0.011772260273972601,-0.008755760368663545,0.03703703703703698,-0.030879391362720998
2017-09-30,0.0036062464158101992,-0.09966263705369693,0.029409184613360173,0.12601972482649448,-0.02432857892477225,0.00030469226081653034,-0.0379464285714286,-0.038690476190476164,-0.023622047244094557,-0.03149606299212604,0.10268012530455972,0.16914285714285704,1.7510853835021707,-2.8032407407407405,-0.46843054720384847,0.10123119015047877,0.014740108611326797,0.008375209380234505,-0.006547469151347185,0.08641975308641969,0.06541582150101433,0.0036122817579771205,-0.027940220922677117,-0.004649000464900022,0.0,-0.20041560840452555
2017-12-31,0.010812830346252245,0.06182669789227169,-0.07682311084599158,0.05071366782006925,0.1120373539334083,0.005787389582698754,3.2668213457076565,3.2701238390092877,3.322580645161291,3.3414634146341466,-0.069760101010101,-0.32013685239491696,-0.4218832193582325,-1.5866495507060334,0.5169683257918551,0.025131390348781535,0.7339449541284404,0.7641196013289038,0.1173637515842838,0.030303030303030276,0.0033317467872440165,0.003599280143971262,0.10049019607843146,0.7393741242410088,0.03571428571428559,0.010539994224660676
2018-03-31,-0.00767499755400225,-0.16791648287016614,-0.0315233194101493,-0.15220747144180302,0.014421068829826966,-0.03301029678982437,-0.7380822911002356,-0.73826354903027,-0.7369402985074627,-0.7378277153558053,-0.5229046487953851,-0.10711718188353703,-0.0582347588717016,-2.9059080962800876,-0.6495152870991797,-0.0015846383296047595,-0.02865961199294531,-0.00941619585687381,0.019056261343012748,-0.10661764705882348,-0.44876660341555974,0.0035863717872086642,0.022271714922049046,-0.013426423200859294,0.0,-0.018574082011715953
2018-06-30,0.014789496171163874,-0.06732638275313663,0.01672742869397381,-0.46479728089342076,0.013674287571784571,0.06858753523332295,0.02560553633217988,0.026315789473684292,0.028368794326241176,0.03571428571428581,1.0284495021337126,1.0933977455716586,-0.8927536231884058,-1.1618828932261769,0.30000000000000004,0.018579030902810212,-0.012709940989559687,0.009505703422053147,0.018032056990204604,0.0,0.016351118760757455,0.003573555687909513,-0.0011883541295306665,0.004354926510615087,0.0,0.7427573154753242
2018-09-30,0.015761462145502003,0.1669192876089427,0.01204621622255031,0.05670220004536186,0.020138532580810775,0.024325908558030518,0.1713900134952766,0.17071524966261808,0.17931034482758612,0.17241379310344818,-0.018232819074333828,-0.4584615384615385,7.396396396396396,2.2624113475177303,0.7528641571194763,0.028047662694775433,0.006896551724137945,0.03672316384180796,0.024710255849551777,0.008230452674897082,0.008467400508044065,0.0035608308605341588,0.004362482649216792,0.02899728997289963,0.0,0.10433547740372551
2018-12-31,0.006451201496423753,0.03166098392596206,0.004353565060324582,-0.04056664520283326,0.008634058426589597,-0.007153075822603716,-0.07200460829493083,-0.0714697406340058,-0.07017543859649111,-0.07058823529411762,-0.14321428571428574,-0.09872159090909094,0.28326180257510725,-1.1434782608695653,-0.06162464985994398,-0.07382310984308127,-0.3922374429223745,-0.38873751135331525,0.016218523260776774,-0.09387755102040818,-0.11838790931989929,0.003548196333530429,0.002171767028628091,-0.39136160126415587,0.0,0.0752647503782149
2019-03-31,0.017730047097087587,0.029902423670129075,0.03472366327730514,0.07516778523489931,0.0031373363806357357,-0.02766570605187324,-0.36188702669149597,-0.3625077591558038,-0.3584905660377359,-0.35443037974683544,0.13672363484785333,0.4948778565799843,-0.24080267558528423,0.18181818181818188,-0.07761194029850749,0.016172506738544534,-0.07738542449286245,-0.07875185735512624,0.006719865602687891,0.0,0.6399999999999999,0.003535651149086716,-0.014184397163120699,-0.07875378623972307,0.0,-0.042138586000703526
2019-06-30,4.150367826349921e-05,-0.06830684596577019,-0.0002451144238696523,0.5965459841864336,0.0002278328949276709,0.05809128630705396,0.2519455252918288,0.25316455696202533,0.2647058823529411,0.2549019607843137,-0.015401540154015403,-0.027938850817079586,0.4229074889867841,4.782051282051282,-0.4865156418554477,0.1176582038651004,-0.04071661237785018,-0.04193548387096768,0.007092198581560405,0.10810810810810789,0.19163763066202089,0.0035231943628890594,0.00019984012789775463,-0.044152184124002014,0.0,-0.4164218566392479
