Quarter end,Assets,Current Assets,Liabilities,Current Liabilities,Shareholders equity,Revenue,Earnings,Earnings available for common stockholders,EPS basic,EPS diluted,Cash from operating activities,Cash from investing activities,Cash from financing activities,Cash change during period,Cash at end of period,Price,ROE,ROA,Book value of equity per share,P/B ratio,P/E ratio,Cumulative dividends per share,Equity to assets ratio,Net margin,Asset turnover,Current ratio
1994-06-30,0.0012786466017506992,-0.07009498853586638,0.0015100476245788474,0.08702290076335872,0.0,-0.055488540410132736,37.5,37.5,inf,20.0,-0.21818181818181814,-0.7939698492462312,0.9285714285714286,-1.96,-0.2767527675276753,-0.005251066622907752,-0.7976608187134503,0.38157894736842124,0.0,0.1200000000000001,0.0,,-0.0013054830287206887,0.0,-0.011111111111111072,-0.1445581515093004
1994-09-30,0.0012786466017506992,-0.07009498853586638,0.0015100476245788474,0.08702290076335872,0.0,-0.055488540410132736,37.5,37.5,inf,20.0,-0.21818181818181814,-0.7939698492462312,0.9285714285714286,-1.96,-0.2767527675276753,-0.005251066622907752,-0.7976608187134503,0.38157894736842124,0.0,0.1200000000000001,0.0,,-0.0013054830287206887,0.0,-0.011111111111111072,-0.1445581515093004
1994-12-31,-0.005206286836935137,0.03205353997886573,-0.01797726745534678,-0.050561797752809,0.06546854942233638,-0.055488540410132736,37.5,37.5,inf,20.0,-0.21818181818181814,-0.7939698492462312,0.9285714285714286,-1.96,0.36734693877551017,0.1187726822830748,-0.7976608187134503,0.38157894736842124,0.0658307210031348,0.1200000000000001,0.0,,0.07124183006535945,0.0,-0.011111111111111072,0.08705138815739977
1995-03-31,0.014318159375925843,0.06416382252559738,0.0017715837959135783,-0.12672583826429984,0.07831325301204828,0.0378884631758194,0.6623376623376624,0.6623376623376624,0.4999999999999998,20.0,-4.0,1.1707317073170733,9.74074074074074,-1.7916666666666665,-0.2126865671641791,0.036862282512533096,-0.7976608187134503,0.38157894736842124,-0.4647058823529412,-0.02819548872180455,0.0,,0.06345332519829183,0.0,-0.011111111111111072,0.21857696566998874
1995-06-30,0.7482476635514019,0.8255291853752404,0.6489035604810187,0.7803500846979108,1.2189944134078212,0.5065627563576702,-4.1171875,-4.1171875,-3.4,20.0,-2.007751937984496,2.2134831460674156,-0.06551724137931036,-5.298245614035087,1.161137440758294,-0.03981797497155859,-0.7976608187134503,0.38157894736842124,1.2197802197802199,0.7930367504835589,0.0,,0.26907630522088355,0.0,-0.011111111111111072,0.025389071907304217
1995-09-30,0.01731818688049902,0.03847505270555174,0.011940511940512044,-0.011100539169045298,0.03625377643504524,0.13667301933024767,-1.3609022556390977,-1.3609022556390977,-1.3333333333333333,20.0,-0.8384615384615385,0.5909090909090908,-0.23616236162361626,-1.8408163265306121,-0.45175438596491224,-0.14366113744075826,-0.7976608187134503,0.38157894736842124,0.03589108910891081,-0.6138079827400216,0.0,,0.018535262206148317,0.0,-0.011111111111111072,0.05013017227053673
1995-12-31,0.005637965953254165,0.01488749788529864,0.007277608987493744,0.12411802437459918,0.0,-0.03377245508982041,-0.9722222222222222,-0.9722222222222222,-1.0,20.0,9.142857142857142,-0.29670329670329665,-1.927536231884058,-0.5825242718446602,-0.344,-0.2161881701833276,1.0346820809248558,0.38157894736842124,0.0,-0.24301675977653636,0.0,,-0.005770084332001879,0.0,-0.011235955056179803,-0.09716214790589717
1996-03-31,-0.0005443065534509461,0.020336722787131167,-0.004840067340067367,0.0017118402282454426,0.014334305150631721,0.0012394645513138514,13.75,13.75,inf,20.0,-0.5492957746478873,-0.43437499999999996,-0.90625,-0.9186046511627907,-0.04268292682926833,-0.08252427184466027,0.33238636363636354,0.38157894736842124,0.01433691756272415,-0.08487084870848705,0.0,,0.015178571428571486,0.0,-0.011363636363636354,0.01857910726805323
1996-06-30,0.00010892059688494271,0.033818003594183965,0.010150137449777885,2.7268584448874966,-0.03401197604790418,0.015102748205001237,-3.406779661016949,-3.406779661016949,-3.4,20.0,-3.09375,0.04972375690607733,-38.833333333333336,-13.714285714285714,0.5668789808917198,-0.014911014911014875,-1.3368869936034116,-1.3333333333333333,-0.034157832744405314,-0.028225806451612878,0.0,,-0.03430079155672827,0.0,0.02298850574712641,-0.7226109900195021
1996-09-30,0.03920714441298201,0.13100505689001274,0.15239690182122678,0.1551394726786397,-0.3630052070419043,-0.018048780487804894,9.309859154929578,9.309859154929578,8.916666666666666,20.0,-1.0845771144278606,-0.21052631578947367,-0.7767988252569751,-0.5955056179775281,0.14634146341463405,-0.3359375,-27.22784810126582,-24.77142857142857,-0.36341463414634145,-0.3112033195020748,-0.4131607335490831,,-0.3870673952641166,0.0,-0.022471910112359605,-0.020885028949545026
1996-12-31,0.004506392789771496,0.008103954170741945,0.004480775052982056,-0.8327489249090307,0.004671078240560567,-0.028315946348733245,-1.0081967213114753,-1.0081967213114753,-1.0084033613445378,20.0,-50.76470588235294,-0.5333333333333333,10.664473684210526,-0.6944444444444444,0.03900709219858145,-0.42499999999999993,0.10907335907335902,-0.015625,0.005747126436781658,-0.09638554216867468,0.0,,0.0,0.0,-0.011494252873563204,5.027455121436113
1997-03-31,-0.0026604068857589702,0.01455301455301461,-0.004521068177708143,1.184731012658228,0.009298721425804013,0.0007668711656441118,1.0,1.0,1.0,20.0,-1.0614657210401892,-0.5571428571428572,-1.0400451212633954,-0.8181818181818181,0.006825938566553003,0.03964194373401542,0.15905134899912965,0.012210012210012167,0.00952380952380949,0.03333333333333344,0.0,,0.012630014858840966,0.0,-0.023255813953488413,-0.5355991590749825
1997-06-30,-0.040744808828913626,-0.07964480874316937,-0.04989705704250935,-0.6156074597139236,0.017274472168905985,-0.004853128991060052,0.6666666666666667,0.6666666666666667,0.0,20.0,5.153846153846154,0.5161290322580645,7.169014084507042,5.5,0.04406779661016946,-0.03813038130381308,0.0016895062887178902,-0.11580217129071169,0.01132075471698113,-0.04516129032258065,0.0,,0.060161408657373405,0.0,-0.011904761904761862,1.3942206126452392
1997-09-30,-0.017393675027262856,-0.027460293899361776,-0.016061185468451256,-0.08714083843617526,-0.0252830188679245,-0.033624229979466125,0.3500000000000001,-2.7,-3.5,20.0,-0.6875,0.4893617021276595,-0.6086206896551725,-8.461538461538462,-0.31493506493506496,-0.16112531969309474,-1.0058095952023989,-1.0954979536152796,-0.02425373134328357,-0.17567567567567566,0.0,,-0.008304498269896099,-0.875,0.0,0.06538934232502447
1997-12-31,-0.07968481216358692,-0.19474969474969472,-0.009327633113097589,0.014447884416924683,-0.500193573364305,-0.04010624169986721,-22.98148148148148,18.0,20.0,20.0,1.5,1.5857142857142859,0.3083700440528634,-1.2268041237113403,0.10426540284360186,-0.21189024390243894,-184.19354838709677,-9.471428571428572,-0.5047801147227534,-0.1885245901639344,0.0,,-0.4570830425680391,0.0,0.012048192771084265,-0.20622337908187405
1998-03-31,-0.01441061199879412,-0.00890826383623955,-0.0154308879299071,0.061037639877924654,-0.0023237800154918276,0.03209739900387376,-1.0783487784330243,-0.9852941176470589,-0.9904761904761905,-0.9904761904761905,-0.44199999999999995,-1.1049723756906078,0.1582491582491583,-3.090909090909091,-0.19742489270386265,-0.09477756286266925,0.2072547983799966,-0.026981450252951067,0.0,0.8282828282828283,0.0,,0.01285347043701801,0.0,0.03571428571428581,-0.06591891489044577
1998-06-30,-0.03994861128104732,-0.12698412698412698,-0.04422898127241337,0.05465004793863848,0.010093167701863415,0.035120643431635346,0.3763440860215055,-1.6842105263157894,-2.0,-2.0,0.3476702508960574,-11.894736842105264,-0.4156976744186046,-0.30434782608695654,-0.17112299465240643,0.21794871794871806,0.23308051341890312,-0.051993067590987874,0.0038610038610038533,0.2154696132596685,0.0,,0.05203045685279206,0.0,0.034482758620689724,-0.17221845454182783
1998-09-30,0.01644045115656656,0.030449069003285922,0.018204558087826506,-0.021818181818181848,-0.003074558032282848,0.03159803159803154,-0.109375,-0.9230769230769231,-1.0,-1.0,-0.35106382978723405,0.18840579710144922,-0.8159203980099503,0.21875,-0.25161290322580643,-0.21754385964912282,0.0,-0.034734917733089565,-0.0038461538461539435,-0.21818181818181825,0.0,,-0.0193003618817853,0.0,0.04444444444444429,0.05344578313253012
1998-12-31,0.028712933358410186,0.10352891156462585,0.014398798962740544,0.1682156133828996,0.1904394757131842,0.1428571428571428,2.0964912280701755,248.0,inf,inf,0.4426229508196722,-0.2520325203252033,0.5405405405405406,-3.8461538461538463,0.9568965517241379,-0.14125560538116588,-1.2125621007806955,-1.808712121212121,0.18146718146718155,-0.13953488372093026,0.0,,0.15744157441574425,29.2,0.06382978723404253,-0.05540052152431507
1999-03-31,-0.0015235541471143588,0.012521672124831351,-0.004170871173898472,0.05767700875099435,0.02396373056994827,-0.08194200351493852,-0.6005665722379603,-0.8835341365461847,-0.9,-0.9,-0.28693181818181823,-0.1630434782608695,1.8245614035087718,-1.5765765765765765,-0.2819383259911894,0.16187989556135762,0.13578185865331105,0.07025761124121765,0.02287581699346397,-0.020270270270270285,-0.9181985294117647,,0.025504782146652527,0.16556291390728473,0.030000000000000027,-0.04266757070902749
1999-06-30,-0.0068359375,-0.023972602739726012,-0.012294805107072926,-0.06205340353516364,0.04427577482605938,0.027757836803062874,0.4113475177304964,1.4482758620689653,2.0,2.0,1.0239043824701195,0.35064935064935066,0.813664596273292,-1.125,0.036809815950920255,0.30112359550561796,0.12934835864772176,0.08533916849015322,0.03833865814696491,0.27586206896551735,0.13146067415730345,,0.051813471502590636,0.17045454545454541,0.01941747572815533,0.040572671624424794
1999-09-30,-0.009341199606686335,-0.022417153996101336,-0.015730798167020055,0.044506816359262125,0.04724409448818889,-0.002095459837019753,-0.13567839195979903,-0.4225352112676056,-0.5,-0.5,0.04330708661417315,-0.19711538461538458,0.14383561643835607,2.5,0.16568047337278102,0.18825561312607952,0.04034707158351414,0.07056451612903225,0.03384615384615386,0.145945945945946,-0.02383316782522349,,0.05714285714285716,0.09223300970873782,0.00952380952380949,-0.06407700909135117
1999-12-31,-0.013523573200992511,-0.003988035892322994,-0.01695504134528525,-0.05719769673704411,0.015037593984962516,-0.01376574895006999,-0.17441860465116277,-0.7804878048780488,-0.6666666666666666,-0.6666666666666666,-0.026415094339622636,0.44311377245508976,-0.7874251497005988,6.357142857142857,1.045685279187817,0.1482558139534884,-0.6276063386155128,-0.23917137476459516,0.005952380952380931,0.10849056603773577,0.03662258392675488,,0.02889095992544255,-0.6088888888888888,-0.009433962264150941,0.056464599241597746
2000-03-31,0.006099861652622218,0.02842842842842841,-0.001696472750406408,0.07776872964169379,0.06894586894586885,0.09462976105985343,0.8098591549295775,11.0,84.0,74.0,-0.06007751937984496,-0.36929460580912865,3.577464788732394,-0.970873786407767,0.014888337468982549,0.2367088607594936,0.4636058230683091,0.1856435643564356,0.06804733727810652,0.2297872340425533,2.196270853778214,,0.0625,0.48863636363636354,0.028571428571428692,-0.045776379191660777
2000-06-30,0.020876304769048115,0.02978392057621182,-0.08666713870990583,0.11975821684926324,0.8304904051172708,0.042576183272098556,0.27237354085603105,0.20370370370370372,-0.3647058823529411,1.7466666666666666,0.6783505154639176,1.539473684210526,-0.24615384615384617,29.5,0.4474327628361858,0.5404298874104403,0.002295332823259333,0.16492693110647183,-0.30747922437673125,0.44290657439446357,0.05618667485416018,,0.7919863597612957,0.22137404580152675,0.03703703703703698,-0.08033183902715524
2000-09-30,0.0039796730545520465,-0.08468809073724004,-0.3753004108845647,-0.019905533063427794,1.4286546301688992,0.012023217247097762,0.003058103975535076,1.523076923076923,0.8148148148148147,-0.5388349514563107,-0.414004914004914,0.9067357512953367,-0.27755102040816326,-3.398907103825137,-0.7415540540540541,0.7342192691029901,0.1396946564885495,0.1684587813620071,1.4,1.5035971223021583,-0.054651162790697594,,1.4196003805899147,0.9375,0.02678571428571419,-0.06611385029134909
2000-12-31,0.016526405659226695,0.05679471292854199,-0.020228344502357887,0.07366609294320137,0.0520383693045563,-0.004506349856616132,-0.3628048780487805,-0.3628048780487805,-0.3877551020408163,-1.0,0.4486373165618449,-0.6929347826086957,-0.2542372881355932,-1.7630979498861048,2.189542483660131,0.3950191570881223,-0.0743469524447421,0.0521472392638036,0.04833333333333334,-0.4185823754789272,0.1602091020910208,,0.03499803381832467,0.3032258064516129,0.01739130434782621,-0.015718742500599903
2001-03-31,0.02189693442917995,0.0883330076216533,-0.012412919569347647,0.08111574222507212,0.05276954638705256,0.0810699588477366,1.0813397129186604,1.0813397129186604,1.1,inf,-0.06657018813314042,-0.3097345132743363,1.2803030303030303,-0.4626865671641791,0.3688524590163935,-0.05767646251029923,0.0709117221418234,0.1399416909620994,0.049284578696343395,-0.10214168039538718,-0.03260005300821622,,0.03020516717325239,0.3762376237623761,0.017094017094017033,0.006643910764354555
2001-06-30,0.03551720089233301,-0.07308313880409412,0.005001923816852605,-0.02135231316725983,0.06127530583522778,0.04644080700418729,0.19770114942528738,0.19770114942528738,-0.40476190476190477,-0.4032258064516129,0.15038759689922476,7.852564102564102,-1.584717607973422,-3.5722222222222224,-0.6931137724550898,0.012532789274264156,0.11621621621621636,0.12787723785166238,0.05909090909090908,-0.034862385321100975,-0.1041095890410958,,0.02489397012723571,0.31115107913669093,0.01680672268907557,-0.05286103542234333
2001-09-30,0.03197460173479216,0.07225881441301829,0.0002552322613578184,-0.32393939393939397,0.057329388962562566,0.020007275372862843,-0.17274472168905952,-0.17274472168905952,-0.17333333333333334,-0.17567567567567566,0.5323450134770888,-0.7132512671976828,-3.2329545454545454,-1.755939524838013,1.707317073170732,0.1384571099597005,0.012106537530266248,0.04081632653061229,0.05436337625178833,0.07604562737642584,0.31834862385321094,,0.024469233537243618,0.03155006858710552,0.008264462809917328,0.5861143076332949
2001-12-31,0.06004504751963968,0.12827461607949409,0.07706047461087007,-0.09816225907664722,0.04717800289435603,0.005349500713266675,-0.05336426914153136,-0.05336426914153136,-0.06451612903225812,-0.06557377049180335,-0.44063324538258575,-0.0732323232323232,-2.6997455470737917,1.677142857142857,1.6882882882882884,0.03034134007585343,0.06638755980861233,0.0838779956427016,0.03934871099050197,-0.0229681978798586,-0.04036186499652061,,-0.01211801896733411,0.08510638297872353,0.0,0.251068117694478
2002-03-31,0.06358830845771135,0.19455564451561247,0.04264392324093813,0.1560636182902584,0.07987838584853502,0.04647037956722233,0.6127450980392157,0.6127450980392157,0.6206896551724139,0.6315789473684212,0.7641509433962264,-0.3487738419618529,-0.8877245508982036,0.022411953041622246,0.6420911528150135,0.07067484662576695,0.05888951205832882,0.07236180904522604,0.07310704960835523,0.030741410488245968,-0.16968817984046403,,0.015288888888888907,0.09191176470588225,-0.016393442622950838,0.033280711363123716
2002-06-30,0.042440189056180966,0.09504021447721178,-0.0030674846625766694,-0.03525365434221839,0.07661462332565483,0.03796610169491532,0.19300911854103342,0.19300911854103342,-0.4042553191489361,-0.4086021505376344,-0.17023172905525852,0.6610878661087867,-0.36,-0.3883089770354906,0.23918367346938774,0.09649323859729542,0.06144067796610164,0.07685098406747892,0.038929440389294134,0.021052631578947434,-0.022707423580786035,,0.032743827700927985,0.101010101010101,-0.025000000000000022,0.13507109004739348
2002-09-30,0.24034776105450129,-0.21936589545844043,0.228945868945869,0.8065953654188949,0.24827640859022115,0.06988896146309598,-0.270063694267516,-0.270063694267516,-0.3035714285714286,-0.2909090909090909,0.3007518796992481,5.634760705289673,-14.104166666666666,-4.501706484641638,-0.6758893280632411,-0.25564381270903014,-0.05039920159680633,-0.03829416884247172,0.2482435597189696,-0.28350515463917525,-0.33899314864462315,,0.006442861987114412,0.020387359836901098,-0.05982905982905973,-0.5679046258652896
2002-12-31,-0.01575218570997894,-0.06429355496314881,-0.07260756676557867,-0.4356191415885545,0.023171660741493127,-0.007783882783882756,-0.07504363001745196,-0.07504363001745196,-0.07692307692307698,-0.05128205128205132,-0.02146985962014869,-0.8409263477600608,0.9157392686804451,-0.7953216374269005,-0.426829268292683,-0.2620050547598989,-0.04781923279033107,-0.025339366515837125,0.023452157598499168,-0.4076738609112709,-0.299233889139252,,0.039588948787061984,0.013986013986014179,-0.036363636363636376,0.6579783852511123
2003-03-31,0.26479822344743087,0.046589576001340616,0.618038196180382,0.12237762237762229,0.04560402059936708,0.09552376557452691,0.39433962264150946,0.39433962264150946,0.41666666666666674,0.3783783783783785,0.139240506329114,13.033412887828161,-4.706224066390042,-0.8476190476190476,-0.11347517730496459,-0.005707762557077722,-0.054635761589403975,-0.08913649025069637,0.043079743354720534,-0.028340080971660075,-0.05337620578778135,,-0.17339167071787387,-0.015763546798029604,-0.07547169811320764,-0.06752300613496931
2003-06-30,0.013803959556820233,-0.00704563650920742,-0.011370658756643226,-0.03777258566978192,0.03797768810823632,0.04422914911541698,0.16914749661705009,0.16914749661705009,0.1568627450980391,0.1568627450980391,-0.08740740740740738,-0.9335034013605442,-1.2241379310344827,1.5,-0.32199999999999995,0.12093379257558357,-0.045534150612959734,-0.07441386340468914,0.06151142355008776,0.0708333333333333,0.09307065217391308,,0.023916879043324846,-0.019019019019019034,-0.05102040816326525,0.03190920679304243
2003-09-30,-0.005046282472379815,-0.05660377358490565,-0.031191398924865554,2.0866046135167946,0.01886576720786648,0.01116041414548885,-0.03819444444444442,-0.03819444444444442,-0.016949152542372947,-0.03389830508474578,0.31412337662337664,0.28644501278772383,0.15484515484515482,-0.75625,-0.11504424778761058,0.038921133492659576,0.06177370030581031,0.03634361233480177,0.0306291390728477,-0.01945525291828787,0.016780609073959063,,0.02412406662837463,0.05816326530612237,-0.021505376344086002,-0.6943614265789998
2003-12-31,0.02484919420185472,0.12461538461538457,-0.01993677011420092,-0.00668677068309953,0.06379755358545625,-0.027260638297872286,-0.06618531889290014,-0.06618531889290014,-0.0344827586206895,-0.01754385964912264,-0.10932674490426186,-0.34194831013916505,-0.8391003460207612,-24.846153846153847,3.0999999999999996,0.08347025961222476,0.039746543778801824,0.018065887353878818,0.02008032128514059,0.051587301587301626,-0.012224938875305624,,0.037951018882034004,0.05303760848601735,-0.03296703296703296,0.1322033898305084
2004-03-31,0.01885853172860119,0.07584739322085432,0.020013166556945405,0.02705913410770866,0.017933435307769363,0.028708133971291794,0.125,0.125,0.10714285714285698,0.08928571428571419,0.023578363384188616,0.6374622356495467,1.5483870967741935,-0.5053763440860215,0.3739837398373984,0.23081589323627538,0.00720221606648197,0.028183716075156573,0.0748031496062993,0.20754716981132093,0.12623762376237613,,-0.0009005763688761936,0.027472527472527375,0.0,0.04755872869645317
2004-06-30,-0.0012646221941194913,0.018366770274088617,0.0023234800567961678,0.018763655057190576,-0.004145292502202191,0.04225913621262456,0.12600229095074456,0.12600229095074456,0.12903225806451601,0.14754098360655732,-0.0060975609756097615,-0.5202952029520296,1.2552742616033754,-0.7,0.07810650887573956,-0.0014785608674222628,0.012101210121012063,0.02639593908629423,0.00805860805860803,-0.07187500000000002,-0.04450549450549446,,-0.002884442040742674,0.022281639928698693,0.0,-0.00043970539738369396
2004-09-30,0.01493568160234826,0.0589622641509433,-0.0007083065035414782,-0.681594550271225,0.02757687704875389,-0.003570062476093372,-0.05798575788402849,-0.05798575788402849,-0.042857142857142705,-0.05714285714285705,-0.06339468302658491,-0.2615384615384615,-0.36576239476145933,2.7318840579710146,0.17288693743139416,-0.006169792694965426,0.001630434782608603,0.012858555885262302,0.03779069767441867,-0.013468013468013518,-0.051178838412880956,,0.012475140119327488,0.017436791630339954,0.0,2.3258550533377322
2004-12-31,0.021010547805375923,-0.03052535045198479,0.03202525935949474,0.19175911251980993,0.0123550559522001,-0.019193857965451033,-0.08423326133909292,-0.08423326133909292,-0.0746268656716419,-0.2727272727272728,-0.2256186317321689,1.109375,0.3510324483775811,-1.5223300970873788,-0.12587739822180632,0.13111497392599936,0.006511123168746691,0.0068359375,0.036414565826330625,0.0887372013651877,0.09090909090909083,,-0.008571428571428563,0.00856898029134534,0.0,-0.18652866873884
2005-03-31,0.02499375156210948,-0.08013513513513515,0.05325924075924071,0.12965425531914887,0.002350822787975826,0.04253098499673835,0.13915094339622636,0.13915094339622636,0.16129032258064502,0.3958333333333335,0.4520676691729324,3.192592592592592,0.08296943231441056,3.2788104089219328,-0.6161670235546038,0.045444566410537846,0.016172506738544534,0.010669253152279401,0.0060810810810809635,0.009404388714733702,0.08000000000000007,,-0.021974063400576505,0.010195412064571086,0.0,-0.18572415755457095
2005-06-30,0.0438375463978975,0.01601292786837072,0.02809887960163615,-0.11918775750441435,0.05708582834331333,0.06782630459266681,0.09730848861283636,0.09730848861283636,0.09722222222222232,0.10447761194029836,-0.4407766990291262,0.10070671378091878,-1.6330645161290323,-0.6741963509991311,-0.5230125523012552,0.029819403611927697,-0.004244031830238693,-0.0057581573896353655,0.05305574210879782,0.021739130434782483,0.005144032921810648,,0.012523020257827033,-0.001682085786375187,-0.011363636363636354,0.15350439297124607
2005-09-30,0.011783943727775359,0.012579525737420383,-0.003747909819523776,1.9104577347143334,0.0244996223564955,-0.000468768311262191,-0.10660377358490569,-0.10660377358490569,-0.10126582278481022,-0.108108108108108,0.9918981481481481,-0.7870518994114499,-2.8121019108280256,-1.488,0.5350877192982457,0.004893964110929794,-0.018114011720831158,-0.019305019305019377,0.04145408163265296,-0.045592705167173175,-0.010747185261003156,,0.012731902510003668,-0.01600673967986521,0.0,-0.6520967672133986
2005-12-31,-0.005720735743054317,0.0028559188919035083,0.15181155226299348,0.019515555045344968,-0.13113394461595174,-0.0358775940907492,-0.06124604012671597,-0.06124604012671597,-0.05633802816901401,0.33333333333333326,-0.063335270191749,-3.459798994974874,0.1159929701230229,6.218579234972678,-0.13523809523809527,0.03713474025974017,0.024959305480195537,-0.006889763779527436,-0.07838334353949772,-0.0031847133757962887,0.0367304707708227,,-0.12625718390804597,-0.0059931506849315586,0.0,-0.01629555914914793
2006-03-31,0.0023221012436143162,0.035882101665954735,0.012913923923420834,0.0372705776376534,-0.008856127697937088,0.06834488629453972,0.1462317210348707,0.1462317210348707,0.22388059701492513,-0.13636363636363635,0.10794044665012414,-1.5311542390194075,0.15748031496062986,-1.1529144587433762,-0.44493392070484583,0.10604578360399142,0.03070407623080995,0.0009910802775026095,-0.003986710963455153,0.20127795527156556,-0.043912175648702534,,-0.011099691675231171,-0.01033591731266148,0.011494252873563315,-0.001390996459281757
2006-06-30,0.04219007413509068,0.2254295532646049,0.011310645897410376,0.010638297872340496,0.07549491706795086,0.028685258964143534,0.14229636898920517,0.14229636898920517,0.14634146341463405,0.14473684210526305,-0.28051511758118697,2.1173076923076923,-1.165986394557823,-0.5742574257425743,-0.3412698412698413,0.05413055015036261,0.04057524396507439,0.012871287128712883,0.07138092061374235,0.0585106382978724,0.022964509394572064,,0.032009977135730505,0.011314186248912117,0.0,0.21261238444979114
2006-09-30,0.02882406698446416,0.15928210880538418,-0.008927695477288333,-0.029538131041890403,0.0671110890005473,0.006860683855261618,-0.05841924398625431,-0.05841924398625431,-0.06382978723404253,-0.06896551724137923,0.20622568093385207,-0.02344231955582976,-1.1762295081967213,-0.06976744186046513,-0.4819277108433735,0.09733176707501245,0.040473840078973256,0.02052785923753664,0.0653798256537983,0.022613065326633208,0.052551020408163174,,0.03726082578046319,0.0206540447504302,0.0,0.19454887218045114
2006-12-31,-0.03951601286791184,-0.14175133043057575,0.0016333399326866616,0.030326508024349774,-0.07827505827505832,-0.012309044949994519,-0.053832116788321116,-0.053832116788321116,-0.05681818181818188,-0.012345679012345734,0.09806451612903233,-1.626026531901453,51.69767441860465,-6.3625,4.988372093023256,0.06392414742315333,0.02371916508538896,0.026819923371647514,-0.05610753945061375,0.0,0.01551139117789635,,-0.04038834951456316,0.013490725126475533,0.011363636363636465,-0.1670600576973511
2007-03-31,-0.010397920415916806,-0.07102593010146563,0.07333102732618468,0.10849715329251253,-0.09610034899600428,0.11127183709803057,0.18129218900675026,0.18129218900675026,0.2168674698795181,0.22499999999999987,0.0916568742655699,-0.8708375378405651,0.07546337157987648,-2.048951048951049,-0.8737864077669903,0.05361506396435245,0.0583873957367933,0.042910447761193904,-0.05882352941176472,0.11547911547911549,0.07971360381861592,,-0.08660461351679472,0.014143094841930104,0.03370786516853941,-0.161943744752309
2007-06-30,0.011214386744796911,-0.004368932038834927,-0.04350628424105707,-0.11861614497528827,0.07772368641933869,0.04445779513367376,0.050612244897959124,0.050612244897959124,0.08910891089108919,0.0714285714285714,-0.17599569429494077,-2.15625,-0.4411161263848995,-1.0444444444444445,0.3076923076923077,0.033833560709413346,0.03809106830122588,0.030411449016100267,0.08026315789473704,0.09911894273127753,-0.03183023872679058,,0.06579530350022145,-0.01066447908121404,0.032608695652173836,0.1296180338134001
2007-09-30,0.052602657608152636,0.03827401267674313,0.06998459761262987,0.1304013194062672,0.03385254413291805,-0.021570319240724722,-0.135975135975136,-0.135975135975136,-0.13636363636363646,-0.12380952380952381,-0.14826910516002612,8.445945945945946,-1.0969162995594715,1.0,0.47058823529411775,0.016231195566112522,0.023618726275832946,0.0,0.052375152253349544,-0.06012024048096187,-0.03378995433789944,,-0.01787570151735618,-0.024046434494195634,0.03157894736842115,-0.08148558758314861
2007-12-31,0.03654311613117556,0.10061047194177042,0.18888888888888888,-0.05855461530979478,-0.13353756528726402,-0.014501273760533007,0.02877697841726623,0.02877697841726623,0.0736842105263158,0.06521739130434767,0.843558282208589,0.42846924177396284,-0.7727272727272727,9.975,3.5119999999999996,-0.06012206206986115,0.057684384013184875,0.0008680555555555802,-0.0966435185185186,-0.10660980810234544,-0.08790170132325137,,-0.16402116402116396,-0.004248088360237934,0.0,0.16910078455039224
2008-03-31,0.048692825420081576,-0.031253333333333355,0.032237315070566375,0.07149498915177177,-0.012983249289978516,0.09683833764167837,0.13898601398601396,0.13898601398601396,0.1568627450980391,0.16326530612244894,-0.2658069883527454,-0.10966449674511769,-2.833333333333333,-1.143507972665148,-0.11170212765957444,0.044625587178778625,0.028048305414881236,-0.020815264527320076,-0.01985906470211396,0.15513126491646756,-0.0031088082901555847,,-0.058987341772152035,-0.009385665529010323,-0.010204081632653073,-0.09591162502581041
2008-06-30,0.0232923661289266,0.08731556925787265,0.004032110259887922,0.005688940314338087,0.05801867402666039,0.04042784626540974,-0.2003069838833461,-0.2003069838833461,-0.2033898305084746,-0.1929824561403508,0.10311614730878182,-0.6642294713160855,4.363636363636363,-17.6984126984127,2.099800399201597,-0.028964422695410663,-0.03410382720727556,-0.08680248007085922,0.05882352941176472,-0.008264462809917328,-0.06704781704781704,,0.03416733925208515,-0.07321274763135222,-0.010309278350515427,0.08119218910585801
2008-09-30,-0.014250362658929983,-0.10389873417721518,0.029498740462195583,0.07660594439117929,-0.07859244047288672,-0.011064645408607743,0.0738963531669865,0.0738963531669865,0.08510638297872353,0.08695652173913038,-0.0015408320493066618,0.9045226130653266,5.305084745762712,-2.006653992395437,-0.68190598840953,-0.024107872514301243,0.04943114947038052,-0.020368574199805978,-0.051234567901234596,-0.07916666666666661,0.007799442896935904,,-0.06529656607700318,-0.025092936802974086,0.0,-0.16772285593578373
2008-12-31,0.01053930055401664,0.1671375296643689,0.014184900173765058,-0.5129575207053165,0.016986928498283316,-0.014095674389921542,0.05540661304736383,0.05540661304736383,0.06862745098039214,0.10000000000000009,0.10751028806584362,-0.6059806508355321,-1.0134408602150538,-2.6081208687440984,3.447368421052632,-0.13328681088625272,0.013457943925233584,-0.00891089108910903,0.014313597918022225,-0.08597285067873306,-0.150359314538419,,0.006401335930976915,-0.01715919923736886,0.01041666666666674,1.3965736040609142
2009-03-31,0.03385801477674266,0.17534856700232382,0.010734641071366235,0.09325287986834896,0.07682283954273528,0.032704852113305316,0.12447078746824736,0.12447078746824736,0.12844036697247696,0.1090909090909089,-0.029725963771481623,-0.078125,-6.24,-0.09864944216089255,0.6986800182066455,-0.04057971014492756,-0.011066027296200653,-0.007992007992007943,0.07697241821680567,-0.054455445544554504,-0.06831489915419642,,0.04148230088495586,-0.005819592628516057,0.0,0.07508604712734979
2009-06-30,-0.023697075151213887,-0.13090040365763245,-0.10925067460042903,-0.07425990968389362,0.10522552255225515,0.028640650687894675,0.027108433734939652,0.027108433734939652,0.024390243902439046,0.016393442622950838,-0.12685495452369555,-0.38014527845036317,22.27480916030534,-1.9550488599348534,-0.3928188638799571,0.05052030882846603,0.03804550540842966,0.06747230614300093,0.10482430017867794,-0.023560209424083767,0.030726256983240274,,0.13197026022304836,0.05951219512195127,0.010309278350515427,-0.06117322563168004
2009-09-30,0.024802681829754647,-0.07345971563981046,0.03343949044585992,0.08870822041553739,0.009704872343602178,-0.003112382234185751,-0.03665689149560114,-0.03665689149560114,-0.031746031746031744,-0.024193548387096753,0.3508771929824561,6.14453125,-0.46179075106592327,-0.3192360163710778,-0.440423654015887,0.06534590190126233,-0.011857707509881354,0.028301886792452935,0.029649595687331498,-0.03753351206434319,-0.009485094850948506,,-0.014778325123152802,0.027624309392265234,0.0,-0.14899533078012683
2009-12-31,0.0015941698929629045,-0.04286445012787721,0.026607538802660757,0.6900099568536342,0.03810134069400628,-0.016876212977807725,0.08599695585996958,0.08599695585996958,0.09836065573770503,0.07438016528925617,-0.08806818181818177,-0.5396391470749043,-0.27605118829981723,-1.217434869739479,0.1711356466876972,0.05398920215956804,-0.007636363636363774,0.03761467889908254,0.05340314136125657,0.025069637883008422,0.00752393980848165,,0.03642857142857148,0.03673835125448033,0.0,-0.43363541088712165
2010-03-31,0.01992641283227914,0.048525010688328374,0.008749130578028286,-0.12961508248232523,0.02483262902996053,0.024461419620633418,-0.07007708479327257,-0.07007708479327257,-0.052238805970149294,-0.03846153846153855,0.032487761459724096,-0.32897862232779096,0.287037037037037,0.09216589861751157,0.1595959595959595,0.042828685258964105,-0.04104067423964819,-0.0053050397877983935,0.03131212723658039,-0.010869565217391353,0.0013577732518668117,,0.004824259131633424,-0.007778738115816752,0.0,0.20463698704691424
2010-06-30,0.0049045437963601834,-0.06646279306829761,-0.00925388300188712,0.01037906137184108,0.02344329132690892,0.03753351206434319,0.15825169555388086,0.15825169555388086,0.16535433070866135,0.16799999999999993,-0.06810344827586212,2.1398230088495573,-0.3100065402223675,-3.8860759493670884,-0.3972125435540069,0.06508391322144891,0.007642338555597927,0.01866666666666661,0.035662650602409585,0.03296703296703285,0.05830508474576268,,0.0185185185185186,0.020905923344947785,0.0,-0.07599168699737968
2010-09-30,0.017989674088415564,0.035924874426730646,0.009999633713050793,0.06219294327824931,0.02770484382073346,0.030765503875969102,-0.08913467794404684,-0.08913467794404684,-0.07432432432432423,-0.08219178082191769,-0.18501387604070307,-0.5005636978579482,-0.09763033175355451,-0.8991228070175439,-0.06647398843930641,-0.03586984370996671,-0.01289343951459998,0.0043630017452007674,0.03862261516984655,-0.06914893617021267,-0.07623318385650224,,0.009652076318742875,-0.0034129692832763903,0.010204081632652962,-0.024740856639937414
2010-12-31,0.22588953165861003,0.20564983661853065,0.34217016029593106,0.1778618732261117,0.08638005462073828,0.014806110458284394,-0.05857142857142861,-0.05857142857142861,-0.03649635036496357,-0.007462686567164201,0.47105561861520995,10.230248306997742,-10.127100840336135,-20.391304347826086,1.3808049535603715,0.09779431304809982,-0.05762581636573183,-0.08166811468288437,0.10483870967741926,0.05714285714285716,0.07073509015256585,,-0.11382836816362818,-0.044520547945205435,-0.04040404040404044,0.023563621778802668
2011-03-31,0.002230194899641269,0.0033222591362125353,0.021373179496879224,0.07068273092369481,-0.02672018813607424,0.0563532499614019,-0.03566009104704093,-0.03566009104704093,-0.037878787878787956,-0.07518796992481214,-0.1693672839506173,-0.9552763819095478,-1.2383473357118195,-1.2638266068759343,-0.15301257043779803,0.08436213991769548,-0.0358744394618834,-0.06622516556291391,-0.02838605028386043,-0.018918918918918948,0.07836787564766823,,-0.028850978424485696,-0.04390681003584229,-0.03157894736842093,-0.06289184952978044
2011-06-30,-0.005369582043343701,-0.05576856047403278,-0.05632275132275133,-0.14503625906476614,0.07473754374270958,0.025504238526746548,-0.033044846577498066,-0.033044846577498066,-0.03937007874015752,-0.024390243902439046,-0.1411983279145379,0.6359550561797753,-0.09319169483341383,1.1671388101983005,-0.39150460593654046,0.07735238307846859,-0.09175475687103596,-0.1043566362715298,0.06176961602671116,0.11019283746556474,0.08168168168168188,,0.08034099715835707,-0.08528584817244611,-0.010869565217391353,0.10432782772318627
2011-09-30,-0.01865992250701165,-0.01015134736064971,-0.021530094474503048,-0.042410061421468304,-0.014148383595627534,0.000855127200171113,0.09275834011391382,0.09275834011391382,0.09836065573770503,0.09166666666666679,-0.043807463493780396,-0.42719780219780223,-0.11235356762513315,-0.5673202614379085,-0.27838519764507985,-0.08474927476170735,-0.03770949720670391,-0.05090497737556565,0.00864779874213828,-0.1389578163771712,-0.03831204886174355,,0.004782400765184214,-0.0338114754098362,-0.02197802197802201,0.033699356304430106
2011-12-31,0.013777836516222886,0.011374230840947241,0.0351259204079879,-0.18814905314599872,-0.01564896001258209,-0.02734069063723743,0.008190618019359608,0.008190618019359608,0.02238805970149249,0.04580152671755733,0.5757918552036199,1.9088729016786572,-0.4997000599880024,-3.2205438066465257,0.8566433566433567,-0.07901290468643885,0.002902757619738905,0.008343265792610133,0.0038971161340608518,-0.08645533141210382,-0.07332563510392609,,-0.029033793431699317,-0.005302226935312793,0.011235955056179803,0.2457875457875458
2012-03-31,-0.0009777401166769506,-0.0026733038348082383,-0.027816989122311675,-0.035364936042136974,0.0375873776712603,0.041871019691091416,0.1935007385524372,0.1935007385524372,0.21167883211678817,0.18978102189781,-0.2925340990667624,-0.7015663643858203,1.2973621103117505,-1.4,-0.18455743879472697,0.09931170108161247,0.045827303424987864,0.06973995271867617,0.04153726708074523,0.09463722397476348,0.09034267912772576,,0.03848039215686283,0.05543710021321968,0.011111111111111072,0.03388709203175533
2012-06-30,-0.005268652334192381,-0.017191977077363862,-0.018819041111490686,-0.0659126365054602,0.013165999384046723,7.025925665704591e-05,-0.05136138613861385,-0.05136138613861385,-0.04216867469879504,-0.04294478527607348,-0.0547945205479452,0.8066298342541436,-0.34707724425887265,-0.8129251700680272,-0.04234026173979988,-0.016771019677996435,0.04981549815498165,0.05856353591160213,0.022735743570629907,-0.05475504322766578,-0.08799999999999997,,0.018645267878215632,0.051515151515151514,0.01098901098901095,0.05218627799502307
2012-09-30,0.11740976993588381,0.3691338286466661,0.1829208136262077,0.5579679888656923,0.032259290219621484,-0.0028101728256287872,-0.03457273320287024,-0.03457273320287024,-0.018867924528301883,-0.019230769230769273,0.09393451422436927,3.750764525993884,-4.569944044764188,-63.10909090909091,2.7459807073954985,0.01660222879235862,0.0061511423550089095,-0.008350730688935215,0.04664723032069973,-0.0060975609756097615,-0.0457393483709273,,-0.07622798887859128,0.02017291066282434,-0.03260869565217395,-0.12122440705453075
2012-12-31,-0.0028322791776117517,-0.04396208270366808,-0.004856869526823182,-0.08120421654457743,0.0002576655501158598,-0.009933774834437137,-0.1878378378378378,-0.1878378378378378,-0.1858974358974359,-0.17647058823529416,0.2473012757605495,-0.6076601223044737,-1.2926556202418271,-0.9976580796252927,0.0017167381974247942,-0.013199105145413892,-0.04497816593886461,-0.049473684210526225,0.016364902506963874,-0.05828220858895705,-0.04858831254103746,,0.0030097817908201208,-0.032015065913371,-0.011235955056179803,0.04052287581699354
2013-03-31,-0.03320088300220747,-0.14499209656559853,-0.07066972318765563,-0.28001944579484683,0.022411128284389514,0.02533266918095789,0.22462562396006658,0.22462562396006658,0.2440944881889764,0.23809523809523814,-0.22029897718332025,-0.4954881050041017,2.1583779648048966,-352.25,-0.6019708654670095,0.0068011788710042875,-0.0406950160036581,-0.04097452934662249,0.02466598150051391,-0.009771986970683932,0.024844720496894457,,0.05751437859464881,-0.027237354085603127,-0.011363636363636354,0.18755542417972215
2013-06-30,0.003424970316924014,-0.03529411764705881,0.036576308949127334,-0.1153274814314652,-0.04135622502969438,0.018946491775973406,0.032608695652173836,0.032608695652173836,0.056962025316455556,0.07692307692307687,-0.3057517658930373,1.245528455284553,-0.8204941860465116,-0.7348754448398577,-0.4009687836383208,0.07734744426930873,-0.005243088655862649,-0.020785219399538035,-0.011701771982614573,0.05263157894736836,0.09023569023569045,,-0.04469141641049901,-0.010000000000000009,-0.011494252873563204,0.09047915370255133
2013-09-30,0.014381286123879233,0.056533101045296075,0.04938461144801831,0.03892535490764759,-0.03671998197792292,-0.004086636697997581,-0.024342105263157943,-0.024342105263157943,-0.005988023952095856,-0.029761904761904767,0.7020348837209303,-0.6582186821144098,0.7112010796221322,-1.8429530201342281,0.5642407906558851,0.030828717734350475,0.01437470052707246,0.004716981132075526,-0.007104194857916024,0.043749999999999956,0.010500308832612548,,-0.05024752475247518,-0.007070707070707116,0.011627906976744207,0.01694818534581155
2013-12-31,0.04175452764442844,0.1807238849039492,0.08634268854697513,0.08095797825448137,-0.028960087309011562,-0.017234304472712347,-0.148347943358058,-0.148347943358058,-0.12650602409638556,-0.12269938650306744,0.06191289496157126,1.3898305084745761,-1.752365930599369,2.660828025477707,1.3205054566341183,-0.011557177615571734,0.03259329239489839,0.0046948356807512415,-0.004770017035775176,-0.005988023952095856,-0.02750611246943757,,-0.06802189210320564,0.0050864699898269805,0.0,0.09230682902194043
2014-03-31,0.0038042464003216203,-0.007820682913204369,0.003883102891003798,0.02433056952562196,0.004013968610765417,-0.004384133611690988,-0.10451306413301664,-0.10451306413301664,-0.08275862068965512,-0.08391608391608385,-0.42782468837957377,-0.04166666666666663,-2.0272536687631026,-1.2831665941713788,-0.16113861386138617,-0.029435897435897473,-0.03385178408051226,-0.07359813084112155,0.00992810681273526,-0.02409638554216853,-0.05593966059082345,,0.00027964205816566334,-0.05769230769230771,-0.02298850574712641,-0.03138806123497384
2014-06-30,0.021795091813969547,0.1020479977479063,-0.0007602012297373006,-0.01698513800424628,0.06200775596689723,0.05990074788565036,0.24933687002652527,0.24933687002652527,0.2556390977443608,0.25190839694656475,0.45748418833450466,-0.6382978723404256,-0.7408163265306122,-3.1597542242703534,0.4148716435526705,0.059389200042269996,-0.018939393939393923,-0.04035308953341732,0.06067796610169496,0.04938271604938271,0.10319573901464718,,0.039418507128878844,-0.027926960257787403,-0.0117647058823529,0.12108194112967374
2014-09-30,0.012176687940880004,0.07784660578581004,-0.005929605513414371,0.011069114470842356,0.043065803342870135,0.023344763914534328,-0.029016277423920767,-0.029016277423920767,-0.029940119760478945,-0.030487804878048697,-0.1533269045323047,0.421994884910486,-0.2755905511811023,-0.3157894736842105,0.20062565172054225,0.04897755610972565,-0.04054054054054046,-0.03942181340341655,0.047938638542665446,-0.0117647058823529,0.05612552806276394,,0.030392684238838008,-0.03646408839779003,0.0,0.06604219888352736
2014-12-31,0.009679471224314895,0.002903187581466904,0.004726961689101028,0.3034712950600802,0.01793705788941824,-0.025196545946642557,-0.1282798833819242,-0.1282798833819242,-0.12962962962962976,-0.1383647798742138,0.21697038724373585,1.6492805755395685,2.1956521739130435,-0.9553014553014553,0.007469167969428536,-0.023202738683910207,-0.04325955734406439,-0.024623803009575895,-0.14242146996035376,-0.06845238095238093,-0.01657142857142857,,0.008352910467240848,-0.025229357798165042,0.0,-0.23058489393804915
2015-03-31,0.9379605028896985,0.37561292609440544,1.154494130298414,0.44648161425791244,0.6017018259173905,0.18543002578171475,-0.9941471571906354,-0.9941471571906354,-0.9929078014184397,-0.9927007299270073,-1.4066448291998128,23.78818737270876,-62.72959183673469,-32.06976744186046,-0.2303448275862069,0.16783489096573212,-0.34279705573080965,-0.3758765778401123,0.6002844950213371,0.364217252396166,0.17954677513073802,,-0.17344033134869274,-0.2635294117647059,-0.15476190476190477,-0.049025262429345906
2015-06-30,0.022232272836487432,0.11058621430105209,0.00646784793278421,0.2909644526271067,0.055803966707986596,0.26539147892036574,239.57142857142858,239.57142857142858,166.0,163.0,-5.565017261219793,-0.963766329800345,-1.0327299776841061,-2.2919161676646707,0.3866487455197132,0.022590863621207102,-0.08399999999999996,-0.1123595505617977,0.05355555555555558,-0.360655737704918,0.3108374384236452,,0.03257124960851865,-0.04472843450479236,-0.07042253521126751,-0.13967734109655505
2015-09-30,-0.002965738461963907,0.046829079659706174,-0.01918586630850294,0.011683396412703662,0.030148646665408618,0.02124190207571286,-0.09263657957244653,-0.09263657957244653,-0.09580838323353291,-0.09146341463414631,-0.27401058734560124,-0.37490551776266057,-0.2702020202020202,-0.45538818076477405,0.1518578352180937,-0.043694464824325374,-0.09344978165938866,-0.11139240506329118,0.02404556000843705,-0.09523809523809512,-0.043592634347989434,,0.03336366393691237,-0.0652173913043479,-0.045454545454545525,0.03468452590764892
2015-12-31,-0.01390901589898974,-0.0162904953640427,-0.02432241686241876,-0.07747777054868787,0.006288796173806954,-0.007249816596901604,-0.2473821989528796,-0.2473821989528796,-0.2516556291390729,-0.25503355704697983,0.3354166666666667,0.555018137847642,1.7635524798154556,-0.9638297872340426,0.004768583450210473,-0.004603188134003955,-0.12042389210019266,-0.1310541310541311,0.0014418125643667068,-0.02429149797570851,0.0172888015717092,,0.020545934840035196,-0.10017889087656529,-0.031746031746031744,0.06636233562717164
2016-03-31,0.01326845595111692,0.03075478783327079,-0.0037031438935912764,-0.03455774316779314,0.04491950489442598,0.029341447511410657,0.3930434782608696,0.3930434782608696,0.3982300884955754,0.39639639639639634,-0.6801872074882995,0.17884914463452573,-1.0162771285475793,-6.911764705882353,-0.028056951423785614,-0.05035539950329704,0.3198247535596932,0.3606557377049182,0.03763883175647886,-0.05394190871369309,0.0077249903437619505,,0.03106125970664353,0.2803180914512924,0.049180327868852514,0.06766340808894
2016-06-30,-0.014669960584022701,-0.03672264927684066,-0.03879455142445354,-0.2259085651671029,0.028355753411400286,0.02647804054054048,0.23720349563046184,0.23720349563046184,0.22784810126582267,0.23225806451612896,1.7934959349593496,-0.29551451187335087,-78.38461538461539,1.8208955223880596,-0.08143041792330896,0.11813508882676516,0.02240663900414952,0.053012048192771166,0.029534192269573767,0.07894736842105265,-0.1793790724415485,,0.04379358437935843,0.03260869565217406,0.03125,0.24434470377019735
2016-09-30,0.020001408549897848,0.004084565636700566,0.00833136041307303,0.5037747719408618,0.03960097873141355,-0.006582465956308847,-0.09434914228052471,-0.09434914228052471,-0.1030927835051546,-0.10471204188481675,-0.24214202561117582,1.9747191011235956,-0.9874088800530152,0.26984126984126977,-0.11257035647279545,0.09283006694088236,0.012175324675324672,0.04347826086956519,0.032537543319214546,0.060975609756097615,0.04437178888369919,,0.019241047568145486,0.03157894736842093,0.0,-0.33227528495166636
2016-12-31,-0.016294966512462872,-0.06636784812987306,-0.0243738819320215,-0.04424223407593353,-0.0031864431328529896,0.005673582639665442,0.08189415041782722,0.08189415041782722,0.08045977011494254,0.08187134502923987,0.7238863287250383,-0.3087818696883853,90.60526315789474,0.8611111111111112,-0.23608174770965473,-0.04140221402214028,0.09141940657578185,0.12061403508771917,0.0035427932127540807,-0.07279693486590033,-0.07513416815742391,,0.013371788148925035,0.10641399416909625,0.015151515151515138,-0.02312013828867765
2017-03-31,0.01270442900259705,0.0029450921854197176,0.004102681641072747,-0.04070912672357185,0.02631770133313971,0.007659364190413465,-0.010298661174047319,-0.010298661174047319,-0.005319148936170137,-0.005405405405405461,-0.4791713076409,0.11794171220400718,-0.8282102844010342,-0.49179104477611946,-0.15705719557195574,0.05088921395026569,0.02130786186627498,0.04305283757338563,0.026384243775548155,0.04958677685950419,-0.05996131528046411,,0.0131953428201812,0.035573122529644285,0.014925373134328401,0.04549141045491423
2017-06-30,0.03288744108677566,0.011946902654867309,0.028156314912460845,0.029831165868126952,0.04024280177677109,0.0391908459337964,-0.018730489073881418,-0.018730489073881418,-0.016042780748663166,-0.010869565217391353,0.3289136013686913,1.0016293279022404,-2.7842809364548495,-0.03671071953010274,-0.17948016415868673,0.05860805860805862,-0.037410071942446166,-0.024390243902439046,0.04525706010137576,0.03149606299212593,0.016975308641975273,,0.007150153217568844,-0.024173027989821905,0.0,-0.017348377997179254
2017-09-30,0.12006710283509481,0.1529991652422784,0.16989509907309763,-0.14860149543062862,0.042156479134414226,0.044162177041960016,-0.042417815482502674,-0.042417815482502674,-0.03804347826086962,-0.04395604395604402,0.12938525909237208,1.672975172975173,8.975632614807873,-2.6676829268292686,0.36478826275425136,0.07577854671280271,-0.024663677130044803,-0.03653846153846152,0.0422583997228958,0.026717557251908275,0.08902377339403134,,-0.06947261663285986,-0.022164276401564598,-0.014705882352941235,0.35416965695421276
2017-12-31,-0.007416815442312985,-0.07515686409708333,-0.07797703766960817,0.33105646630236785,0.11493821316051522,0.053141006327207085,2.913621262458472,2.913621262458472,2.898305084745763,2.9827586206896552,0.6072955257908237,-0.8642558051008755,-1.4503945885005636,-1.846435100548446,-0.22623992181773755,0.005017690575747746,0.5877394636015325,0.6167664670658684,0.11382519109338651,-0.03345724907063197,0.0009289363678588458,,0.12316076294277911,0.6200000000000001,0.0,-0.30515660607345385
2018-03-31,0.0159162240463544,0.07977335420860365,0.0113510064627671,0.028297737158496705,0.022547584187408543,0.018596001859600086,-0.754951895868704,-0.754951895868704,-0.7536231884057971,-0.759018759018759,-0.7257092198581561,-0.5832865956253506,-0.9165623696287025,-1.4870410367170626,0.14240606251973476,0.09274787172758114,-0.06611969111969107,-0.050617283950617376,0.01849917947187829,-0.019230769230769384,-0.35730858468677495,,0.0065502183406112024,-0.051851851851851816,0.0,0.05003432232476546
2018-06-30,-0.019439509972254743,0.04301594973417111,-0.03873823454591707,0.008317490494296642,0.0076890034364260895,0.006319559035214084,0.34988452655889146,0.34988452655889146,0.34705882352941186,0.35928143712574867,1.374272786037492,0.6419919246298789,8.325,-4.110864745011087,-0.3880597014925373,0.020970009372071274,-0.008268733850129273,0.01040312093628093,0.011571700600556678,0.0,0.034657039711191384,,0.02771752229452873,0.0060763888888888395,0.0,0.0344301590760514
2018-09-30,0.009506498227756177,0.0837746590758639,-0.005705635770843043,-0.007211878387933024,0.029896130838199975,-0.01221086418030215,0.36355859709153115,0.36355859709153115,0.37117903930131013,0.36563876651982374,-0.1913966784644705,-5.507377049180328,-0.5335120643431636,-5.784034212401996,3.0316169828364954,0.020539300057372145,0.06253256904637827,0.10810810810810789,0.04011004923255124,0.011764705882353121,-0.01535240753663647,,0.020168855534709262,0.08973252804141496,0.014925373134328401,0.0916368232567939
2018-12-31,-0.02857502970938819,-0.13404391778395386,-0.021090398066624827,-0.10791947583325423,-0.03817552186090145,-0.015469925475929736,-0.5047051442910916,-0.5047051442910916,-0.5,-0.49677419354838714,0.6377104377104377,-1.2671394799054374,3.6143678160919537,-1.6939809296781885,-0.5218462917320188,-0.16769732403867765,-0.3859735164296223,-0.3797909407665505,-0.015731588472782887,-0.20155038759689925,-0.2487597448618002,,-0.009885057471264336,-0.38242280285035624,0.0,-0.029267978901325042
2019-03-31,0.04853169233810917,0.017598927840869028,0.07017009614129721,0.3448826441002715,0.020067705195513152,0.0013273542600897859,0.17542748575047495,0.17542748575047495,0.197452229299363,0.1923076923076923,-0.6591282894736843,-0.043567052416609964,-0.871465935982065,-0.8325461571489909,-0.182755388940956,-0.05322526173590014,0.009584664536741228,0.011235955056179803,0.021216407355021172,-0.03883495145631066,0.537735849056604,,-0.027165080102159345,0.019230769230769162,0.0,-0.24339010005963835
