Quarter end,Assets,Current Assets,Liabilities,Current Liabilities,Shareholders equity,Revenue,Earnings,Earnings available for common stockholders,EPS basic,EPS diluted,Cash from operating activities,Cash from investing activities,Cash from financing activities,Cash change during period,Cash at end of period,Price,ROE,ROA,Book value of equity per share,P/B ratio,P/E ratio,Cumulative dividends per share,Equity to assets ratio,Net margin,Asset turnover,Current ratio
1993-12-25,-0.030831374591737903,-0.04821596931222305,-0.212937953163571,-0.2133093327254577,0.017203470133119847,-0.09480612079029427,-0.42067281408317236,-0.42067281408317236,-0.4285714285714285,-0.3188405797101449,-3.7436450238154926,-29.5723813260102,0.7015547543938712,-1.4555413349530357,-0.44021199388846444,0.05283018867924527,0.020310633213859175,0.05301914580265077,0.019354838709677358,0.016666666666666607,0.17753389283408638,inf,0.049538733729306283,0.015665796344647376,-0.005714285714285672,0.20984370646199024
1994-04-02,-0.030831374591737903,-0.04821596931222305,-0.212937953163571,-0.2133093327254577,0.017203470133119847,-0.09480612079029427,-0.42067281408317236,-0.42067281408317236,-0.4285714285714285,-0.3188405797101449,-3.7436450238154926,-29.5723813260102,0.7015547543938712,-1.4555413349530357,-0.44021199388846444,0.05283018867924527,0.020310633213859175,0.05301914580265077,0.019354838709677358,0.016666666666666607,0.17753389283408638,inf,0.049538733729306283,0.015665796344647376,-0.005714285714285672,0.20984370646199024
1994-07-02,-0.003951695014271173,-0.013445480115772956,0.07035977528200532,-0.018175096420934844,-0.01911827807874622,-0.09480612079029427,-0.42067281408317236,-0.42067281408317236,-0.4285714285714285,-0.3188405797101449,-3.7436450238154926,-29.5723813260102,0.7015547543938712,-1.4555413349530357,0.3582333975878951,0.034050179211469356,0.020310633213859175,0.05301914580265077,-0.014240506329113889,0.016666666666666607,0.17753389283408638,0.8333333333333335,-0.015171583383503995,0.015665796344647376,-0.005714285714285672,0.0048156445635560985
1994-10-01,0.047631097165025116,0.04573267384470214,0.1182350532915648,0.15811139492993287,0.03190669770186538,0.2586405682766615,1.6981440704624098,1.6981440704624098,1.75,-0.3188405797101449,-1.352509045722013,-1.2823934862901787,0.07971926107395877,-2.648142857142857,-0.43469687645219224,-0.04939341421143839,0.020310633213859175,0.05301914580265077,0.036918138041733384,-0.03825136612021862,0.17753389283408638,0.5454545454545456,-0.015038513265680398,0.015665796344647376,-0.005714285714285672,-0.09703902815111165
1994-12-31,0.03145564538058698,0.036746873124280155,0.2615717506129367,0.3330418850697938,-0.024081648862237404,-0.16551229920167054,-1.0785785902487934,-1.0785785902487934,-1.0909090909090908,-0.3188405797101449,-4.67208398133748,-4.946273156026645,1.1106886613110936,-1.7630233162867297,0.5867362808264831,-0.0938924339106656,0.020310633213859175,0.05301914580265077,0.006191950464396356,-0.125,0.17753389283408638,0.2941176470588234,-0.053872889771598764,0.015665796344647376,-0.005714285714285672,-0.2222504269165091
1995-04-01,-0.057416594425516165,-0.06915193769186456,-0.11855757504613962,-0.17487862517674746,-0.03834141756122178,0.02404109562426404,-9.333827893175075,-9.333827893175075,-8.399999999999999,-0.3188405797101449,-1.239057239057239,-1.7901014008846396,0.19692611638920354,-1.4415161497974176,-0.16326187709153028,-0.18209255533199187,0.020310633213859175,0.05301914580265077,-0.029230769230769282,-0.18831168831168832,0.17753389283408638,0.27272727272727293,0.020204670690107562,0.015665796344647376,-0.005714285714285672,0.1281191585318815
1995-07-01,0.013609583305226769,0.014194895889037884,0.0324690458310366,0.03671791676153724,0.008216482685299287,-0.09908817703708761,-0.3939113405732597,-0.3939113405732597,-0.3783783783783784,-0.3188405797101449,-3.022440724008622,-2.0219564302088044,-0.7250042478821274,-0.3256432246998284,-0.13157850700312923,0.20049200492004915,0.01873536299765788,0.05301914580265077,0.006339144215530945,0.24,0.17753389283408638,0.2142857142857142,-0.005272633744855981,0.020565552699228773,-0.017241379310344862,-0.02172483627469024
1995-09-30,0.0473137373616046,0.058420315497673236,0.08611373864190108,0.0610481133420413,0.03595149108872242,0.22685737992498667,1.8295734931265422,1.8295734931265422,1.7391304347826084,-0.3188405797101449,-0.6736064472800538,-0.8159609369039444,0.503839703416012,-0.18746025689940227,-0.12311160783104669,0.2008196721311477,0.06896551724137945,0.05301914580265077,0.050393700787401574,0.19354838709677424,0.16831140350877205,0.1470588235294117,-0.010859728506787292,0.07808564231738035,-0.023391812865497075,-0.002473450732625282
1995-12-30,0.030056817125109214,0.04255931378929989,0.12498597961270752,0.11446126582830085,0.0009115530230137114,-0.1466582671326463,-0.3015260043600124,-0.3015260043600124,-0.2857142857142857,-0.3188405797101449,6.372025407049562,9.033662217063261,1.0439044432705287,-2.442322742213179,0.20249631924758837,0.14675767918088733,0.4086021505376345,0.4013986013986015,0.010494752623688264,0.08648648648648627,0.06898169873298943,0.15384615384615374,-0.028231603711933007,0.4252336448598131,-0.017964071856287456,-0.0645230843867074
1996-03-30,-0.03651100664062179,-0.040554406591745695,-0.13748288208505732,-0.18856815152966633,-0.0016676347313266948,0.11953541607577844,0.06670233636525769,0.06670233636525769,0.0888888888888888,-0.3188405797101449,-1.614602357880941,-1.7424307529582865,-0.22092355407501008,-5.15615843733044,-0.699883045210336,0.15327380952380953,0.05038167938931304,0.0479041916167664,0.0014836795252224366,0.14427860696517425,-0.19007901668129945,0.1333333333333333,0.03604572965702757,0.04590163934426217,0.0060975609756097615,0.1824022587801435
1996-06-29,0.017780748349939923,0.028465419192729602,0.06688130879568077,0.10608932400632876,0.0031421742629573757,-0.10055196403609323,-0.36827732263278157,-0.36827732263278157,-0.36734693877551017,-0.3188405797101449,-2.1165343758638393,-2.0163835896979276,-0.31294924250801726,-1.0750150134468264,0.1749375875296839,0.14516129032258074,0.03270348837209314,0.027619047619047654,0.0251851851851852,0.14347826086956528,0.06883468834688355,0.0980392156862746,-0.014280150590678997,0.029780564263322873,-0.0060606060606061,-0.07017543859649122
1996-09-28,0.009643393891596519,0.01756438944195815,0.05001832348114266,0.016965274374194594,-0.003158603101210744,0.24272515706309483,1.480061755624173,1.480061755624173,1.5161290322580645,-0.3188405797101449,-1.202633161208177,-2.691123327273922,2.0694243253393423,24.806474068917506,3.8423507462686564,-0.07380281690140833,0.05770584095707232,0.05189990732159422,-0.0014450867052022698,-0.09505703422053235,-0.11308316430020282,0.10714285714285698,-0.012774924272356047,0.03805175038051756,0.012195121951219523,0.0006027253668761112
1996-12-28,0.05067956989574118,0.06781442192440679,0.09941396232484889,0.16262789253100474,0.03440264679408678,-0.13476728896547507,-0.2727887163616314,-0.2727887163616314,-0.2692307692307693,-0.3188405797101449,-11.887070733516603,-0.9792138833128278,-0.6441069025187465,2.094642712632516,2.4555641173826492,0.2354014598540144,0.03992015968063867,0.03876651982378854,0.04341534008683068,0.23529411764705888,0.14408233276157834,0.09677419354838723,-0.015474919957310651,0.029325513196480912,0.012048192771084265,-0.08155461854752111
1997-04-05,-0.0051961670583980935,-0.016198259694001793,-0.03632493968387174,-0.07357379948598752,0.005854039032153091,0.1082983597237781,0.030205938463043536,0.030205938463043536,0.03508771929824572,-0.3188405797101449,-1.3710475793490153,-52.897507788161995,-0.1116349884583272,-2.2039199278252113,-0.855519525769556,0.033973412112260126,0.030070377479206822,0.021204410517387418,0.00832177531206657,-0.010204081632652962,-0.02398800599700157,0.07352941176470584,0.011111111111111072,0.02136752136752129,0.0,0.06193504234509106
1997-07-05,-0.01896893276580891,-0.020012495572259814,-0.09291347153672735,-0.1139762422442594,0.006179454555728103,-0.09832438195240678,-0.3131217207568672,-0.3131217207568672,-0.30508474576271183,-0.3188405797101449,-1.885067404078811,-1.1970934804401199,0.32043343653250767,-1.3297240353182662,1.9524115755627012,0.1009523809523809,0.027329192546583725,0.029900332225913706,0.015130674002751032,0.09278350515463907,0.05222734254992312,0.08219178082191791,0.02559635486464762,0.02231520223152028,0.005952380952380931,0.10603904299025269
1997-10-04,0.0289794823456877,0.03899875761957006,0.2002981087149429,0.26299920695485635,-0.023547432293870352,0.27518126045733404,1.3020876538089312,1.3020876538089312,1.2682926829268295,-0.3188405797101449,-1.2943272798281584,1.0598465005786686,3.5820214369452357,-1.7127909530083443,-0.4713642634139258,0.0895328719723183,0.05622732769044747,0.047580645161290125,0.02168021680216814,0.07232704402515733,0.043309002433089994,0.07594936708860756,-0.05096040768326149,0.032742155525238736,0.01775147928994092,-0.1773488710852148
1998-01-03,-0.05998506386745006,-0.07572544652612556,0.009387250388066093,-0.029538251932588966,-0.08613083533880883,-0.1365975623979473,-0.2945318599483514,-0.2945318599483514,-0.24731182795698936,-0.3188405797101449,-8.455838447503732,-0.8680230065204856,0.12188747864067917,-2.0070085180450086,0.8979109725446031,-0.038110361254466096,0.059530623926731474,0.049268668206312594,-0.07427055702917762,-0.058651026392961936,-0.09608208955223896,0.05882352941176472,-0.027812198815916234,0.010568031704095038,0.03488372093023262,-0.04760218385716397
1998-04-04,-0.04710388918895103,-0.09335458001550945,-0.1917254429726475,-0.21849067775142905,0.013099659623687199,0.10769555489889826,-0.023432013110009198,-0.023432013110009198,-0.014285714285714346,-0.3188405797101449,-1.8534245432551932,6.833071924714318,-0.7330015638235485,-2.774779735682819,-0.8396569815826609,-0.057366900536525045,0.0448406266882766,0.04548789435069689,0.012893982808023008,0.01869158878504673,-0.10371517027863764,0.06666666666666665,0.06316385781050848,-0.0039215686274509665,0.050561797752809,0.1601388200297471
1998-07-04,-0.00299163612185549,-0.016231270307341727,-0.10791000351498381,-0.04406659194663898,0.03185391453357611,-0.13839223786404065,-0.3252190210521728,-0.3252190210521728,-0.3188405797101449,-0.3188405797101449,-1.8682111436950146,-2.2157098315169197,-0.24340319087276163,-1.1928586203330231,1.0099291420318637,0.10026269702276713,0.028955532574974185,0.03228070175438602,0.04101838755304099,0.08562691131498457,0.059873344847438004,0.0625,0.03490075929132819,0.0,0.03208556149732611,0.02911324786324787
1998-10-03,0.07196309915489318,0.0816004767034515,0.2745609786074219,0.2555161101873904,0.01379013993577205,0.24536507088402892,1.0249006879178375,1.0249006879178375,1.021276595744681,1.0,-1.3545602618087926,-2.2866705882352942,0.7480445125393114,-0.1809447200250257,0.41155072528854353,-0.21329088738559487,-0.012060301507537785,-0.008837525492861986,0.02717391304347827,-0.24225352112676057,-0.2303096143400326,0.0490196078431373,-0.05418972840777447,-0.0275590551181103,0.020725388601036343,-0.13851544251232806
1999-01-02,0.047746968374808185,0.05410031320305264,0.1675846303943367,0.18228673506242488,0.00448640767951769,-0.133205664408783,-0.5242037099063751,-0.5242037099063751,-0.5052631578947369,-0.5106382978723404,-5.221711793721024,-1.6220706428813079,-0.29761273209549066,4.554179397642951,1.619372593935923,-0.2402630247850278,-0.10630722278738558,-0.10768175582990414,0.013227513227513255,-0.2602230483271375,-0.2427664079040226,0.05607476635513997,-0.04137180185084377,-0.09851551956815119,-0.010152284263959421,-0.1084264754616937
1999-04-03,-0.007282499671522835,-0.04672958905154223,-0.1221795516431412,-0.10974787464462732,0.04092915167514355,0.1485708198118465,0.4988770071402233,0.4988770071402233,0.4893617021276595,0.5217391304347825,-1.6495604775826016,-0.9319457918099774,-0.810390122159464,-2.3745100543238014,-0.849762235893574,0.15912117177097218,-0.02845759817871374,-0.032282859338969905,0.057441253263707415,0.14070351758793964,0.2674743709226468,0.04424778761061954,0.048551959114139676,-0.02395209580838331,-0.01025641025641022,0.07079137663039803
1999-07-03,-0.01728133263129883,-0.11952255754625407,-0.08775478579453322,-0.10368994107718088,0.007656183599571431,-0.13287023626227012,-0.294142643079194,-0.294142643079194,-0.2857142857142857,-0.2857142857142857,-2.5657963809288535,21.57170626349892,6.337720817457568,-1.3999971412439876,2.262430269221441,0.012636415852957938,-0.01288810779144689,-0.018268467037331315,0.0345679012345681,-0.03964757709251099,0.008823529411764675,0.05084745762711873,0.025453560790684948,-0.012269938650306678,-0.005181347150259086,-0.017671747294013662
1999-10-02,0.12344545075856272,0.15229538330624282,0.6231553467265651,0.7259953161592505,-0.03663740118649095,0.35109227794462505,1.102848452203669,1.102848452203669,1.1,1.08,-0.9364680244740592,-0.5241084329279379,-0.22347054380664655,-2.2411377930245857,-0.8607042846876316,0.001701644923425949,0.017804154302670572,-0.013754045307443397,0.0,-0.03211009174311941,-0.010204081632653073,0.0,-0.14246105096382355,-0.021739130434782594,0.01041666666666674,-0.3323910180217804
2000-01-01,-0.07513006997771354,-0.174398546125887,-0.05344194773352473,-0.2959736063290457,-0.08998852107462108,-0.17534910630005174,-0.24963837994214078,-0.24963837994214078,-0.1428571428571429,-0.11538461538461542,15.104764861089553,0.4757308883258937,2.2426747720364744,-1.384342969019924,2.3748443337484435,0.022650056625141524,0.1381924198250728,0.1115668580803939,-0.023866348448687513,0.02369668246445511,-0.014727540500736325,0.08870967741935498,-0.016166281755196188,0.0888888888888888,0.020618556701030855,0.1726975267058033
2000-04-01,0.1339608060909434,0.217671838986081,0.4208076097664988,0.05029363261436637,-0.023156415261442187,0.19555164320982366,-0.06642570281124494,-0.06642570281124494,-0.05555555555555558,-0.08695652173913049,-1.5576024209014774,-0.6211270676077063,-2.1829140264706988,-1.6509476365270808,-0.45806536636794937,0.08582502768549283,0.04610655737704916,-0.02804428044280438,-0.013447432762836109,0.11111111111111094,-0.07249626307922274,0.04444444444444429,-0.13849765258215962,-0.02915451895043719,0.0,0.15936974272701154
2000-07-01,-0.10269550079422729,-0.1648592449191969,-0.17937633485212934,-0.1146744858524984,-0.04007815921877089,-0.1825812054718028,-0.3234965155295535,-0.3234965155295535,-0.3176470588235294,-0.30952380952380953,-2.7288816682077828,-0.09184737655985897,-2.3155992963438408,-1.459635191898268,0.3885025047419872,0.04283528811830695,0.049951028403526054,-0.013667425968109548,-0.01610904584882278,0.054166666666666696,-0.0016116035455278066,0.042553191489361764,0.06975476839237049,-0.018018018018018167,0.005050505050504972,-0.05669792956998765
2000-09-30,0.21235639765293746,0.2963523729789965,0.4989713171035677,0.22398556763340327,0.006901051825267901,0.3285005901760252,1.13255118911357,1.13255118911357,1.1724137931034484,1.1206896551724137,-1.5249998750381133,1.3160416584168217,-1.946231313167817,-1.8281171757636456,-0.23170688990857824,-0.015158924205378899,0.04430970149253732,-0.030792917628945204,0.035264483627204024,0.0039525691699606735,-0.03793381759483461,0.03401360544217691,-0.1694685005943284,-0.015290519877675823,-0.015075376884422176,0.059130304280944124
2000-12-30,-0.13172804125925242,-0.19553388503058133,-0.23958862854341334,-0.10741344825350274,-0.020557739176986,-0.14224282585819514,-0.40992649799472214,-0.40992649799472214,-0.38095238095238093,-0.3739837398373983,-3.748238632035951,-0.37180911997537913,-2.378958491142528,-5.9427059712774,1.4906537795203794,-0.005461767626613656,-0.03394372487717734,-0.06751389992057188,-0.03284671532846717,-0.03937007874015752,-0.05872483221476499,0.03289473684210531,0.1279901860560213,-0.07608695652173914,0.005102040816326481,-0.09872825817421804
2001-03-31,0.1453782307283824,0.2305947004972677,0.2038470337610787,0.010304439179221303,0.09814991279958285,0.09636732582660246,0.14962858153519631,0.14962858153519631,0.1282051282051282,0.1298701298701299,-1.5943988110291596,-0.4947061865490868,-1.7240401970152286,-2.002844384634206,-0.6002013545670877,0.1562656015976036,-0.015256588072122046,-0.02555366269165249,0.09685534591194966,0.19262295081967218,0.2067736185383242,0.03821656050955413,-0.04114555011781751,-0.0117647058823529,-0.015228426395939132,0.21802531247543433
2001-06-30,0.12168922063240406,0.017597608317344138,0.21747988548299513,0.9132945419146441,0.03654780226377197,-0.12050444565414631,-0.2864395604395604,-0.2864395604395604,-0.2954545454545454,-0.28735632183908044,-2.120314731167128,13.4721249663345,-0.24010047752325459,-2.28860288511391,1.9345268073806143,0.041018998272884355,-0.023943661971830954,-0.06818181818181823,0.035550458715596145,-0.05154639175257747,0.03249630723781394,0.036809815950920255,-0.07599243856332705,-0.015306122448979553,-0.05154639175257725,-0.4681338539481751
2001-09-29,0.09845276743023712,0.15789782937184116,0.13212791038286142,-0.3710713005469536,0.06324513980881452,0.38694285694636443,1.236455477869837,1.236455477869837,1.3064516129032255,1.225806451612903,-1.4466439147218262,-0.8387308085977482,-0.15307363811025998,-1.6859556944049987,-0.4522022685784719,-0.04603898797179595,-0.013949013949014044,-0.025328330206378924,0.06312292358803995,-0.07608695652173914,-0.05722460658082984,0.029585798816567976,-0.032119476268412384,-0.010362694300518172,-0.016304347826086918,0.8410387088945517
2001-12-29,-0.08564738342356171,-0.1623014204943517,-0.2059001534530518,0.028040991650444935,0.04599911856315897,-0.12086505162859151,-0.42875046480560797,-0.42875046480560797,-0.7202797202797202,-0.7101449275362318,-5.594166773438319,0.24872487248724862,-3.4353515741089296,-4.454956353724597,2.635289091426944,-0.03347826086956518,-0.04682926829268297,-0.04716073147256983,0.04270833333333335,-0.09019607843137256,-0.07359635811836107,0.034482758620689724,0.14415556964700915,-0.027923211169284423,-0.016574585635359185,-0.18514368573688378
2002-03-30,0.045866890795923654,0.0744666038592221,0.021285879051560652,0.028870100198071125,0.0666886961362898,0.0072330935462801005,0.22744039152342155,0.22744039152342155,0.22499999999999987,0.19999999999999996,-1.1538348422886089,-0.5186855431929915,-1.123747655986235,-1.5447945273880261,-0.4274141105496141,0.24111560953666222,-0.0240532241555782,-0.011111111111111183,0.05494505494505497,0.18965517241379315,0.23177723177723153,0.03333333333333344,0.019767227046000535,0.008976660682226134,-0.022471910112359605,0.04432581088732501
2002-06-29,-0.029121113628155837,-0.05293304880224303,-0.09961660446010556,-0.0784067896781595,0.02609810979100735,-0.11577647041694805,-0.2378370946516607,-0.2378370946516607,-0.26530612244897955,-0.25,-4.9157657063748434,-0.15263804623300825,-3.889093419236079,-3.6006085824794236,1.941257765249993,0.08481333816600212,-0.01678028316727853,0.02757916241062297,0.02651515151515138,0.025362318840579823,0.0585106382978724,0.032258064516129004,0.05688405797101437,0.014234875444839812,0.011494252873563315,0.027612113701495078
2002-09-28,0.14045759300346639,0.2252863881551299,0.25001134113521695,0.21571262522309698,0.06350535511770361,0.318780976217105,1.151582311101948,1.151582311101948,1.2222222222222223,1.1388888888888888,-1.1891175245061933,1.3131825803235602,-2.1699699631365768,-0.9721014160751669,0.018413327564630322,-0.0671566989642498,0.002666666666666595,0.036779324055666196,0.061808118081180696,-0.08833922261484095,-0.09108040201005019,0.03125,-0.06736372985944461,0.04385964912280693,-0.005681818181818232,0.007876389674015272
2002-12-28,0.016242582810530592,-0.12752938821889737,-0.016675363501541862,0.14611857977332843,0.04632469747659251,-0.045435074913561246,-0.3058090789316086,-0.3058090789316086,-0.3125,-0.2987012987012987,-7.450693254400997,3.067861690665099,-1.8222812186986415,4.207933299646286,0.09416155423893735,0.018266475644699076,0.025000000000000133,0.033557046979865834,0.0408340573414423,-0.04263565891472865,-0.022805805114029076,0.030303030303030276,0.029590148869693023,0.04537815126050426,-0.011428571428571455,-0.23874513909661987
2003-04-05,0.013843465931112409,0.026745159250015194,-0.03588033040506644,-0.21060611188195877,0.052441732919452644,0.08220804452793207,0.1065254149556576,0.1065254149556576,0.09090909090909083,0.09259259259259256,-1.6021963160128205,-0.6672815010306101,-1.8447064667202802,-9.124047930917381,-0.6991407959118919,0.018642279282448104,0.009340944473274604,0.023191094619665842,0.05258764607679467,-0.020242914979757165,-0.04738330975954741,0.02941176470588247,0.038022134951802844,0.008038585209003246,0.01734104046242768,0.30065327373643114
2003-07-05,0.01419393524438517,-0.00560084186667742,-0.027940440077967588,0.04068242032427616,0.0437451064395562,-0.10801609149878344,-0.3043098609118693,-0.3043098609118693,-0.30000000000000004,-0.30508474576271183,-1.9124757943464759,0.06996974828839009,-1.7006370318515924,-1.2278620096619512,0.5295089019330308,0.15676795580110503,-0.026221079691516658,-0.01903898458748854,0.029341792228390284,0.09917355371900838,0.10022271714922049,0.023809523809523725,0.02923473774720553,-0.019138755980861344,0.0,-0.044448640483383706
2003-10-04,0.08186469994307854,0.14826717984160287,0.09632696503645355,0.11528234070381771,0.07231343985993344,0.2238599065891056,1.1938093957324725,1.1938093957324725,1.1904761904761907,1.1219512195121952,-0.8078659375019621,-0.5175119384207465,-1.224646803748776,-0.7287593689396719,0.09390225093221805,0.043880597014925415,0.0036958817317844783,0.024953789279112737,0.07010785824345156,0.011278195488721776,0.021592442645074206,0.027906976744185963,-0.008855472013366894,0.02276422764227637,0.0,0.029561712049954725
2004-01-03,0.02057275018820115,-0.04407163927697155,-0.010556728093866874,-0.02737393437052138,0.04141035159794759,-0.12117694550806002,-0.2535068809448401,-0.2535068809448401,-0.2717391304347826,-0.2413793103448275,11.311623803143688,3.4475971513486234,-3.2820672478206725,18.409951690821256,1.434275240314835,0.04203603088361452,0.00420831141504463,0.02434625788999112,0.025197984161267062,-0.026022304832713727,-0.0013210039630119352,0.02714932126696845,0.02039784221173302,0.04769475357710662,-0.022727272727272707,-0.017158650339718307
2004-04-03,0.05133143510987148,0.0957778880318243,0.026029749406385472,0.055812107655675014,0.06756017696142713,0.06866897889053947,-0.05879615689924178,-0.05879615689924178,-0.059701492537313494,-0.06060606060606066,-1.2681659889369021,-0.7598154172025116,-2.022919508867667,-1.5583021807628938,-0.3821391944886424,-0.0008232711306257467,-0.037716081718176975,-0.02464788732394374,0.0660112359550562,-0.022900763358778664,-0.048280423280423146,0.026431718061673992,0.015364282174128663,0.01062215477996964,-0.03488372093023262,0.037845649117325575
2004-07-03,-0.020543122131332914,-0.04162369005947697,-0.002367771531085583,-0.02761157121404223,-0.03275358412992213,-0.06968199084666116,-0.2649411080412971,-0.2649411080412971,-0.26984126984126977,-0.25806451612903225,-2.6140887450386514,-0.13944881889763783,-5.382006630339519,-1.2824561559928316,0.17469560614081514,-0.01675363911013461,-0.013609145345672258,-0.009927797833934937,-0.0032938076416336726,-0.07812500000000011,-0.028492008339124353,0.02145922746781115,-0.012365766352098961,0.006006006006005871,-0.012048192771084376,-0.01441312610544554
2004-10-02,0.1437704762312746,0.1304193999210479,0.2582510330865684,0.23839891100499,0.0711954010149729,0.2735650983893543,1.2074777448071217,1.2074777448071217,1.3260869565217392,1.2173913043478262,-1.1224298320384123,5.807972672095648,-2.147995165091263,-5.022222222222222,-0.5981673426468379,0.023743016759776525,0.011037527593819041,-0.001823154056517784,0.06278916060806328,0.025423728813559254,0.0042918454935620964,0.025210084033613578,-0.06342668863261935,0.014925373134328401,-0.018292682926829174,-0.08720885834287884
2005-01-01,-0.0132608406077378,-0.05721525281950013,-0.08243330852345143,-0.04775978971892825,0.03803120070997679,-0.08344297062332917,-0.25923038319532565,-0.25923038319532565,-0.28037383177570097,-0.26470588235294124,-21.795742549461558,-0.9287944698561463,-1.7110804750939281,-3.3546349196383725,3.5051051401869158,0.0870395634379264,-0.003820960698689979,-0.006392694063926951,0.03358208955223896,0.024793388429751984,0.0277777777777779,0.024590163934426146,0.051890941072999075,-0.004411764705882448,0.0,-0.009913829164226673
2005-04-02,0.026172109136325394,0.006764775458356853,-0.0013234333214606764,0.0002556457721991645,0.050259163732642165,0.01240109022041569,-0.13601335575422513,-0.13601335575422513,-0.1428571428571428,-0.1333333333333333,-1.4010482023762787,4.62105196929659,-0.9188593220700088,-1.874068864840003,-0.6800514473455608,0.035391566265060126,-0.02246575342465751,-0.02297794117647045,0.047533092659446385,0.0,0.002772002772002846,0.02400000000000002,0.02341137123745818,-0.01477104874446089,-0.012422360248447228,0.006506400777388288
2005-07-02,-0.024534849424920235,-0.06679830190542013,-0.03759491008430815,-0.030743347068821647,-0.016114792143145484,-0.09345294113280445,-0.24192780531518665,-0.24192780531518665,-0.2272727272727273,-0.23076923076923084,-2.1423277881208334,-0.23325237013241396,8.995930156229488,-1.1733402477760027,0.3684351293522661,-0.07006060606060605,-0.021860986547085237,-0.016933207902163794,0.0022975301550831606,-0.11290322580645151,-0.07947477539737391,0.015625,0.008660130718954218,-0.004497751124437732,-0.012578616352201255,-0.03719094992234395
2005-10-01,0.07921808698129462,0.15412452569365098,0.09373045572498251,0.1742939091525293,0.07033710361802048,0.2161305936471889,1.096693756926487,1.096693756926487,1.1568627450980395,1.1,-1.136239610113086,-0.33492452775101456,-1.6007565111178241,-1.6052046899403858,-0.16294427367436015,0.057090719499478526,-0.02865329512893966,-0.010526315789473606,0.07679083094555872,0.05454545454545445,0.04279279279279291,0.026923076923076827,-0.008261785193585003,0.0,-0.006369426751592355,-0.017177486157736288
2005-12-31,-0.036963144401633063,-0.10990676410897915,-0.09453904131714441,-0.16277631292550743,-0.0005798785149521146,-0.10254411388437101,-0.3102849843633,-0.3102849843633,-0.34545454545454557,-0.2857142857142857,-18.08601528131512,1.0949757457362979,-4.529852867230712,-7.8041581855190465,1.3245218671062964,-0.09001233045622681,-0.03775811209439539,-0.023210831721469982,0.013837147418839901,-0.15517241379310343,-0.09935205183585316,0.022471910112359605,0.03789611238157464,-0.013554216867469826,-0.012820512820512886,0.06312380783391713
2006-04-01,0.03757539571248558,0.014476803541551009,0.11327647295875742,0.14659088852286928,-0.005689801698302244,-0.023663957958899196,-0.4004955743169888,-0.4004955743169888,-0.375,-0.4,-1.294577057459115,-0.33738802451673744,-0.7172471029797038,-2.2722280390606637,-0.7249206305722209,0.013008130081300973,-0.08706315144083376,-0.08910891089108919,0.0,0.0,0.012789768185451633,0.0219780219780219,-0.04170601196096946,-0.07022900763358775,-0.019480519480519543,-0.11520487357089215
2006-07-01,-0.0035141684311912336,-0.03626161747617629,-0.0018302935521328223,-0.13412205020464163,-0.004623084992750992,-0.03941424230341328,-0.16025736625689757,-0.16025736625689757,-0.1333333333333333,-0.15555555555555556,-2.2063881498746447,1.3847540439258101,-1.3169561693645544,-1.047985354137624,0.1264564959998229,0.03879079721776346,-0.06380120886501017,-0.06630434782608685,0.008398950131233596,0.04081632653061229,0.11444356748224149,0.014336917562723928,-0.0011496140581376268,-0.054187192118226646,-0.013245033112582738,0.11303937750530535
2006-09-30,0.09319382555656941,0.206562025558235,0.1916948857187264,0.17060732422004476,0.029993365639055414,0.2173000224881092,1.4145629836356717,1.4145629836356717,1.4615384615384612,1.4473684210526319,-1.4127602511630273,-0.7115217578687035,6.516447823082239,-1.1626706335316765,-0.018261476045933644,-0.04970383723924798,-0.07030129124820661,-0.08614668218859145,0.03695991671004695,-0.05882352941176472,-0.006373937677053854,0.02473498233215543,-0.057875698783295015,-0.07291666666666663,-0.01342281879194629,0.030675366494364864
2006-12-30,-0.01878659970993901,-0.14438291346442056,-0.10252250400810448,-0.04585116670229805,0.04331306283690628,-0.0298953640353119,-0.23123883576757387,-0.23123883576757387,-0.27083333333333337,-0.23655913978494636,-7.652578256116525,3.0880527719040174,-2.5386758364517346,-47.10274341043572,0.857564538723234,0.13604336043360443,-0.03472222222222221,-0.04458598726114649,0.033634538152610416,0.09375,0.1903064861012116,0.020689655172413834,0.06335078534031413,-0.04494382022471921,0.0,-0.1032639973690701
2007-03-31,0.025510274137185318,0.072116028860288,0.052131077035537654,-0.18397826454693567,0.008466272703840927,-0.132164104509517,-0.7786039391495702,-0.7786039391495702,-0.7714285714285714,-0.7746478873239436,-1.4540543668198072,-0.7299719446990098,-1.933015040244755,-2.0400910098594016,-0.4801691400253172,0.056774809160305306,-0.1374900079936051,-0.1413333333333333,-0.0019426906265176402,0.023809523809523725,0.07425149700598821,0.020270270270270396,-0.016576399146561616,-0.11764705882352944,-0.027210884353741527,0.3138351517374163
2007-06-30,-0.0036257170958781115,-0.033958363999045726,0.021100660803860638,0.10842008601016473,-0.02018655371892364,-0.019321253899680757,-0.15847635510556857,-0.15847635510556857,-0.1875,-0.1875,-1.8836635555940688,0.23786124760556349,-1.6320953497159618,-1.1546314266162596,0.1428334576805106,-0.11715575620767493,-0.12789620018535675,-0.13354037267080743,0.0014598540145984717,-0.11627906976744184,0.0,0.013245033112582849,-0.016688918558077415,-0.11555555555555552,-0.020979020979021046,-0.128436845778088
2007-09-29,0.07106094489617432,0.1604787296575032,0.20527241997915024,0.7353234059377354,-0.022176577326523672,0.03597234284541817,1.4246937128603916,1.4246937128603916,1.6153846153846154,1.5384615384615383,-1.4790318300857186,-0.19975778779519615,-2.354441922671638,-0.9023505513639002,0.012204410271289712,-0.10969061621068776,-0.31455897980871417,-0.3261648745519713,0.005344995140913689,-0.1105263157894737,0.00557413600891854,0.02287581699346397,-0.08706720977596727,-0.2864321608040201,-0.05714285714285705,-0.3312782737499499
2007-12-29,-0.14567169937377378,-0.11438798840947162,-0.008582513596159358,-0.2716977600299495,-0.2635668293991338,-0.041986518419363184,-14.181991467731688,-14.181991467731688,-14.411764705882351,-14.818181818181817,-5.5727927363807135,0.3620312762737514,-2.7079250138392257,68.66344725111442,0.8399501943852232,-0.20017231476163122,-3.953488372093023,-3.7819148936170213,-0.22571290478492034,-0.20118343195266264,0.1607538802660755,0.019169329073482455,-0.1379438557352668,0.0,-0.030303030303030276,0.21599616858237547
2008-04-05,-0.0067768773556532436,0.036580074269526364,0.01584090037235386,-0.021548965776851836,-0.03296198642881465,-0.0005810047104154448,-0.9287983327136096,-0.9287983327136096,-0.9276315789473684,-0.9276315789473684,-1.4064643719568235,-1.110324074074074,-1.2302156697852062,-2.0052470485351988,-0.4589023422476035,-0.3041292639138241,0.23464566929133857,0.15487571701720837,-0.03495630461922594,-0.10370370370370374,0.0,0.018808777429467183,-0.026310114298037535,0.0,0.0234375,0.059423001181567514
2008-07-05,-0.05371194495177145,-0.10962447667597774,-0.0788034562267742,-0.07934368466298036,-0.023443512862921012,-0.13800731492891039,-0.2533122723316463,-0.2533122723316463,-0.24242424242424243,-0.24242424242424243,-1.6380157043640509,-3.3131906560358093,-2.774014954053386,-0.8858252262383433,-0.09683108095949322,-0.1584107327141383,0.20068027210884343,0.1274834437086092,-0.023285899094437346,-0.13223140495867758,0.0,0.012307692307692353,0.03189368770764123,0.0,0.0,-0.032901157116966284
2008-10-04,-0.01873630145793337,-0.002204584622052863,-0.0022702432569315922,-0.11660489699931986,-0.03763286472165217,0.019352249418418843,1.9670163623019472,1.9670163623019472,1.96,1.96,-1.628763492724337,7.266070024792889,-2.5221998198275495,3.6495075264820667,-0.49848575413428975,-0.07234825260576316,0.3665014164305951,0.30176211453744517,-0.03708609271523178,-0.04761904761904767,0.0,0.01823708206686936,-0.019317450096587252,0.0,0.01526717557251911,0.12954687424919498
2009-01-03,-0.36788223437281253,-0.2648543209636668,-0.14409290722687285,0.023120274689872877,-0.6343460479879657,-0.07539245233238967,11.061142233539469,11.061142233539469,10.945945945945946,10.945945945945946,-5.45985142118863,-0.688666822730731,-2.7117644572201556,-0.5021583596466686,-0.49483532636764527,-0.47785855915399866,1.064783622700181,0.910885504794134,-0.6361760660247593,-0.45999999999999996,0.0,0.020895522388059584,-0.4215364412344058,0.0,0.06766917293233066,-0.28149061981537404
2009-04-04,-0.04731055938433504,-0.050300971396154304,-0.004155837094619863,0.12594283746446666,-0.1667239157584578,-0.14432824502042974,-0.8897589823646221,-0.8897589823646221,-0.8902714932126696,-0.8902714932126696,-0.8340273905139886,-0.4225527515390761,-1.0009919287457658,-1.6433302557103286,0.6301757697298573,-0.6518987341772152,0.0,0.21841794569067297,-0.16635160680529304,-0.03703703703703709,0.0,0.0,-0.12523647370412405,0.0,0.04929577464788748,-0.15654233274126694
2009-07-04,-0.07560827277414695,-0.12487451720182807,-0.04328354348900565,-0.20890822175400436,-0.18344584049161616,-0.12299513252486649,-0.10147845785136633,-0.10147845785136633,-0.09278350515463918,-0.09278350515463918,0.7966575031635903,0.03715157680569692,-197.60165975103735,-0.2853488081866966,0.2762621511445593,0.6545454545454545,0.0,0.23376937984496116,-0.18367346938775508,0.9807692307692308,0.0,0.0,-0.11678200692041518,0.0,0.0738255033557047,0.1062754457391546
2009-10-03,0.028343579340807112,0.07903452223569984,0.10344783567889682,0.20620632625007151,-0.262722176667474,0.12555245184784347,0.10273305239568353,0.10273305239568353,0.13636363636363646,0.13636363636363646,-2.2289430222956232,-0.22430163214061516,-2.798674574196408,-3.4218108792456126,-0.5242298242298242,-0.02857142857142858,0.0,0.20479088945611634,-0.26111111111111107,0.1941747572815533,0.0,0.0,-0.2830558276199804,0.0,0.10624999999999996,-0.10545685279187811
2010-01-02,-0.06937298839717343,-0.06645131275366711,-0.05907183332550758,-0.04650738321959125,-0.12973319559719299,0.011935776013845878,-0.5394020388553252,-0.5394020388553252,-0.5900000000000001,-0.5900000000000001,-2.7816918805150146,-0.1906833240604926,-2.9230020065005924,-0.8269099037386884,-0.19072021610455647,0.30995475113122173,0.24284638554216875,-0.7079530638852674,-0.1278195488721806,0.7723577235772359,0.0,0.0,-0.0648907103825137,0.0,0.0,-0.020924953894169263
2010-04-03,-0.130409495467659,-0.20235283240748148,-0.11147955475293503,-0.18055036790796697,-0.2502512745646469,-0.21870301294932626,0.7212190969474619,0.7212190969474619,0.853658536585366,0.853658536585366,-0.7385599165876356,0.22254859071308042,-0.7699104244465598,0.5090606123724224,-0.3556351855487925,0.07253886010362698,0.0,-0.002790178571428603,-0.25,0.22935779816513757,0.0,0.0,-0.1380569758948137,0.0,0.0,-0.026588422806636314
2010-07-03,-0.0634252741539788,-0.083151225938501,-0.0007846642101141388,0.05425618994984238,-0.5292743882465697,-0.06349941986398855,0.20986347171914188,0.20986347171914188,0.21052631578947367,0.21052631578947367,-0.5773440814594824,0.2901543809426439,-1.5338920123050812,-2.152518978605935,0.6360935476498819,0.08051529790660217,0.0,0.07890318970341359,-0.5287356321839081,0.4402985074626864,0.0,0.0,-0.49745762711864405,0.0,0.02259887005649719,-0.13032152426317345
2010-10-02,0.09911186277912942,0.19793966378470373,0.1598827618734966,0.2765755070644038,-0.8573471991340318,0.15337112171837708,-0.27808484178527015,-0.27808484178527015,-0.26086956521739124,-0.26086956521739124,-5.535284079502108,-0.2454235676361043,3.9665706338168087,-1.6089820359281437,-0.23676491130046096,-0.2354694485842027,0.0,-0.05082987551867224,-0.8536585365853658,0.6217616580310881,0.0,0.0,-0.8701517706576729,0.0,0.005524861878453136,-0.061617458279845994
2011-01-01,-0.1251280838379587,-0.21247660941389046,-0.1032449185557257,-0.1915736711090038,-2.9585365853658536,0.011076674015613852,-0.5191086866366798,-0.5191086866366798,-0.5441176470588236,-0.5441176470588236,-2.9249233629552576,0.23162150808653648,-2.460769900087011,-2.2432645034414946,0.38567593948267453,0.34307992202729043,0.0,0.0180327868852459,-2.916666666666667,8.172523961661343,0.0,0.0,0.0,0.0,0.016483516483516425,-0.025809393524851787
2011-04-02,-0.0014805285057396533,0.01390371010731739,0.07907030655887026,0.1292260159195644,4.742539550758729,-0.22764654628850733,2.195628379050715,2.195628379050715,2.2903225806451615,2.2903225806451615,-1.5223642907242811,-0.27503730547857597,-1.7120732859548946,-2.085890540968048,-0.30223650611957387,-0.11756168359941943,0.0,0.12721417069243146,4.739130434782608,0.0,0.0,0.0,0.0,0.0,-0.010810810810810811,-0.10213443175435322
2011-07-02,-0.006777369272262912,-0.00832002269390153,0.058444112839777906,0.032548526767978814,0.6951342928741244,0.08298034845160762,-0.06693653017800616,-0.06693653017800616,-0.06862745098039225,-0.06862745098039225,-1.0906349398518584,1.4267231239708305,-0.5802757586246683,-2.577713037144938,0.6833869644772541,-0.02960526315789469,0.0,0.02285714285714291,0.6893939393939392,0.0,0.0,0.0,0.0,0.0,0.005464480874316946,-0.039620477531018605
2011-10-01,-0.08280378357489782,0.14494798210213733,0.07244827498719442,0.20029432591729823,0.9899692491388337,-0.28423207773585857,1.38758120494794,1.38758120494794,1.3894736842105266,1.3894736842105266,-8.397814207650274,-1.0570473051570377,0.1202666483403203,-1.379927984488967,-0.1542353823088456,-0.08813559322033904,0.0,0.6364059590316573,0.9910313901345293,0.0,0.0,0.0,0.0,0.0,-0.05434782608695654,-0.04614048420366945
2011-12-31,-0.16958127841986848,-0.21677306157560994,-0.32289252303881544,-0.4674533555678342,-0.7405002559615224,-0.8697938398274709,-2.067808455323947,-2.067808455323947,-2.0572687224669606,-1.5330396475770924,-3.076738727204084,153.57391673746815,-7.637077479909208,-39.24325637910085,6.9741192111677375,0.237918215613383,0.0,-0.5749644381223329,-0.7567567567567568,0.0,0.0,0.0,0.0,0.0,-0.2413793103448275,0.4707489187343501
2012-03-31,-0.16123721584330175,-0.2603739046117318,-0.09467417067205541,-0.06685902855684078,0.48553942708237763,5.122292575576233,-1.2645862785137092,-1.2645862785137092,-1.25,-1.4958677685950414,-1.293193800042682,-1.0469402281602893,-0.849402137577679,-1.636902605943916,-0.5570313889382892,0.6486486486486487,0.0,-0.12048192771084343,0.37962962962962954,0.0,0.0,0.0,0.0,0.0,-0.030303030303030276,-0.20739823556724968
2012-06-30,0.13009332001385499,0.2825857358148425,0.1223043794348988,-0.014871017453680246,0.0839700314385774,0.062150989919500965,-0.14086411609498684,-0.14086411609498684,-0.19999999999999996,-0.19999999999999996,-0.3575510864290721,0.03378220140515231,-3.816018821603928,-1.9311882669859324,1.1709657993124734,0.09380692167577398,0.0,-0.21156773211567725,0.04026845637583887,0.0,0.0,0.0,0.0,0.0,-0.09375000000000011,0.30199179847685986
2012-09-29,-0.06345212051216564,-0.1372992946175421,-0.037582203518998325,0.06503677697636445,0.0951577795758356,0.08222455752869151,-0.6391224231256478,-0.6391224231256478,-0.6458333333333333,-0.6458333333333333,0.10595442910494723,0.5276660814407883,-1.6218806076412853,-2.519483998157136,-0.8195724663226209,-0.039134054954204855,0.0,-2.0801158301158305,0.09677419354838701,0.0,0.0,0.0,0.0,2.2112676056338025,0.06034482758620685,-0.18995125609298824
2012-12-29,0.0701616881207372,0.0015834663961855622,-0.005887692530539335,-0.005212569492952679,-0.3395873005962601,0.33459057044733864,-4.033562044572097,-4.033562044572097,-4.0,-4.0,-4.742563363181059,1.5722547638466673,-0.975876168224299,-1.1987124342467106,0.9026296403062042,-0.011265164644713943,0.0,-1.77390527256479,-0.3764705882352941,0.0,0.0,0.0,0.0,0.0,0.4227642276422765,0.006758007776337616
2013-03-30,-0.08447651749595297,-0.15493216231514895,-0.03204614489442448,-0.03832400703139838,0.34075474671078543,-0.2358133980634407,-1.9147876705123261,-1.9147876705123261,-1.8627450980392157,-1.8627450980392157,-1.669968268129239,-0.6173469387755102,-21.76222760290557,-2.8451438912742626,-0.8753577320628935,0.3882559158632779,0.0,-0.12124711316397219,0.3396226415094339,0.0,0.0,0.0,0.0,0.0,0.028571428571428692,-0.12119540229885051
2013-06-29,0.024087447248575256,0.027154246481434496,0.0636240382231954,0.14316399607913732,0.2555851970243621,0.027323683035594293,-0.17320887798520335,-0.17320887798520335,-0.18181818181818188,-0.18181818181818188,-0.7240826208670652,0.03216572504708104,0.12023604049074033,-1.0336743720912343,0.23649378714208535,0.303030303030303,0.0,-0.1222076215505914,0.22535211267605648,0.0,0.0,0.0,0.0,0.0,0.04444444444444429,-0.10149628544522338
2013-09-28,0.1309738780218015,0.27101244379911615,0.11120787423268319,0.23782441787975905,0.03293273055719359,0.127350698107922,-0.6090131441685791,-0.6090131441685791,-0.611111111111111,-0.611111111111111,1.0760666886037074,-0.6467304043205371,-0.016614961793916194,-2.3266704740148487,-0.25374112506826874,0.17732558139534893,0.0,-0.06586826347305386,0.034482758620689724,0.0,0.0,0.0,0.0,0.0,0.005319148936170137,0.02678467450797717
2013-12-28,0.021419794109164725,0.3061558657594372,-0.1424218006380087,-0.21320397957200166,-0.8528328387286772,-0.8128953748687889,-11.979011028103878,-11.979011028103878,-11.785714285714285,-10.642857142857142,-3.5926033549068817,-17.294907550872843,-3.795600347229574,-54.186827378390014,18.08445550351288,0.19176954732510287,0.0,-2.296474358974359,-0.8555555555555555,0.0,0.0,0.0,0.0,-0.3673245614035088,-0.2592592592592593,0.6600884654644437
2014-04-05,-0.041813340207936256,-0.24657939921407124,-0.13828214650992632,-0.3118677567154793,-3.0414075487962564,3.0722247045973585,-0.7506642472944074,-0.7506642472944074,-0.7549668874172185,-0.725925925925926,-2.0045545785231753,-0.5575432168417316,-1.2360211755617658,-0.9851156993355078,0.012854239368025544,0.16885359116022092,0.0,1.2793572311495676,-3.0,0.0,2.94269340974212,0.0,8.194805194805195,1.4315424610051992,-0.06428571428571417,0.09489649518343923
2014-07-05,-0.015511862640635976,-0.048837711348352575,-0.029587661677365706,-0.10118674604417988,0.16923796166432914,-0.1892554199901857,-1.0953866146848603,-1.0953866146848603,-1.0810810810810811,-1.0810810810810811,-1.5309057713764074,-1.1961804063153672,-0.7752214093184444,23.508428493746603,0.3412892526938309,0.04726735598227472,0.0,0.2011930585683297,0.1730769230769229,0.1872169975618252,-0.648013565891473,0.0,0.18785310734463256,0.35495367070563066,-0.10687022900763365,0.05821789591913129
2014-10-04,-0.017853637693591495,-0.04336729231704761,-0.0107722436530433,-0.015338693160773076,-0.09499426036037195,-0.05857562838818342,1.0731153496821073,1.0731153496821073,1.3333333333333335,1.3333333333333335,-1.5602193267356999,0.6309793325056599,-0.9905781584582442,-2.193627831643407,-0.30371700200980056,-0.06346967559943584,0.0,0.05101580135440176,-0.0983606557377048,-0.2015549361889395,-0.2629043358568478,0.0,-0.07847800237812119,0.2382956338769069,-0.15384615384615385,-0.028421487115985578
2015-01-03,0.022847779375164246,0.062043958995478654,-0.13016828649399148,-0.06772066470471094,1.8448393808967305,0.5916411425741863,-14.858050383351587,-14.858050383351587,-15.14285714285714,-15.14285714285714,-4.067046345871841,0.3709309094165585,34.60606060606061,-2.1284806126621807,0.492240582483338,-0.1436746987951808,0.0,-0.2590206185567011,1.8545454545454545,-0.050339886092228614,-0.18067226890756305,0.0,1.7806451612903227,-0.4562446898895497,0.36363636363636376,0.13916368270923085
2015-04-04,-0.06958367248239838,0.07138883034773436,-0.02182112402594094,-0.05197096461559758,-0.2434735560665494,-0.3594263549554161,-1.4364468401251935,-1.4364468401251935,-1.4343434343434343,-1.4343434343434343,-1.4817034524934676,-3.273638828102035,0.21404255319148935,-0.52882556415747,0.1554247897241965,0.08547309180443197,-1.4682419468847825,-0.6295652173913043,-0.24840764331210197,-0.6196556393886632,0.3954415954415953,0.0,-0.18700696055684451,-0.6140625,-0.04444444444444451,0.13015450186467792
2015-07-04,0.011660555993873833,0.027281096200828525,-0.004154070581218194,0.0059167894115339514,0.08610631013634773,0.10105907972864991,-1.1546694192426794,-1.1546694192426794,-1.1627906976744187,-1.1627906976744187,-1.9926365357093394,-1.1915617996897088,-4.336137399228882,-0.34319174969410937,0.08835216718630234,-0.09494491250810111,0.04313133491481569,0.24100156494522684,0.0847457627118644,0.20396744659206512,1.4793793385055127,0.0,0.07363013698630128,0.2085020242914981,0.03100775193798455,0.02121340687314377
2015-10-03,0.057754636266672765,0.07875644096713597,0.057854321699184696,0.1766379757336929,0.05732437474849705,-0.013481883052668286,-0.7303594426882098,-0.7303594426882098,-0.7142857142857143,-0.7142857142857143,-0.795549147733879,0.5055868016497937,-0.8523849548224417,-1.6268895039386844,-0.05089073916443787,-0.2767633369137129,-0.012611122596650759,0.15636822194199262,0.0625,-0.33333333333333337,-0.40596179183135706,0.0,-0.0005316321105793831,0.13567839195979903,0.015037593984962516,-0.08318330794442141
2016-01-02,0.06296623180611705,0.10355661346922918,-0.018336912049055076,-0.05810518300206591,0.4140621395949624,0.5467533029481335,25.68866695614416,25.68866695614416,23.0,23.0,10.044472247497724,-0.15664690939881454,-0.7167259786476868,-7.638818135506877,0.35596993521776943,-0.03514851485148518,-0.8048576214405361,-0.7949836423118866,0.40441176470588225,-0.09188846641318116,-0.1688383698364292,0.0,0.3303191489361701,-0.7979351032448377,0.014814814814814836,0.17164291828206024
2016-04-02,-0.029030122577295536,-0.06109239939908062,-0.06907527817830617,-0.16832350211096803,0.09101993711794676,-0.3602590463402011,-0.8106859299752701,-0.8106859299752701,-0.8125,-0.8125,-1.137297508830829,0.3280770139381053,4.9623115577889445,-1.4758031512175158,-0.12490809162970751,0.05900461775269372,3.2371244635193124,3.792553191489361,0.09424083769633507,-0.24563852058618285,3.9176117411607736,0.0,0.12395041983206734,3.8540145985401457,-0.014598540145985384,0.12892135797163728
2016-07-02,0.04747132317331326,0.06998759704796043,0.008119995324098461,0.0228978776259654,0.14813056690376425,0.16496126403859757,1.3008765898934342,1.3008765898934342,1.3333333333333335,1.3333333333333335,-5.692019201920192,-0.3940054253568729,-0.42688579856721454,-2.233442640576282,0.17605804018461746,0.09011627906976738,0.04178272980501396,0.1775804661487237,0.14832535885167464,-0.0037002775208141436,-0.7687716204300346,0.0,0.09605122732123794,0.1819548872180452,0.0,0.04602207841644468
2016-10-01,0.05401925003685726,0.08399163605972593,0.02305059884015037,0.07232986642732686,0.12357571653666355,-0.009893928825021714,0.10656258170544941,0.10656258170544941,0.09523809523809534,0.09523809523809534,-0.8202193304984493,-0.08673956116533355,-2.384558823529412,-0.9658959663535923,0.005105436229349891,-0.1484444444444445,0.0807000486144871,0.22620169651272382,0.12083333333333335,-0.2590529247910863,-0.297447931944852,0.0,0.06588769879909129,0.23027989821882944,0.0,0.01088103642781757
2016-12-31,0.056489788772264404,0.11884273742109097,-0.03603184948003735,-0.07911558597147683,0.24570380522178525,0.487505054845069,1.8875649767096467,1.8875649767096467,1.9130434782608696,1.8695652173913042,15.398541703716877,-0.1414222579349136,-1.694105151354222,107.90415335463258,0.5531789900065238,-0.1471816283924844,0.02361673414304999,0.1491160645657188,0.24535315985130124,-0.2393483709273183,-0.32442588726513566,0.0,0.17904993909865996,0.14994829369183038,-0.007407407407407418,0.21499028007775944
2017-04-01,-0.01640429462163573,-0.024913268242711673,-0.036155840491013946,-0.10044152569180531,0.014853546266726525,-0.42395138869715,-0.9841139958151659,-0.9841139958151659,-0.9850746268656716,-0.9848484848484849,-1.2184710819985034,0.08357510528778667,3.4705432287681717,-1.3297679467245578,-0.11744988882759078,0.27356181150550785,-0.17051197539002416,-0.09765886287625425,0.011940298507462588,0.023064250411861664,0.08096415327564888,0.0,0.03176652892561993,-0.06474820143884896,-0.02985074626865669,0.08394074074074087
