Quarter end,Assets,Current Assets,Liabilities,Current Liabilities,Shareholders equity,Revenue,Earnings,Earnings available for common stockholders,EPS basic,EPS diluted,Cash from operating activities,Cash from investing activities,Cash from financing activities,Cash change during period,Cash at end of period,Price,ROE,ROA,Book value of equity per share,P/B ratio,P/E ratio,Cumulative dividends per share,Equity to assets ratio,Net margin,Asset turnover,Current ratio
1993-12-31,-0.10882490539017908,0.05723883164923005,-0.1492906287541078,0.05341743578382152,0.029996934619819893,0.0,0.0,0.0,0.0,0.0,-0.4255294526096517,-1.0708016204272035,1.7302533532041728,-2.5919760559591065,-0.42514011208967173,-0.03716216216216217,0.15279672578444758,0.24423963133640547,-0.006833712984054552,-0.11538461538461553,-0.025764192139738018,0.19999999999999996,0.15595923792645117,0.1073059360730595,0.0,0.00367117765620506
1994-03-31,-0.10882490539017908,0.05723883164923005,-0.1492906287541078,0.05341743578382152,0.029996934619819893,0.0,0.0,0.0,0.0,0.0,-0.4255294526096517,-1.0708016204272035,1.7302533532041728,-2.5919760559591065,-0.42514011208967173,-0.03716216216216217,0.15279672578444758,0.24423963133640547,-0.006833712984054552,-0.11538461538461553,-0.025764192139738018,0.19999999999999996,0.15595923792645117,0.1073059360730595,0.0,0.00367117765620506
1994-06-30,-0.021122924799873766,0.05723883164923005,-0.03917959593332465,0.05341743578382152,0.030039775894485254,-0.12887272727272725,-0.49408433613105474,-0.49408433613105474,-0.5061728395061729,-0.46153846153846156,-0.4255294526096517,-1.0708016204272035,1.7302533532041728,-2.5919760559591065,1.1773527656187825,-0.11929824561403524,0.15279672578444758,0.24423963133640547,0.02752293577981657,-0.11538461538461553,-0.025764192139738018,0.6666666666666667,0.052127251820620835,0.1073059360730595,0.0,0.00367117765620506
1994-09-30,0.00877827951764143,0.05723883164923005,0.008726327515781618,0.05341743578382152,0.008915590818409092,-0.015394890632826841,-0.3801718968618829,-0.3801718968618829,-0.375,-0.34285714285714275,-1.5058420628525382,-4.013437364542696,-0.9507096069868995,-0.9835442235788673,0.008898077604029941,0.029880478087649376,0.15279672578444758,0.24423963133640547,0.006696428571428381,0.0,-0.025764192139738018,0.5999999999999999,0.0,0.1073059360730595,0.0,0.00367117765620506
1994-12-31,0.12482653621524475,0.05723883164923005,0.16654023267295215,0.05341743578382152,0.014596184354672248,0.05014018902907802,0.33279587229925833,0.33279587229925833,0.32000000000000006,0.26086956521739113,12.484866587017125,0.33112773302646725,-8.710963455149502,47.238767650834404,0.42544664085320294,0.009671179883945724,0.15279672578444758,0.24423963133640547,0.011086474501108556,0.008695652173912993,-0.025764192139738018,0.25,-0.09799635701275056,0.1073059360730595,0.0,0.00367117765620506
1995-03-31,-0.09395725947638311,0.05723883164923005,-0.12967856479283224,0.05341743578382152,0.014574372759856624,0.08106624177764377,-0.027098959593515604,-0.027098959593515604,-0.030303030303030276,-0.10344827586206884,-1.0080624916938616,0.37789064188459043,1.6476614486093157,-2.8256426632604184,-0.5448913457872665,0.06321839080459779,0.15279672578444758,0.24423963133640547,0.00877192982456143,0.051724137931034475,-0.025764192139738018,0.30000000000000004,0.119951534733441,0.1073059360730595,0.0,0.00367117765620506
1995-06-30,0.22296236613123233,0.05723883164923005,0.2961852237781788,0.05341743578382152,0.032121455666297205,0.10858719141181283,0.9465307137527978,0.9465307137527978,0.90625,0.9230769230769229,0.4853479853479854,-1.2929966277154734,-2.2398792196286186,-2.042198705614833,1.291832460732984,0.16576576576576585,0.15279672578444758,0.24423963133640547,0.0304347826086957,0.15573770491803285,-0.025764192139738018,0.23076923076923084,-0.15614857554994588,0.1073059360730595,0.0,0.00367117765620506
1995-09-30,0.025475047609893275,0.05723883164923005,-0.022210022025711873,0.05341743578382152,0.18155369298369473,0.07700254219778846,0.1796345981857672,0.1796345981857672,0.09836065573770503,0.1200000000000001,113.0826140567201,10.630085653104926,-0.5467378306646834,-1.2515979244464956,-0.13698390216414613,0.10355486862442032,0.24378698224852058,0.24423963133640547,0.04219409282700415,0.07092198581560294,-0.025764192139738018,0.1875,0.15213675213675226,0.2247422680412372,0.0,0.00367117765620506
1995-12-31,0.14188647558790657,0.05723883164923005,0.18340721688074169,0.05341743578382152,0.029421243405115094,0.02164429950038782,-0.008123036932741301,-0.008123036932741301,-0.059701492537313494,0.0,-3.060278207109737,-3.205799769850403,-2.0125152821568753,-4.519150592028462,0.5585839958352818,0.02801120448179284,0.12749762131303521,0.11851851851851847,-0.06477732793522273,-0.013245033112582738,-0.1824294038547737,0.1578947368421053,-0.09829376854599403,0.12121212121212133,0.0,0.00367117765620506
1996-03-31,0.12398172557060572,0.05723883164923005,0.14728253072410502,0.05341743578382152,0.05142708399288032,0.3253624844882763,0.27200262065953273,0.27200262065953273,-0.07936507936507942,-0.0535714285714286,-1.2486373341587145,-0.21497881930677576,-2.11524895935941,-2.382728335386851,-0.4940075521260877,-0.017711171662125325,0.16962025316455698,0.11258278145695355,0.04978354978354971,0.046979865771812124,-0.1589912280701754,0.13636363636363646,-0.06458247634718228,0.10210210210210202,0.022222222222222143,0.00367117765620506
1996-06-30,0.14134271586154434,0.05723883164923005,0.17137064614403008,0.05341743578382152,0.03931670826279832,-0.08318292975896413,0.1073911923770281,0.1073911923770281,0.3793103448275863,0.3396226415094339,0.6300031648908113,-1.1981711369254897,2.5870989799988604,-1.7260638601702176,0.7110922150864867,0.05963938973647709,0.059163059163059195,0.02083333333333326,-0.11340206185567003,0.012820512820512775,-0.0736636245110821,0.1200000000000001,-0.08927000879507474,0.05722070844686633,-0.0434782608695653,0.00367117765620506
1996-09-30,0.007781136376512565,0.05723883164923005,-0.05723090320828961,0.05341743578382152,0.2567389219012548,-0.010367045828658217,0.07720930232558132,0.07720930232558132,-0.025000000000000022,0.04225352112676051,-2.579516918217827,-2.4461435278336685,-1.7641779189833202,-0.933098369941469,0.02780284305648184,0.014397905759162333,0.010217983651225948,0.008746355685131268,0.2534883720930232,0.139240506329114,-0.0752990851513019,0.10714285714285698,0.2467407049734427,0.055412371134020644,-0.045454545454545525,0.00367117765620506
1996-12-31,0.23510204243605526,0.05723883164923005,0.30342391309193584,0.05341743578382152,0.03883293717470604,0.13559954920091788,0.10103626943005173,0.10103626943005173,0.03846153846153855,0.08108108108108114,-0.0725431062741756,1.9579352564697152,-1.311121505041056,17.656161806208843,0.5046632651762879,0.1470967741935485,0.03169251517194893,0.0028901734104047616,0.03339517625231925,-0.08333333333333337,0.06544901065449005,0.09677419354838723,-0.15879163439194421,0.04884004884004889,-0.04761904761904756,0.00367117765620506
1997-03-31,0.006175312032112412,0.05723883164923005,-0.0010397719615913292,0.05341743578382152,0.03218131205665009,0.05405130719149631,-0.05248366013071892,-0.05248366013071892,-0.1234567901234569,-0.32499999999999996,-1.6884653447849292,-1.7661926339390708,-2.887147963785788,-2.078284547311096,-0.3616560681910431,0.25309336332958376,-0.030065359477124187,-0.03458213256484144,0.026929982046678624,0.21212121212121215,0.14500000000000002,0.11764705882352944,0.025782688766114115,0.030267753201396852,-0.050000000000000044,0.00367117765620506
1997-06-30,0.17846179392091832,0.05723883164923005,0.21914432196907696,0.05341743578382152,0.03654548538204483,0.016629988429339493,0.0891908670759467,0.0891908670759467,0.15492957746478875,0.5,0.13211833408201246,0.23870914932367437,-2.4621158476136524,-1.6420103815937148,0.36373330860534114,0.07719928186714542,-0.02762803234501343,-0.05074626865671639,0.03321678321678334,0.050000000000000044,0.07298814722395486,0.07894736842105265,-0.1202872531418312,0.003389830508474745,-0.052631578947368474,0.00367117765620506
1997-09-30,0.08370711721850599,0.05723883164923005,0.09329833674462074,0.05341743578382152,0.04435528474770001,0.18751394777951358,0.19341355288157058,0.19341355288157058,-0.12195121951219512,-0.11111111111111116,-1.7960752304186647,-1.7134738650631072,-1.028598411468423,-0.5507420559045798,0.1198255387559437,0.2925,0.043659043659043606,-0.03144654088050314,0.03384094754653133,0.24761904761904763,0.24825581395348828,0.09756097560975618,-0.0362244897959183,-0.013513513513513598,-0.02777777777777779,0.00367117765620506
1997-12-31,0.09150023920214823,0.05723883164923005,0.10199289071647177,0.05341743578382152,0.04643239366690577,0.06684519614752182,0.0978560815113565,0.0978560815113565,0.16666666666666674,0.08333333333333348,1.0756611270132868,1.864916180420487,4.376375952582557,-0.6219853269020308,0.04044898985956058,0.08833010960670529,0.041832669322709126,-0.006493506493506551,-0.05728314238952548,0.05343511450381677,0.011178388448998655,0.06666666666666665,-0.041291688724192754,0.0022831050228311334,0.0,0.00367117765620506
1998-03-31,0.08136683857587701,0.05723883164923005,0.08729111256669597,0.05341743578382152,0.05456995426144573,0.18854314376557846,0.005365429234338803,0.005365429234338803,-0.2857142857142857,-0.42307692307692313,-1.2036568213783403,-1.5156388911339205,4.352468698322703,-4.630173707913361,-0.1402446141532715,0.09182464454976302,0.042702358189929734,-0.009803921568627416,0.05034722222222232,0.15942028985507273,0.01381851681252888,0.08333333333333348,-0.024848150193263363,-0.02505694760820054,0.0,0.00367117765620506
1998-06-30,0.06254464082385902,0.05723883164923005,0.06598566010100182,0.05341743578382152,0.04649716553854777,-0.07836097401923736,0.1714024712726574,0.1714024712726574,0.4666666666666668,0.8444444444444443,1.77516507209271,-0.08774294670846394,-2.490429742095894,-3.2782454585733274,0.3739727023685422,0.06890938686923498,0.061735941320293364,0.02970297029702973,0.04132231404958686,0.018749999999999822,0.04997728305315752,0.0769230769230771,-0.01528878822197055,0.032710280373831946,0.0,0.00367117765620506
1998-09-30,-0.02538913751098193,0.05723883164923005,-0.03884393723895152,0.05341743578382152,0.038526945741647944,-0.004583043542933818,-0.10934165161714005,-0.10934165161714005,-0.5568181818181819,-0.5542168674698795,-2.1193279759159,-2.9022885811484143,-1.2554142893806883,-1.5754440554907299,-0.15662637847375382,-0.29796954314720814,-0.012089810017271052,-0.01602564102564097,0.030158730158730274,-0.32515337423312873,-0.35439203807875375,0.0714285714285714,0.06555491661874635,-0.0033936651583711397,0.0,0.00367117765620506
1998-12-31,0.10198331576356234,0.05723883164923005,0.12956836769325863,0.05341743578382152,-0.019294917674159362,0.05214395625254942,-0.15506912442396314,-0.15506912442396314,-0.1282051282051282,-0.1351351351351351,-0.2081164324136734,-0.8865395558044383,0.3692753623188405,-1.5638518385003604,0.10471524032285728,0.1778741865509761,-0.054195804195804165,-0.07491856677524433,-0.026194144838212585,0.14090909090909065,0.16957104557640745,0.06666666666666665,-0.11009174311926606,-0.05788876276957999,-0.02857142857142847,0.00367117765620506
1999-03-31,0.07471554907629252,0.05723883164923005,0.081633303299387,0.05341743578382152,0.039684892237497715,0.10990580160759111,0.359967275702209,0.359967275702209,0.4117647058823528,0.21875,-2.9454518064039004,-8.53136443241522,-0.7620378210556026,-3.232678014864541,-0.21163409931936206,0.2750153468385512,0.022181146025878062,-0.0035211267605634866,0.034810126582278444,0.31075697211155395,0.3421203438395417,0.0625,-0.03274711946634312,0.028915662650602414,-0.02941176470588236,0.00367117765620506
1999-06-30,0.09694655851261214,0.05723883164923005,0.09174107983874014,0.05341743578382152,0.12437001174714934,0.08805240259246183,0.31614196911971115,0.31614196911971115,0.22916666666666674,0.3846153846153846,-1.395591786164319,-0.7419167309663985,-8.627802158700035,-3.593682326621924,0.6962650498217564,0.18680789600385173,0.04641350210970474,0.028268551236749095,0.11773700305810397,0.14589665653495443,0.05593509820666087,0.07352941176470584,0.025078369905956244,0.02927400468384067,0.0,0.00367117765620506
1999-09-30,-0.024698664120685,0.05723883164923005,-0.038870861019612235,0.05341743578382152,0.04779650136414704,-0.04130563307756363,-0.1369370467426413,-0.1369370467426413,-0.15254237288135586,-0.12962962962962976,1.5070201975264705,-7.604578777081541,-0.9854299486860519,-1.1341756255088944,-0.05507500056646952,-0.006085192697768749,0.017857142857142794,0.0068728522336769515,0.04103967168262668,-0.1114058355437666,-0.08249090173877882,0.06849315068493156,0.07461773700305807,0.019340159271899804,0.0,0.00367117765620506
1999-12-31,0.24368786891174543,0.05723883164923005,0.28458563438523976,0.05341743578382152,0.05178730612882565,0.13632791907456965,0.1771642423386528,0.1771642423386528,0.15999999999999992,0.17021276595744705,-0.1489189534504053,-1.5494840758011708,43.39381003201708,-13.8624839290306,0.7496905152284492,-0.0151020408163266,0.07413695529145437,0.04436860068259385,0.0446780551905388,-0.05373134328358209,-0.07271925958572067,0.0641025641025641,-0.15424018212862822,0.06808035714285698,-0.030303030303030276,0.00367117765620506
2000-03-31,0.035286097116332904,0.05723883164923005,0.02486615273314219,0.05341743578382152,0.09500024028204734,0.20170163598644986,0.4408553776018236,0.4408553776018236,0.48275862068965525,0.23636363636363633,-2.2701456189221196,-2.0516860018959058,-4.106161502031396,-2.498102842338002,-0.6418926558511641,0.13220058019063408,0.10642781875658591,0.10130718954248374,0.07169811320754715,0.08517350157728698,-0.000950570342205248,0.07228915662650603,0.05720053835800787,0.0867293625914316,0.0,0.00367117765620506
2000-06-30,-0.06572090215092707,0.05723883164923005,-0.09293788140409276,0.05341743578382152,0.0802628971618331,-0.06080008158151595,-0.1593846922420432,-0.1593846922420432,-0.2674418604651163,-0.11764705882352955,-1.8261049424464684,0.3612434543737659,-1.5830953431315642,-1.1964653635519307,0.37208067432715586,0.06771595900439253,-0.015238095238095162,0.011869436201780381,0.04225352112676073,-0.005813953488372103,-0.07088487155090384,0.05617977528089879,0.156588160407384,0.0,0.03125,0.00367117765620506
2000-09-30,-0.005492134680661898,0.05723883164923005,-0.018403386933909638,0.05341743578382152,0.05265665453211388,-0.028561309353001496,-0.07869453248811409,-0.07869453248811409,-0.07936507936507942,-0.08333333333333326,-1.2084492488673397,-1.2661343087098071,-1.241863551898062,-1.1453392017822697,-0.0373025308820607,0.23277339732601976,-0.010154738878143221,0.01759530791788877,0.03716216216216206,0.18421052631578938,0.2007168458781361,0.06382978723404253,0.05833791964777113,0.007692307692307887,0.0,0.00367117765620506
2000-12-31,0.08501757301245916,0.05723883164923005,0.09370312024414584,0.05341743578382152,0.04854085068410963,0.04760105277444393,0.11060044078912012,0.11060044078912012,0.12068965517241392,0.1090909090909089,-4.195767397521449,-3.163502265928142,-0.3356931182087587,-0.9096177212823628,-0.003502125902693831,-0.04977753058954393,-0.016121152906692693,0.037463976945244726,0.04125950054288796,-0.08395061728395059,-0.08144989339019193,0.06000000000000005,-0.03328133125325006,0.016221374045801484,0.030303030303030276,0.00367117765620506
2001-03-31,-0.028272317730552943,0.05723883164923005,-0.042660716077132954,0.05341743578382152,0.034757372083010774,-0.03466224317678379,-0.09685147987706011,-0.09685147987706011,-0.2153846153846154,-0.44262295081967207,-0.5196816571012659,-6.476492976643575,13.199917389508467,-291.5863495346432,1.0212465155496435,-0.052385133157740627,-0.11122144985104276,-0.05833333333333324,0.02085505735140769,-0.0889487870619946,-0.07567316620241404,0.05660377358490565,0.06455083378160298,-0.04507042253521121,-0.02941176470588236,0.00367117765620506
2001-06-30,0.06836040247238162,0.05723883164923005,0.0745095755053451,0.05341743578382152,0.0434387530720477,0.0026025562417930637,-0.05246657198745952,-0.05246657198745952,0.07843137254901977,0.5294117647058822,-5.18437461184946,-1.0035098771542996,-3.0623014718715456,-0.3417865671163749,0.33256615145608714,-0.07813465101914763,-0.07374301675977646,-0.05899705014749268,0.03370786516853941,-0.09763313609467461,0.07081868407835268,0.05357142857142838,-0.023244062657908016,-0.02851524090462143,-0.030303030303030276,0.00367117765620506
2001-09-30,0.1276934006965551,0.05723883164923005,0.1492254437130187,0.05341743578382152,0.03782880294704949,-0.021123359580052514,-0.14057860354627982,-0.14057860354627982,-0.14545454545454561,-0.13461538461538458,-1.376889374384061,564.5106837606837,0.0483400049084739,-2.9355684595255087,-0.48305635916146716,-0.048911222780569585,-0.08262967430639323,-0.10344827586206884,0.034584980237154284,-0.07868852459016384,-0.011257035647279645,0.05932203389830515,-0.0796689084324883,-0.04352226720647767,-0.0625,0.00367117765620506
2001-12-31,0.08018436949542207,0.05723883164923005,0.08919360042593749,0.05341743578382152,0.0385482133863142,0.08272646345910473,0.35202369200394856,0.35202369200394856,0.34042553191489366,0.33333333333333326,3.0724749543191985,-0.9843610079385171,-0.9845731584258325,-1.704400899453903,0.6582252048372657,0.04684748150757301,-0.03879026955950038,-0.05944055944055948,0.03342884431709647,0.010676156583629748,0.10151802656546494,0.04800000000000004,-0.038785834738617186,-0.008465608465608399,-0.033333333333333326,0.00367117765620506
2002-03-31,-0.026359664803352056,0.05723883164923005,-0.039941831746309164,0.05341743578382152,0.03947132595017089,0.04222335037951486,0.12190907320872268,0.12190907320872268,0.06349206349206349,-0.06666666666666654,-1.2602374128267908,-1.2337923814125795,-18.568637711494855,-1.6618657107053916,-0.2627246840374574,0.1830417227456258,0.020519835841313228,0.0037174721189590088,0.030499075785582308,0.14436619718309873,0.1890611541774332,0.061068702290076216,0.06783625730994158,0.03415154749199556,-0.0344827586206895,0.00367117765620506
2002-06-30,0.004203303446991713,0.05723883164923005,-0.005269753284507406,0.05341743578382152,0.04661020074722377,-0.008264128975537854,0.06336637959086278,0.06336637959086278,0.10447761194029836,0.26785714285714257,0.995764034422794,-2.6276265931794693,-2.4866512445269606,-1.0697047404495998,0.02483896519256934,-0.0059726962457336,0.04624664879356555,0.04444444444444451,0.045739910313901344,-0.03692307692307695,-0.10865628395508875,0.043165467625899234,0.04216867469879504,0.06501547987616108,-0.0357142857142857,0.00367117765620506
2002-09-30,0.00842037494676906,0.05723883164923005,0.0035602169260009475,0.05341743578382152,0.029098783454130528,-0.052379503422565254,-0.07440124036068385,-0.07440124036068385,-0.06756756756756765,-0.07042253521126751,-2.480603528526851,11.999365079365079,-1.3815756960537475,5.865910263022176,0.16640868646760176,-0.1713876967095852,0.049967969250480415,0.07092198581560294,0.030874785591766596,-0.207667731629393,-0.23933360422592442,0.05517241379310356,0.020493956910141886,0.0746124031007751,0.0,0.00367117765620506
2002-12-31,0.03336683955121389,0.05723883164923005,0.03300695837868228,0.05341743578382152,0.034860019740970305,0.01379467276841595,0.05472658746776582,0.05472658746776582,0.05797101449275366,0.06060606060606055,0.18363169039942462,-3.090358503467813,0.734983197983758,2.3200881344049678,0.47366888794028816,0.046270718232044095,0.0,0.0331125827814569,0.03494176372712143,0.016129032258064502,-0.040598290598290454,0.045751633986928164,0.001544799176107059,0.03877366997294862,0.0,0.00367117765620506
2003-03-31,-0.023819326493335402,0.05723883164923005,-0.037381490094472336,0.05341743578382152,0.032350581130826894,0.0013666823785261073,0.016968278513812773,0.016968278513812773,-0.0547945205479452,-0.15714285714285714,-0.9750041433118448,-1.1153636462763057,0.2777564813880762,-1.5065534950716812,-0.162817192285457,0.0834983498349835,-0.021354484441732824,0.009615384615384581,0.02813504823151125,0.04761904761904767,0.04231625835189301,0.043749999999999956,0.057583547557840564,0.02604166666666674,0.0,0.00367117765620506
2003-06-30,0.02334275519369755,0.05723883164923005,0.013442492809928375,0.05341743578382152,0.06157664086182457,0.09621213441954168,0.19931779887395717,0.19931779887395717,0.2753623188405798,0.4067796610169492,-31.788677320639238,-2.80475290305158,-1.301151076864776,-0.14420979760159003,-0.16643600018530524,0.17484008528784645,0.008728179551122262,0.03809523809523818,0.05082095387021113,0.1439393939393938,0.16185897435897445,0.04790419161676662,0.03743315508021405,0.03384094754653133,0.0,0.00367117765620506
2003-09-30,0.04865792538380487,0.05723883164923005,0.047408430190003514,0.05341743578382152,0.053264563308328405,0.0739997728047257,0.1417606140561285,0.1417606140561285,0.13636363636363646,0.12048192771084354,-0.6169664106372758,1.095727966482119,-2.6524577270939833,-0.3365777708191987,-0.13246414466485812,0.22711952294529425,0.05809641532756493,0.08256880733944949,0.04538690476190488,0.16556291390728473,0.17425287356321828,0.05714285714285716,0.004217432052483483,0.05646481178396057,0.0,0.00367117765620506
2003-12-31,0.04656237051161982,0.05723883164923005,0.041594969345180255,0.05341743578382152,0.06477435685378818,0.10248116753856928,0.21298019207683083,0.21298019207683083,0.20999999999999996,0.15053763440860224,-7.5333804258509085,-1.33159595166271,-0.9221677533990132,-6.6493949207431395,0.862606728526671,0.10944432706528628,0.09053738317757021,0.12429378531073443,0.0626334519572953,0.0625,0.010963194988253822,0.054054054054053946,0.017265515632291173,0.07436096049573981,0.07407407407407396,0.00367117765620506
2004-03-31,0.06583167739863005,0.05723883164923005,0.07032635792928321,0.05341743578382152,0.04971156001241117,0.09414274914326715,0.13722118441725528,0.13722118441725528,0.09090909090909105,-0.14018691588785048,-1.0294063781853968,0.046509124185821094,5.100081532816959,-1.144678974668415,-0.06700343938091147,0.09864787659493435,0.10658810926620244,0.11557788944723613,0.0421969189551239,0.03208556149732611,-0.020139426800929505,0.05128205128205132,-0.01513761467889907,0.07137707281903394,0.034482758620689724,0.00367117765620506
2004-06-30,0.03214134802225144,0.05723883164923005,0.025269090858721865,0.05341743578382152,0.057272651496207416,-0.026836539641898915,-0.05995104704922494,-0.05995104704922494,-0.030303030303030276,0.23913043478260843,6.197118631349891,-0.017077310837919857,-3.192033949276573,-0.1977221687520051,-0.05761583300693496,0.05806898942624383,0.03581800580832528,0.04504504504504503,0.05205655526992281,0.015544041450777257,-0.034782608695652084,0.04878048780487809,0.024685607824871836,0.03499327052489898,0.0,0.00367117765620506
2004-09-30,-0.062490070264177966,0.05723883164923005,-0.09368823204486032,0.05341743578382152,0.048145679660726026,0.05512256567079987,0.0607309000856342,0.0607309000856342,-0.296875,-0.2894736842105262,-3.3645064431377456,20.79653566382333,-1.6093809545586195,3.5668212900387894,-0.2792080151971894,-0.10058977719528184,0.02102803738317749,0.05818965517241392,0.047648136835674926,-0.14540816326530603,-0.16953316953316955,0.06976744186046502,0.11772727272727268,0.02210663198959706,0.03333333333333344,0.00367117765620506
2004-12-31,0.10034987338450874,0.05723883164923005,0.05099186757462615,0.05341743578382152,0.2516990468211364,0.1242698747771196,0.22962623551744454,0.22962623551744454,0.22222222222222232,0.20987654320987637,0.28367593498946175,-0.2114210943314686,-7.870022013207925,-2.047717869573783,0.40584694754944106,0.1491803278688526,-0.01327231121281458,0.05702647657841142,0.1906705539358602,0.09850746268656718,0.07396449704142016,0.0652173913043479,0.13745424969499798,0.027989821882951516,0.032258064516129004,0.00367117765620506
2005-03-31,0.06287737318457087,0.05723883164923005,0.0639937463733562,0.05341743578382152,0.06000307857437037,0.04945175138771152,0.04378493478839496,0.04378493478839496,-0.018181818181818188,-0.346938775510204,-1.0359804898155462,-1.4933977975405768,-1.0086732984750724,-0.3807374720021396,0.17877181236390838,0.21382152480583283,-0.03293135435992589,0.032755298651252485,0.045053868756121274,0.01902173913043481,0.11157024793388426,0.061224489795918435,-0.0025026814444047973,0.015470297029702929,0.03125,0.00367117765620506
2005-06-30,-0.05476860314141829,0.05723883164923005,-0.10805699855188522,0.05341743578382152,0.08294805476842737,-0.3664354958014333,-0.04139572442517747,-0.04139572442517747,-0.03703703703703709,0.453125,-3.361527446300716,-2.8749637473234726,-2.850125944584383,-1.2148024184841286,-0.2188516042274522,0.16192217289109445,-0.03788968824940042,0.05597014925373123,0.05857544517338331,0.11199999999999988,0.15200330441966137,0.05769230769230771,0.1455197132616488,0.11700182815356497,-0.06060606060606066,0.00367117765620506
2005-09-30,0.05149033317403129,0.05723883164923005,0.031418790774402794,0.05341743578382152,0.0942135608317447,0.06557669196638694,0.0732520505431169,0.0732520505431169,0.03846153846153855,0.06451612903225801,6.091199417876056,-0.697871654198933,0.08146131154980707,-1.6056798190500126,0.02525910893514771,0.22364576309282969,-0.04137587238285145,0.028268551236749095,0.054891544931385594,0.155875299760192,0.16170670491215478,0.06545454545454543,0.04067584480600761,0.12384069830878341,-0.09677419354838701,0.00367117765620506
2005-12-31,0.15509403627976637,-0.5869980933395194,-0.34594479883888973,-0.6051638973556117,1.075822389968955,0.47728715147044953,5.28162695396411,5.28162695396411,4.768518518518518,4.858585858585858,0.0,0.0,0.0,12.546265560165976,0.33373670564512525,0.03930933137398962,0.7607904316172647,1.274914089347079,0.9110365086026018,-0.014522821576763545,-0.01327160493827162,0.06143344709897591,0.7973541791942274,1.3631067961165049,-0.0357142857142857,0.04597288962203239
2006-03-31,-0.014187032208592187,-0.19423511609104216,-0.03184307910095674,-0.11718366235067956,0.03712919820688354,0.5270911436902477,-0.8026392109461622,-0.8026392109461622,-0.8507223113964687,-0.9551724137931035,-2.4001482199355815,-3.962277510293893,-10.313260595887536,-1.0776155177430966,-0.01942148483196504,0.1267232237539766,-0.1901949202598937,-0.0030211480362536403,-0.010320597277118981,-0.41052631578947374,-0.5229903034094463,0.05787781350482324,0.05202408832385408,-0.11154478225143794,0.14814814814814814,-0.08728743828853536
2006-06-30,-0.0031485118500530485,-0.008621212555795732,-0.0708877427532475,-0.15102340480664156,0.03682696206365832,-0.013238619244992922,0.03985898409905775,0.03985898409905775,0.19354838709677424,3.153846153846154,-1.5551551869449975,-1.050249500814509,-0.08556559352963711,-5.172167135316462,0.08263456671910263,-0.1390588235294118,-0.14551422319474827,-0.005303030303030365,0.02618149545151982,-0.12857142857142856,-0.09770491803278691,0.054711246200607855,0.04006996342820801,-0.15421965317919073,0.16129032258064502,0.1677559912854032
2006-09-30,0.00033742393807711935,-0.030309296735527846,-0.04304094938245928,-0.1417877272073812,0.023277165926036902,-0.007257613993180589,-0.07920658826545324,-0.07920658826545324,-0.08108108108108114,-0.07407407407407418,1.3974697469746973,29.333626051957555,-0.804873241518638,-2.1213848227587677,-0.08559226889906901,-0.1628860344356381,-0.1306017925736236,-0.011424219345011477,0.021189189189189106,-0.18442622950819676,-0.17877906976744184,0.060518731988472574,0.02293227335269843,-0.1317659923455441,0.13888888888888884,0.12988934637159022
2006-12-31,0.028004501780337643,0.12753094656276476,0.029614120224147777,0.0513696511959536,0.027208455572621304,0.09924273662661243,0.21546396057796713,0.21546396057796713,0.2058823529411764,0.20999999999999996,-0.3739029351932578,-0.8556484901413479,10.149621212121213,-1.6200864614086883,0.05804260543779938,0.0353683752312548,-0.4992636229749632,-0.48536209553158705,0.02646622909167906,0.010050251256281229,0.03451327433628304,0.057065217391304435,-0.0007472724555374066,-0.5377833753148614,0.12195121951219523,0.07242498434208278
2007-03-31,0.0071705346488804,0.037427534282942876,-0.030845888891771756,0.07204072911721715,0.026015810533339234,0.0077883585928348875,-0.012363069981045971,-0.012363069981045971,-0.2195121951219512,-0.2892561983471075,0.1606992788320598,-0.09594718810060998,-0.17765698431572396,0.8977367409750208,0.10410694646426855,0.06853058650409927,0.006862745098039191,0.026946107784431073,0.023927392739274023,0.044776119402985204,1.4499572284003421,0.05398457583547556,0.018695782231528568,0.014305177111716638,0.0,-0.03228032917440937
2007-06-30,0.008506231670027509,0.03142411876695328,-0.04481752844761899,-0.10536400365531784,0.03347463651247651,0.05620175915683778,0.10750026090889064,0.10750026090889064,0.3958333333333335,0.5348837209302326,-0.6568080216199833,-0.1950308721854549,-0.5482325075395569,-0.932762266585427,0.006339888663309257,-0.020361990950226172,0.02629016553067176,0.04373177842565612,0.025785656728444906,-0.04285714285714304,-0.16201117318435754,0.05853658536585371,0.02466598150051369,0.014775016789791762,0.021739130434782483,0.15290503099797004
2007-09-30,0.04075061123129364,0.08173326014388693,0.10521163664900501,0.5758512613124533,0.012853851451616327,-0.027875532352433896,-0.0709420726120985,-0.0709420726120985,-0.0671641791044777,-0.06818181818181823,4.05541654400942,0.391534999081389,4.091355239895141,24.104211087420044,0.15815521680836797,-0.09689727884325738,0.02371916508538896,0.027932960893854775,0.01688923802042419,-0.11940298507462677,-0.1462500000000001,0.055299539170506895,-0.02679466972345601,0.01786896095301116,0.02127659574468077,-0.31355286951556105
2007-12-31,0.04766407853898813,0.1592671045540437,0.09097546900581466,0.16526243120057127,0.0272110631802438,0.012191741210610063,-0.12893882702970738,-0.12893882702970738,-0.1279999999999999,-0.13008130081300806,-0.8820889076519199,10.362088029970458,-3.6799858705478754,-2.0061099255767534,-0.1373922347396127,-0.12964198354458523,-0.051899907321594,-0.052989130434782594,0.022788721514098054,-0.14689265536723162,-0.17325524646168855,0.05240174672489095,-0.019434628975265156,-0.03901170351105332,-0.02083333333333337,-0.005129982668977351
2008-03-31,0.1201498740555349,0.5148396515878371,0.4768338712169209,0.27093558349807023,-0.058743452579486766,-0.099036442269122,-2.652527461153304,-2.652527461153304,-2.8348623853211006,-2.869158878504673,7.685233960245277,0.6425210940892974,1.1732591649353261,-2.443463671234033,0.22990831701639536,-0.18995912110373026,-0.6158357771260997,-0.6355810616929698,-0.10158610271903323,-0.20529801324503316,-0.16469893742621022,0.04979253112033177,-0.15975975975975965,-0.6096075778078485,-0.06382978723404253,0.19190300327503307
2008-06-30,0.09213622722299397,0.23367882038998222,0.22795938999383658,0.0013064680572392184,-0.014746613663644603,-0.014116242939306356,-0.8775773044536918,-0.8775773044536918,-0.89,-0.89,-1.1416752549841855,-0.8551557947144316,0.10534366211082058,2.1156829346745423,0.5824185510066591,-0.1414603374862009,-0.8295165394402035,-0.8425196850393701,-0.01996637242538868,-0.050000000000000044,1.3745583038869258,0.04743083003952564,-0.09774839170836302,-0.8249566724436742,-0.11363636363636365,0.23203741596024563
2008-09-30,-0.03656950319325569,-0.0735741421516688,-0.04743240427524387,-0.11853296323111773,-0.025915421011569628,-0.08338843923945316,2.31759025357337,2.31759025357337,2.3636363636363638,2.3636363636363638,7.848325222829812,-4.131056461854058,-1.4255293426182187,-1.5624500675151718,-0.2070130896325706,-0.3168626010286554,-6.313432835820895,-5.95,-0.031095861033669348,-0.29824561403508765,12.835714285714285,0.04528301886792452,0.010893246187363648,0.0,-0.07692307692307698,0.051010724115023276
2008-12-31,-0.18569087952030328,-0.21597538336057687,-0.12776411687822598,-0.1603850800306218,-0.2412491363476832,-0.25477649650101386,13.340324430607899,13.340324430607899,13.256756756756758,13.256756756756758,-2.829657110566392,-3.3759305985079227,-0.94422274187556,-0.4291131398965028,-0.14903279133056946,-0.3301962893250874,7.679775280898877,7.015151515151516,-0.24634794156706508,-0.3125,0.0,0.04332129963898912,-0.06818181818181812,0.0,-0.11111111111111105,-0.0661880897557453
2009-03-31,-0.080408744318748,-0.3189936474207785,-0.08438799752268678,-0.36889966671494034,-0.07602135999903759,-0.14274821247020786,-0.7815055957597107,-0.7815055957597107,-0.7829383886255924,-0.7829383886255924,-0.9393705260765822,-0.818232925200886,10.404200297782305,0.7476890925166788,-0.3060787550709615,-0.2794058610999599,0.13818770226537214,0.09514807813484571,-0.07782672540381785,-0.036363636363636376,0.0,0.04152249134948094,0.0048359966358284545,0.0,-0.0625,0.07905042788763716
2009-06-30,-0.02968034472245129,-0.07757781650402695,-0.11490428050678081,-0.22394206025165608,0.05521141988161582,-0.0066865302141406735,-1.1539739326506318,-1.1539739326506318,-1.1528384279475983,-1.1528384279475983,7.569902548725636,-0.8792481454223651,-0.8931175229679308,-1.950820117655421,0.4193931804727453,0.177158774373259,0.044355985214671545,0.04890678941311832,0.04936305732484092,0.26415094339622636,0.0,0.004983388704318914,0.08746599707051694,0.0,-0.06666666666666654,0.18859216775696752
2009-09-30,0.016800901921159683,0.024176493291911294,-0.20407335597211662,0.070754716981132,0.2190768261951339,0.07635495299175976,-0.08550765173612496,-0.08550765173612496,-0.1428571428571428,-0.1428571428571428,-0.6929599080750428,-0.2594974573736165,3.332508277347391,-0.980625344915912,0.005724698644509418,0.30477993374349266,-0.0511843179961885,-0.0005485463521667233,0.0779969650986343,0.25373134328358193,0.0,0.0049586776859504855,0.19896093900327094,0.0,0.0,-0.04350284615674582
2009-12-31,-0.01042683794058974,0.12259373071551072,-0.041026082264497665,0.5104270967378337,0.00964108026869015,0.046345181664989576,-0.018613186525101577,-0.018613186525101577,-0.06666666666666654,-0.06666666666666654,-0.5160864244692354,8.018481114926278,-0.8683706781421576,-14.68338629142079,-0.07788738116938942,0.10047152702212547,-0.8975609756097561,-0.889681668496158,0.008727477477477263,0.011904761904761862,0.0,0.00493421052631593,0.020221473278767554,0.0,0.0,-0.2567690064241517
2010-03-31,-0.05351739854693449,-0.15609226066324922,-0.16591188212343755,-0.3499222037180528,0.009733446814159441,-0.027602577341237056,0.41594319041894834,0.41594319041894834,0.4285714285714286,0.357142857142857,8.30602496688476,-0.7114366020537284,30.739473535877345,-1.6696578148584318,0.05656347436724585,-0.07778510217534607,-2.0392156862745097,-2.129353233830846,-0.003070053028188635,-0.08235294117647052,0.0,0.004909983633387682,0.06685543495359436,6.683168316831684,0.03571428571428559,0.2981758404920989
2010-06-30,-0.03275022809564887,-0.21073670669825006,-0.013223405690615198,-0.2318638165981891,-0.04214902997813663,0.0040883500640434,-0.2464508623264735,-0.2464508623264735,-0.2500000000000001,-0.21052631578947367,-0.9631068994123846,-0.5010671737358843,-0.4265623612566375,-5.046070393579868,-0.24471067941854108,0.11115082201572557,-0.05121293800539084,0.013215859030836885,0.012877939529675198,0.11538461538461542,-0.9489545689210118,0.006514657980456029,-0.00973164258330883,-0.03350515463917536,0.06896551724137945,0.027490707078959176
2010-09-30,0.023037564168270075,0.10675647576045622,0.034087961255601096,0.10386873813007869,0.01762594627362235,0.0009330060148480257,0.571738540819094,0.571738540819094,0.6666666666666667,0.6666666666666667,4.298947778643804,-1.5751730574784164,-0.9549732577261479,-1.4429544786718251,0.12703391199314606,-0.09971051785139917,0.15056818181818188,0.16521739130434798,0.02874516307352115,-0.11494252873563215,-0.06405394016013488,0.009708737864077666,-0.00536033353186427,0.14000000000000012,0.0,0.0026238371630753488
2010-12-31,0.005296267400320298,0.027754777404851216,-0.008665687771517439,-0.013948886424430151,0.011964784066108791,0.06984946517011115,-0.18205349439171703,-0.18205349439171703,-0.18000000000000005,-0.18000000000000005,-0.7560803406608763,-1.3273833671399595,2.798060389297751,-1.15455896071589,-0.01742115228690111,0.20400142908181507,0.07160493827160486,0.08955223880597019,0.016926383664696454,0.18181818181818188,0.03917154434939207,0.009615384615384581,0.006736526946107935,0.05964912280701751,0.032258064516129004,0.04230769230769238
2011-03-31,0.016229196214638586,0.0648700596644376,0.04560579609630788,0.10864458847960279,0.001410558642309434,-0.011771256967453847,0.12036676403765001,0.12036676403765001,0.04878048780487809,0.04878048780487809,5.553186998733643,4.928335398595622,0.37287214777254607,-6.114051951535744,0.09067229368735785,0.03115727002967361,0.025345622119815614,0.020547945205479534,0.024834874504623405,0.01098901098901095,-0.05285961871750433,0.006349206349206327,-0.014572490706319718,0.0066225165562914245,0.03125,-0.03948719899570119
2011-06-30,-0.013185486593790596,-0.027015527132834838,-0.03520198851295908,-0.05533183621404958,-0.004156742428233495,0.005155376140616452,-0.13159610064168492,-0.13159610064168492,-0.06976744186046502,-0.06976744186046502,-1.3492037930828231,-1.2822853161470127,0.5592929692652684,-2.572736174007309,-0.13074834401468693,-0.011798561151079023,0.040449438202247334,0.03691275167785246,0.005671564836297938,-0.03260869565217395,-0.042086001829826136,0.012618296529968376,0.009053870529651453,0.0317982456140351,0.0,0.02998138540140194
2011-09-30,-0.03884479584403011,-0.11574984845372382,-0.050299958800107625,-0.10376716406822695,-0.03317921939970048,-0.06583527167455949,-0.05484387510008004,-0.05484387510008004,-0.025000000000000022,-0.025000000000000022,-4.215752928310737,-1.6222386770331976,1.704365112934608,-0.43093068888654185,-0.08559646627687356,-0.14938846825859065,-0.06479481641468687,-0.06148867313915851,0.018969495001281755,-0.1573033707865169,-0.1981852913085006,0.012461059190031154,0.0059817556452819165,-0.06907545164718387,0.0,-0.013381527339844768
2011-12-31,0.013550185376241641,0.060155644648284046,0.03291840119437839,0.09820532855176856,0.0074220575955989965,-0.06406805822387618,-0.5035295778624876,-0.5035295778624876,-0.4871794871794871,-0.4871794871794871,-0.32185966091139284,-1.0384767949226497,-0.9125321021136563,-2.3572649572649573,0.12705231318418053,-0.10681273536460123,-0.1293302540415705,-0.13103448275862073,0.007798742138364734,-0.12,-0.046456223942823005,0.012307692307692353,-0.006094841682770857,-0.10502283105022836,-0.030303030303030276,-0.034648062982305605
2012-03-31,0.022062314196215516,0.10138621386249702,0.039759601409549594,0.08307341903660403,0.014350438058293058,0.03447170395133492,1.704002559363003,1.704002559363003,1.7000000000000002,1.7000000000000002,-0.014633468470373612,-5.768041237113402,-0.43047707603175733,0.07714285714285718,0.12142603322748613,0.020314296665389087,0.03713527851458909,0.03571428571428581,0.0037443834248627184,0.0,0.17114303560274813,0.012158054711246313,-0.007478312892611472,0.05739795918367352,0.0,0.016916306673664616
2012-06-30,-0.08844815069917333,-0.31686463552274924,-0.18683622796184873,-0.48019742114529684,-0.03890957852961918,-0.027596744327318734,-1.1243344857957907,-1.1243344857957907,-1.1296296296296295,-1.1296296296296295,-2.714033441863032,12.646486486486486,19.775384615384617,-5.171732289251615,-0.45170781537232785,-0.045454545454545525,-0.30434782608695665,-0.29501915708812265,0.004725192738124884,-0.045454545454545525,-0.11413333333333331,0.016516516516516422,0.05424954792043413,-0.2907117008443909,-0.03125,0.3142369382245511
2012-09-30,0.009730982418659107,0.09068103389743687,0.03262871507874454,0.1815801614308754,2.0159849277723296e-05,0.015226132565499428,-9.542715161767816,-9.542715161767816,-9.571428571428571,-9.571428571428571,-1.8680725477570292,-1.0380258258734056,-0.6806297756069253,-1.2243573214345773,0.18483567406093804,-0.00708382526564344,0.16176470588235303,0.1684782608695652,0.02549504950495063,-0.015873015873015928,0.43287176399759186,0.01624815361890697,-0.009576901086335132,0.17176870748299322,0.0,-0.0769416669184061
2012-12-31,-0.09648872956973797,-0.0009146707731289005,-0.09252769259653293,-0.13518289244035686,-0.09863300650600204,0.05248362083102309,-8.44183571172197,-8.44183571172197,-8.833333333333334,-8.833333333333334,-0.47846996427114374,55.38125,0.35693667603607704,-0.9446189429199623,0.008639506084849424,0.0007927070947284509,-3.670886075949367,-3.6930232558139537,-0.07941105479121413,-0.016129032258064502,-0.16470588235294126,0.015988372093023395,-0.002309135517390537,0.0,0.06451612903225823,0.1552559235502029
2013-03-31,0.021728558859658298,0.06191404061576811,0.11734078135236725,0.35533487556362475,-0.020323651889297745,-0.00910669238759465,-1.0485698794900196,-1.0485698794900196,-1.048936170212766,-1.048936170212766,0.6882462170597763,-1.9586150833240956,0.08808882813262842,2.520237174529518,0.030152606859028097,0.14891089108910904,0.14928909952606628,0.15025906735751304,0.008390141583639155,0.24590163934426235,0.0,0.01573676680972813,-0.04122667438159999,0.0,0.06060606060606055,-0.2164872521246458
2013-06-30,-0.04849002566832561,-0.14003876755014,-0.11497140270748463,-0.21761764982219778,-0.015059924027950644,0.003974463993961841,0.6372757156553897,0.6372757156553897,0.6521739130434783,0.6521739130434783,-1.3641507844385368,-2.503141502524766,0.3736026357622686,-10.731087513731234,-0.284829309908728,0.1430541192692174,-0.08247422680412375,-0.08708708708708712,0.00026001040041601087,0.13157894736842102,0.0,0.018309859154929775,0.035153892576946344,0.0,0.028571428571428692,0.09913948947863194
2013-09-30,-0.0009534267995190415,0.03608720685952593,-0.009456107602219599,0.11840130131714699,0.0032624725888457107,-0.0008427590589140666,0.8046219805500365,0.8046219805500365,0.8421052631578947,0.8421052631578947,-3.2880865776383943,-0.5425428249051185,-0.2848669811893062,-1.1677328075377413,0.06680254166167132,-0.0030156815440287588,0.022471910112359605,0.021381578947368363,0.02599428125812331,0.0,0.0,0.017980636237897585,0.004226789097799166,0.0,0.05555555555555558,-0.07358552631578952
2013-12-31,0.013756918941000285,0.08906751854333717,0.05037159488694454,0.18677989815673457,-0.0030592678003977802,0.07500164215378913,-0.052776747635824184,-0.052776747635824184,-0.02857142857142847,-0.042857142857142705,0.20849904505111794,-1.3128538595212735,-0.28038865107538113,1.0971374730796843,0.1313215032253714,0.1575922565033272,-1.5648351648351648,-1.5619967793880836,0.009627565239422431,0.12790697674418605,0.0,0.017663043478260754,-0.01654571843251096,0.3033381712626997,0.026315789473684292,-0.08234208003408727
2014-03-31,0.015091011839482693,0.12895813475361262,0.046301273758694084,0.1257981734884397,-0.004630581557223734,-0.05373757797614753,-0.1564465216433798,-0.1564465216433798,-0.1470588235294119,-0.1343283582089554,-0.4330589345393865,-16.476258734993728,0.46220948684699725,-0.4364262638796774,0.065418495091502,0.1640972040762998,0.16731517509727611,0.1690544412607451,0.01505646173149322,0.15463917525773208,0.13179074446680095,0.01735647530040052,-0.01948051948051943,0.15701559020044553,0.0,0.002824640148583857
2014-06-30,0.04733068226576975,0.16327512482480833,0.15388764632298968,0.38170947768327346,-0.005411109728314267,0.01832267873600668,0.04700712141209906,0.04700712141209906,0.06896551724137945,0.051724137931034475,-1.0641469213741084,-1.3259120326954026,-3.837997903888968,7.073950345455925,0.49575418812105054,0.06666666666666687,0.08833333333333337,0.06372549019607843,0.0029666254635352107,0.044642857142856984,-0.09377777777777774,0.0209973753280841,-0.05042143287176393,0.07603464870067356,0.0,-0.15812015279546232
2014-09-30,-0.09303277929154585,-0.2673671540998306,-0.2139354194934795,-0.4871157869504601,-0.02455099402914307,0.01443186944159014,-0.932163240427772,-0.932163240427772,-0.935483870967742,-0.9344262295081968,-18.822724948875255,-1.0008170515097692,-2.6338570460852653,-2.467943051663501,-0.4865364386507609,0.02777777777777768,-0.25574272588055136,-0.25806451612903225,-0.00985950209514419,0.025641025641025772,-0.06424717999019136,0.020565552699228773,0.07560627674750342,-0.27191413237924866,0.025641025641025772,0.42847976534213283
2014-12-31,0.04266419463297888,-0.00030210780838424434,0.1439405140046539,0.22189727843348828,-0.009412082449693937,0.021436435832048906,14.731264039207678,14.731264039207678,15.75,15.75,0.788705224281975,-6629.347826086957,-0.8939778146908796,-1.0098427971096193,0.009326619866641073,0.05384930384930375,-0.010288065843621408,-0.021739130434782594,0.003485187951207447,0.06666666666666665,0.41981132075471717,0.02015113350125941,-0.04995579133510153,-0.020884520884520974,-0.025000000000000022,-0.18185318275154005
2015-03-31,0.004365468684112361,0.05992200174922546,0.046948870834832235,0.14614249895587395,-0.012276887473720688,-0.023140987838394134,0.07688613115945797,0.07688613115945797,0.13432835820895517,0.11940298507462677,-0.2499939861922975,-0.8198514942408102,0.7372497571682666,-0.27888057273023104,0.006663459225402901,0.08160093258208678,0.07692307692307687,0.06349206349206349,0.0037211610022327424,0.078125,0.08157991878922122,0.01975308641975304,-0.016596866759733264,0.05520702634880803,0.025641025641025772,-0.0752156862745097
2015-06-30,-0.034575882844968264,-0.12827810107516258,-0.114755484054607,-0.36868839304775436,0.008317909358534381,0.008975633092521251,0.13969551224098642,0.13969551224098642,0.11842105263157898,0.11999999999999988,-0.985727344163446,-1.2480702009903875,-0.1610258718967157,-32.43253610108303,-0.20806300332162397,-0.04544638045626015,0.10424710424710426,0.11940298507462677,0.018783984181907964,-0.05072463768115931,-0.12389078498293515,0.02421307506053272,0.04447949526813888,0.08799048751486338,0.02499999999999991,0.38079891442625735
2015-09-30,0.0071113253486256855,0.05375176068947396,0.04010092069482685,0.15919020188592703,-0.014305628713066176,-0.05018556410075492,-0.31972119981385116,-0.31972119981385116,-0.3176470588235294,-0.30952380952380953,54.819475655430715,-0.8191692352854836,-0.24463177573328954,-1.6366566409923264,0.16726670601969285,-0.12288295069627397,0.2377622377622377,0.22133333333333338,0.0038816108685104656,-0.13740458015267187,-0.21036229061160894,0.02364066193853409,-0.02129266082754455,0.24371584699453552,-0.024390243902438935,-0.09096492844419879
2015-12-31,-0.005740224491178614,-0.002672836639215248,0.02251188426119466,0.15443140266137312,-0.03864397030361999,-0.020099957509144395,-3.155288483962748,-3.155288483962748,-3.2586206896551726,-3.2586206896551726,0.03788295602463809,-175.32142857142858,-1.1027544800403317,-1.6253438867090606,-0.08961037911897052,-0.09611671315168413,-0.67090395480226,-0.6746724890829694,-0.03842435959400681,-0.09734513274336276,-0.26837691169215583,0.023094688221708903,-0.03317389291775952,-0.6695957820738137,0.0,-0.13608108108108108
2016-03-31,0.0997259183446364,0.3545544947498922,0.2982484126304712,0.22217316732769743,-0.016730385132093573,-0.06065586446660409,-0.6165870760174859,-0.6165870760174859,-0.6946564885496183,-0.6946564885496183,-0.042829251894184295,-0.8237600342701756,72.55274308652989,-14.804770748066279,1.3588146349774255,-0.2297650130548302,-1.3218884120171674,-1.3154362416107381,0.004775069112842312,-0.1960784313725491,1.5441672285906942,0.02257336343115135,-0.10580912863070546,0.0,-0.050000000000000044,0.10832160175191619
2016-06-30,0.10320491630416595,-0.2862777175899993,0.11179692083620685,0.32625158486750094,-0.02830003965764838,0.13011681039978962,-1.6293766815299806,-1.6293766815299806,-1.775,-1.775,-2.1209720449280356,25.6265785997358,-0.49216292386082305,-2.0950612156404853,-0.6308190495107311,-0.023728813559322104,1.9466666666666668,1.7021276595744679,-0.011755877938969483,-0.03658536585365846,0.0,0.024282560706401668,-0.11922184543994296,0.0,-0.052631578947368474,-0.46185872556629737
2016-09-30,-0.005067501804656427,-0.02399256543573791,0.011338765286227792,-0.38953652459298405,-0.008492743237642153,0.06884805724364962,0.9861592729881621,0.9861592729881621,1.032258064516129,1.032258064516129,-2.8306260167500152,-0.9822150075013693,-1.6137829124126815,-1.0956302076003235,0.16340322159906084,-0.010101010101010055,0.0,-0.06299212598425186,0.017210832700582213,0.0,0.0,0.0237068965517242,-0.0034447821681863333,0.0,-0.02777777777777779,0.5988067138735904
2016-12-31,0.00064473532778897,0.06412972561746311,0.019039075102706082,0.09690245030050848,-0.02021432440614679,-0.04426820957547739,-0.22579431375205072,-0.22579431375205072,-0.2063492063492064,-0.2063492063492064,-0.31177734844270955,-1.6022093282749386,-0.510454512292989,0.47964579695684706,0.2078203717847209,-0.004145408163265252,-2.0859728506787327,-2.0168067226890756,0.015675541179397845,-0.012658227848101222,0.0,0.023157894736842266,-0.020943472956486464,-0.06117021276595758,-0.02857142857142847,-0.02985441870002048
2017-03-31,0.0036977570596734566,0.019072683320267902,0.011022380226640482,0.08298176670426516,0.0014803320489373828,0.011024256159811952,0.47600069985808435,0.47600069985808435,0.54,0.52,-0.07790934567818575,-1.4371873262923847,0.4465440672409169,-0.627412801969015,0.06410821660725219,0.10822926673070765,1.35,1.272727272727273,0.017883390494855433,0.08974358974358965,-0.11794328120858721,0.02263374485596703,-0.0020768431983385627,1.2294617563739378,0.02941176470588225,-0.05901001817643814
2017-06-30,-0.028464920031144425,-0.10886434110893484,-0.06275713451531328,-0.2755208571425042,-0.004228073989537506,0.09779208602650158,-0.32932932932932935,-0.32932932932932935,-0.3246753246753247,-0.3157894736842105,-1.5890742748079725,-0.047891502436956945,-0.15146395236231014,-6.4839716761305795,-0.3303871153277389,0.10026004045073678,0.0851063829787233,0.08363636363636373,0.01997593261131181,0.08235294117647074,-0.47986778846153855,0.028169014084507227,0.024973985431841816,0.043202033036848775,0.028571428571428692,0.2299986523516464
2017-09-30,0.017535197094666888,0.0909036553913456,0.037695977399181624,0.19208232148216875,-9.101149316326218e-05,-0.03212729989091023,0.4859387274155538,0.4859387274155538,0.5,0.5,-3.5473586899101957,1.367905630981527,-0.07222411085749436,-1.672143658625128,0.3316357996421746,0.013655462184874123,0.044117647058823595,0.04026845637583887,0.01793298725814063,-0.010869565217391353,-0.07452339688041587,0.02739726027397249,-0.017461928934010107,0.030450669914737993,0.0277777777777779,-0.08487637412804505
2017-12-31,-0.014702772746323811,0.055494657321832674,0.0032186654044001894,0.33414017950896824,-0.040426900403436994,0.03221498871590378,0.9721664199619371,0.9721664199619371,1.0384615384615383,1.0256410256410255,-0.594499687207297,-0.6783532286869067,-0.17323748287865437,-0.8398851061479258,0.03987564082575967,0.030829015544041383,0.40062597809076683,0.39032258064516134,0.04357904496986564,0.01098901098901095,-0.029962546816479474,0.026666666666666616,-0.02603843769373837,0.35106382978723416,0.027027027027026973,-0.20884383605379742
2018-03-31,0.009580979511752519,0.04306891437386606,0.015405661064642695,0.053028775836703845,0.004880405882447203,-0.010135041420267554,-0.9378844942434762,-0.9378844942434762,-0.9308176100628931,-0.9367088607594937,0.7035363909889791,4.966686148451198,0.36505708798514225,1.139221097822754,0.08203174379191025,0.05780346820809257,-0.1810055865921787,-0.18561484918793503,-0.0059973345179921145,0.010869565217391353,-0.2561132561132561,0.025974025974025983,-0.004667939741141436,-0.20559930008748906,0.026315789473684292,-0.009483454398708568
2018-06-30,-0.027757381937934866,-0.09832284267328772,-0.06874100887782664,-0.26651609605291826,0.000810322128540264,-0.0473178846751553,6.130219009601899,6.130219009601899,5.818181818181818,6.5,-1.5111976143777768,-0.2990988343618376,-0.767487882746732,-3.80642560206422,-0.16163721081874127,-0.10382513661202197,0.06275579809004084,0.056980056980056926,0.0008938547486032622,-0.09677419354838723,0.09515570934256057,0.030741410488245968,0.02941803453421432,0.06828193832599116,-0.02564102564102566,0.22932369117946627
2018-09-30,-0.006297184251652155,-0.014786246432839656,0.003373632339681798,0.34650956807605593,0.014217359407070473,0.014068631711246837,0.10157361174156443,0.10157361174156443,0.09333333333333327,0.09333333333333327,-3.834178330233924,-0.5160366151911118,7.48570383669127,-1.1462894503291385,0.03712585717433847,-0.13838812301166492,-0.005134788189987138,0.0,0.013395847287341,-0.13095238095238093,-0.20063191153238558,0.029824561403508865,0.02070822116380211,-0.006185567010309367,0.026315789473684292,-0.2683209743568499
2018-12-31,-0.024594328727803094,0.11555291442020987,0.005681998825448398,0.11482956613366024,-0.06613529744680535,-0.07133844127384703,-3.9791080037910525,-3.9791080037910525,-4.109756097560975,-4.109756097560975,-0.11388344015913365,-0.17831360092405424,-0.9064776106537947,8.82537534916201,0.351717662204557,-0.14984615384615385,-1.2335483870967743,-1.2345013477088949,-0.06631416611588448,-0.1643835616438356,-0.16007905138339917,0.028960817717206044,-0.04260499087035918,0.0,-0.02564102564102566,0.0006794247537085241
2019-03-31,0.014514198615966034,0.05695289107690238,0.01766338143181212,0.026323407143933997,0.009534951143236992,-0.01663585689499969,-1.2281684556084247,-1.2281684556084247,-1.2352941176470589,-1.2352941176470589,-0.5445007813991918,0.6821296784396416,-0.06376204440720568,-0.6196678201306864,0.09896263761666724,0.016286644951140072,-0.580110497237569,-0.5862068965517242,-0.002831524303917088,0.08196721311475419,0.0,0.0281456953642385,-0.004873913964822951,0.0,-0.02631578947368418,0.02981781147448226
