Quarter end,Assets,Current Assets,Liabilities,Current Liabilities,Shareholders equity,Revenue,Earnings,Earnings available for common stockholders,EPS basic,EPS diluted,Cash from operating activities,Cash from investing activities,Cash from financing activities,Cash change during period,Cash at end of period,Price,ROE,ROA,Book value of equity per share,P/B ratio,P/E ratio,Cumulative dividends per share,Equity to assets ratio,Net margin,Asset turnover,Current ratio
1994-12-31,-0.005041830572330874,-0.014859388431781917,-0.015297166262643103,-0.010470275066548407,0.01511666118961541,-0.006732813607370658,-1.3868613138686132,-1.4963503649635037,-1.5538461538461537,0.0,-0.6075268817204301,-0.44402985074626866,3.3181818181818183,1.1111111111111112,-0.19718309859154926,0.09785932721712531,0.17979610750695096,-0.1077199281867145,0.014550264550264647,0.08092485549132955,-0.135566809505259,inf,0.020334928229665206,0.2294520547945207,-0.023622047244094557,-0.00442875925541486
1995-03-31,-0.005041830572330874,-0.014859388431781917,-0.015297166262643103,-0.010470275066548407,0.01511666118961541,-0.006732813607370658,-1.3868613138686132,-1.4963503649635037,-1.5538461538461537,0.0,-0.6075268817204301,-0.44402985074626866,3.3181818181818183,1.1111111111111112,-0.19718309859154926,0.09785932721712531,0.17979610750695096,-0.1077199281867145,0.014550264550264647,0.08092485549132955,-0.135566809505259,inf,0.020334928229665206,0.2294520547945207,-0.023622047244094557,-0.00442875925541486
1995-06-30,0.017652299810669403,-0.02006980802792324,0.03701188455008486,0.07657819225251083,-0.019261897054062782,-0.006732813607370658,-1.3868613138686132,-1.4963503649635037,-1.5538461538461537,0.0,-0.6075268817204301,-0.44402985074626866,3.3181818181818183,1.1111111111111112,-0.5185185185185186,0.09785932721712531,0.17979610750695096,-0.1077199281867145,-0.022164276401564487,0.08092485549132955,-0.135566809505259,1.0588235294117645,-0.036342321219226315,0.2294520547945207,-0.023622047244094557,-0.08980329464099535
1995-09-30,0.004979480164158723,0.01933596234575763,-0.008595284872298659,-0.005663834749291996,0.03234857237167854,-0.009810916874776976,-6.415094339622642,-5.220588235294118,-4.972222222222222,1.0806451612903225,3.9315068493150687,0.261744966442953,0.5631578947368421,-0.5300751879699248,-0.5060728744939271,0.11002785515320346,0.17979610750695096,-0.1077199281867145,0.03866666666666663,0.1390374331550801,-0.135566809505259,0.48571428571428577,0.027676399026763887,0.2294520547945207,-0.023622047244094557,0.025124093165330263
1995-12-31,-0.03909397800283132,0.020466741544989286,-0.07398233011312028,-0.11358686547160324,0.02845723421262991,0.09025400828679508,0.08362369337979092,0.08362369337979092,0.013986013986013957,0.0,0.8694444444444445,-0.5,-0.8383838383838383,-5.248,4.352459016393443,0.11762860727728985,0.17979610750695096,-0.1077199281867145,0.03080872913992283,0.07511737089201875,-0.135566809505259,0.0,0.07043503995264877,0.2294520547945207,-0.023622047244094557,0.15129618593563765
1996-03-31,0.001926563916591073,-0.019200195670783904,-0.016852429781542555,-0.011718011718011678,0.03466500854966581,-0.15581625908790486,-0.12540192926045013,-0.12540192926045013,-0.06896551724137923,-0.054263565891472965,-1.2065378900445765,0.6595744680851063,3.208333333333333,-1.935969868173258,-0.7611026033690659,0.08055009823182702,0.17979610750695096,-0.1077199281867145,0.033001245330012585,0.048034934497816595,-0.135566809505259,0.3846153846153846,0.03290019353055018,0.2294520547945207,-0.023622047244094557,-0.007570365577483029
1996-06-30,0.7151905892998529,0.2765586034912719,1.1237076002176671,0.5909351692484222,0.03846153846153855,0.3850068506557056,0.09926470588235303,0.09926470588235303,0.11111111111111094,0.0901639344262295,-4.928057553956835,47.31410256410256,-36.76732673267327,-1.470824949698189,1.5,0.037402597402597326,0.41005498821681075,-0.1077199281867145,0.03375527426160341,0.004166666666666874,-0.135566809505259,0.2777777777777779,-0.39427194860813697,0.36768802228412234,-0.08870967741935487,-0.19761376972225853
1996-09-30,-0.0019453969928778791,-0.004395389724555554,-0.014349162965493711,-0.03305685779540812,0.0400752314814814,-0.006783493499152082,0.04013377926421402,0.04013377926421402,0.03333333333333344,0.037593984962405846,0.6501831501831501,-0.9746583521294945,-1.1075432525951556,-1.2863247863247862,-0.17179487179487174,0.051827741612418654,-0.015041782729804942,-0.1077199281867145,0.07988338192419842,0.016597510373443924,-0.28436232537178907,0.21739130434782616,0.04242156429518329,-0.03869653767820769,-0.07079646017699104,0.029657918257902205
1996-12-31,-0.0334335458720143,-0.02482095555773567,-0.02941941074523402,0.08204873197414231,-0.04632076783975514,0.09021058622652256,0.495176848874598,0.495176848874598,0.5612903225806452,0.5362318840579712,-0.6359600443951166,-0.24083769633507857,-0.3487773487773488,3.82089552238806,-1.0,0.08236134253749117,0.11142533936651589,0.008048289738430636,-0.04751619870410362,0.004081632653061051,0.06423173803526439,0.1785714285714286,-0.013988978380669814,0.06144067796610164,-0.04761904761904767,-0.09880050505050497
1997-03-31,0.0037597839833203306,0.0115694164989939,-0.005624748895138643,0.050206801470588314,0.03442240373395555,-0.1289480553380319,-0.3763440860215054,-0.3763440860215054,-0.38429752066115697,-0.3679245283018868,-0.6737804878048781,-2.4,-0.38735177865612647,-1.0,inf,-0.03848691444908736,-0.0020356234096692294,-0.08582834331337319,0.033446712018140534,0.008130081300812941,-0.1449704142011834,0.15151515151515138,0.03095442820292349,-0.041916167664670656,-0.050000000000000044,-0.03677758318739055
1997-06-30,0.001055606633295847,0.04932869219293878,-0.009292929292929242,0.03631987747511212,0.033558939650310204,0.03356308061132762,0.06206896551724128,0.06206896551724128,0.06711409395973167,0.04477611940298498,-2.3457943925233646,0.4926108374384237,-0.48709677419354835,inf,inf,0.04940530649588304,-0.00866904640489552,0.015283842794759916,0.029072956664838223,0.016129032258064502,0.02906574394463668,0.13157894736842102,0.03252710592160124,0.012499999999999956,0.010526315789473717,0.012545454545454415
1997-09-30,0.006088849581604272,0.02359965880011372,-0.006570599963748425,-0.0049614694394595205,0.04420190995907225,-0.04044650623369095,0.07467532467532467,0.07467532467532467,0.0691823899371069,0.07857142857142874,-2.861111111111111,-1.6501650165016502,-1.2452830188679245,inf,inf,0.1540976460331298,-0.0015432098765432167,0.019354838709677358,0.04264392324093791,0.11904761904761907,0.14122394082044387,0.11627906976744184,0.038368336025848215,0.02880658436214012,-0.01041666666666663,0.028730472257137762
1997-12-31,-0.04111302701423403,-0.06435185185185188,0.057565114263558925,-0.025143220878421357,-0.32375228638620335,0.19021000151080214,0.12084592145015116,0.12084592145015116,-5.623529411764706,-6.2052980132450335,2.6455223880597014,-0.37055837563451777,-25.692307692307693,-2.0,-1.0,-0.07195467422096324,-0.011334363730036157,-0.05907172995780585,-0.32055214723926384,-0.10992907801418439,-0.09074837949322334,0.10416666666666674,-0.29015947102294826,-0.07400000000000007,0.010526315789473717,-0.040233897713388034
1998-03-31,0.03578858291315545,0.10331519049975268,0.032564157860685894,0.0894547828925889,0.050231839258114475,-0.21084031480071086,-0.2749326145552561,-0.2749326145552561,-1.1832061068702289,-1.1806615776081424,-1.2282497441146367,-0.6290322580645161,-1.2793354101765317,-1.0,inf,0.0956450956450956,0.04585721730067749,-0.017937219730941756,0.04589917231000751,0.6135458167330679,0.0,0.09433962264150941,0.013698630136986356,0.0,-0.01041666666666663,0.012730744748567835
1998-06-30,0.0061614923747277395,0.013633509731814542,-0.004970760233918181,0.018479672360403487,0.05518763796909498,0.04873733311886763,0.07434944237918217,0.07434944237918217,0.06944444444444442,0.07042253521126773,-1.6412556053811658,2.760869565217391,-0.8884758364312267,inf,inf,0.007243684992570554,0.04833084205281524,-0.01598173515981738,0.05395683453237421,-0.03703703703703698,0.0,0.0862068965517242,0.04918918918918913,0.0,-0.021052631578947323,-0.004758911735655791
1998-09-30,0.00693575126027679,0.02769666401203441,-0.0028126443054448114,-0.007257748136524134,0.04741980474198049,-0.02622699386503069,0.10034602076124566,0.10034602076124566,0.09740259740259738,0.09868421052631571,4.503496503496503,-0.24277456647398843,-16.766666666666666,inf,inf,-0.09754748294302051,0.060361216730038025,-0.011600928074245953,0.045051194539249106,-0.14358974358974363,0.0,0.08333333333333326,0.040185471406491535,-0.002159827213822907,-0.010752688172043001,0.03518585348249714
1998-12-31,-0.0342046905449902,-0.08636128810056831,-0.048286604361370666,0.014325232167555768,0.021471371504660386,0.1308867538194991,-0.6069182389937107,-0.6069182389937107,-0.8047337278106509,-0.8023952095808383,0.6823379923761119,-0.1984732824427481,1.361522198731501,-0.4426229508196722,0.5573770491803278,-0.00122599100939913,-0.2303899596593456,-0.19953051643192488,0.01894186806009146,-0.04491017964071853,0.0,0.08058608058608074,0.05745418524021795,-0.17532467532467522,-0.03260869565217395,-0.09926791005752122
1999-03-31,-0.005148900640133625,-0.012345679012345734,-0.0028309815543857697,0.011980130515242937,-0.013687469447612788,-0.13816155988857937,-1.696,-1.696,-1.696969696969697,-1.696969696969697,-1.115558912386707,-1.4857142857142858,-0.8746642793196061,-3.372549019607843,-0.8491228070175438,-0.2060147299509002,-0.3721607454863133,-0.35190615835777117,-0.01602564102564108,-0.2194357366771159,-0.04536616979909258,0.07457627118644061,-0.008430913348946079,-0.35433070866141736,0.011235955056179803,-0.023996129656507215
1999-06-30,-0.0074835641348440785,-0.010305343511450404,-0.00585547620103799,-0.12675649663137634,-0.01354700148686605,0.002424046541693592,-0.5287356321839081,-0.5287356321839081,-0.5217391304347827,-0.5217391304347827,-0.8496732026143791,-3.784313725490196,-1.8714285714285714,-0.8223140495867769,-1.0,0.027570213862406545,-0.5166975881261595,-0.5067873303167421,-0.015635179153094425,0.04417670682730912,0.5974202308214529,0.06940063091482651,-0.006140765233821455,-0.5040650406504065,0.0,0.13333994250024794
1999-09-30,0.04143471214149819,-0.023428461241804865,0.045557984918120464,0.07285352143723145,0.025958800870875987,-0.007415766564565551,-6.2926829268292686,-6.2926829268292686,-6.181818181818182,-6.181818181818182,-25.304347826086957,9.380281690140846,6.5,-1.0,inf,-0.12086258776328984,-0.32437619961612285,-0.3211009174311926,0.023825281270681842,-0.10769230769230775,0.8062048448788779,0.06489675516224191,-0.014733840304182455,-0.319672131147541,-0.011111111111111072,-0.08974807557732678
1999-12-31,0.01535963191014278,0.05597788527988934,0.009346193240013623,-0.09471953975755087,0.038361083904668636,0.13399382816306638,0.3502304147465438,0.3502304147465438,0.35087719298245634,0.3333333333333335,0.2415026833631484,-0.9504748982360922,-1.1814207650273225,inf,inf,-0.2903593839132915,0.7698863636363635,0.7702702702702702,0.03296703296703285,-0.30603448275862055,0.04541176470588226,0.06094182825484773,0.022190062711046732,0.8072289156626504,-0.011235955056179803,0.16644243705554485
2000-03-31,-0.013627882180461182,-0.022157816005983544,-0.022113229884571428,-0.05844303222877889,0.01792171042288948,-0.20338012030936692,-0.8156996587030717,-0.8156996587030717,-0.8181818181818181,-0.8157894736842105,-0.3054755043227666,0.5616438356164384,0.7469879518072289,-0.8285714285714285,0.17142857142857149,-0.21985530546623788,0.346709470304976,0.3587786259541985,0.01251564455569465,-0.24844720496894412,-0.558631555255458,0.02872062663185382,0.032090608777725294,0.40000000000000013,-0.03409090909090917,0.03855659911023235
2000-06-30,0.00976252406850664,0.04952672339611808,0.01405223106191622,0.14872845606845853,-0.0055598455598455665,0.11686443725278672,-0.2222222222222222,-0.2222222222222222,-0.2142857142857143,-0.2142857142857143,1.315352697095436,0.0,-0.01379310344827589,8.179487179487179,1.3433395872420264,0.2138073158165894,0.13706793802145412,0.1460674157303372,-0.00988875154511748,0.20661157024793386,-0.11677715451300352,0.027918781725888353,-0.015089163237311354,0.15714285714285703,-0.0117647058823529,-0.08638743455497377
2000-09-30,0.07958651144118822,0.21508608909538118,0.07402038118790766,0.08456615255482114,0.0998602267432831,-0.04056664520283326,-17.761904761904763,-17.761904761904763,-16.81818181818182,-16.81818181818182,-0.8682795698924731,-6.324561403508772,-0.7727272727272727,-0.03770949720670391,0.5516413130504403,0.2236842105263157,-1.50104821802935,-1.5049019607843137,0.02621722846441954,0.23287671232876717,0.05369515011547343,0.02716049382716057,0.01903435468895065,0.0,-0.03571428571428559,0.12034383954154726
2000-12-31,-0.05955811719500481,-0.15587044534412953,-0.07939973798086464,-0.015671858372835468,0.011013837898898649,0.2743288590604027,-1.1264204545454546,-1.1264204545454546,-1.1206896551724137,-1.1206896551724137,0.8435374149659864,1.2784184514003294,31.10769230769231,-1.6284470246734397,-0.22342621259029927,0.17308359347901492,0.5983263598326358,0.650485436893204,0.007907542579075333,0.14444444444444438,0.0,0.026442307692307487,0.07471526195899769,0.0,0.024691358024691246,-0.14244749283112457
2001-03-31,0.005304952387228612,0.023447908339994772,0.002630557591961624,0.005503685503685407,0.013966480446927276,-0.34035549703752466,0.1797752808988764,0.1797752808988764,0.19047619047619047,0.19047619047619047,2.870848708487085,-1.0947216196673897,-0.9837086727359847,-3.0415704387990763,0.587375415282392,0.042282672974571334,-0.12303664921465962,-0.10588235294117654,0.00905250452625217,0.03398058252427183,0.0,0.025761124121779888,0.008902077151335286,0.0,-0.02409638554216853,0.01789426118391324
2001-06-30,-0.050540806293018714,-0.1305215655645231,-0.0727741935483871,-0.10976444140357733,0.02066115702479343,0.18982035928143715,0.37142857142857144,0.37142857142857144,0.3600000000000001,0.32000000000000006,-0.8589132507149666,0.1450381679389312,33.26470588235294,-2.3201357466063346,-0.4884889074926747,0.04737588652482283,-0.24477611940298516,-0.21052631578947367,0.01674641148325362,0.03755868544600949,0.0,0.02511415525114158,0.07478991596638673,0.0,-0.012345679012345734,-0.023350794637307937
2001-09-30,0.007905274785970695,0.048807266194230925,-0.00895259300491702,0.07784365393061043,0.056950067476383204,0.07096124811273286,0.47916666666666674,0.47916666666666674,0.47058823529411753,0.48484848484848486,5.736486486486487,-5.7,-0.03605150214592279,-1.4961439588688945,0.4738134206219313,0.10184182015167931,-2.4683794466403164,-2.5416666666666665,0.045882352941176485,0.08144796380090513,0.0,0.024498886414253684,0.04847537138389346,-0.09053497942386823,0.04999999999999982,-0.026909090909090994
2001-12-31,-0.05284789533171219,0.02569470879330038,-0.007208050549964873,-0.013038606498930405,-0.17734933605720127,0.03931704260651636,-8.07981220657277,-8.07981220657277,-8.0,-8.142857142857142,-1.370110330992979,-1.4042553191489362,-0.7907390917186109,-2.535405872193437,-0.49361465852304276,0.17232055063913476,-2.946164199192463,-2.9459459459459456,-0.18278965129358837,0.12133891213389125,1.0416438356164384,0.023913043478260843,-0.13124533929903048,0.0,-0.023809523809523836,0.039237668161435035
2002-03-31,0.00452014175164539,0.02644275375765459,-0.013813587289613904,-0.0020641965115079097,0.0648766102747167,-0.10082893745290133,-1.1445623342175066,-1.1445623342175066,-1.1428571428571428,-1.14,-2.1598915989159893,-0.7614035087719299,-1.4042553191489362,-1.5118110236220472,0.4989035087719298,0.10945690920528417,-0.09612724757952973,-0.08611111111111103,0.047487955953200434,0.3582089552238805,0.0,0.023354564755838636,0.060085836909871126,0.0,0.07317073170731714,0.028586839266451003
2002-06-30,0.019871125670470446,0.05387327126457553,0.0009083086337124957,0.04436860068259385,0.07768546859058456,0.05430774388199788,0.5550458715596329,0.5550458715596329,0.52,0.5306122448979591,1.616822429906542,1.5441176470588234,0.21052631578947367,1.3340659340659342,0.7768836869056328,0.21791721791721796,-0.2081101759755165,-0.20668693009118533,0.06767411300919846,0.16208791208791218,0.0,0.022821576763485396,0.05668016194331993,0.0,0.011363636363636465,0.009089320048942362
2002-09-30,0.02075465038297275,0.024701946993738844,0.013468978363662343,0.015745692216280416,0.04138490668109274,0.04006359300476947,-0.14454277286135697,-0.14454277286135697,-0.14473684210526316,-0.1466666666666666,0.0535714285714286,-0.3988439306358381,-1.1304347826086956,-0.0009416195856873921,0.4368052696582956,-0.05136561142147722,-0.10048309178743953,-0.09961685823754796,0.03876923076923067,-0.11111111111111127,0.0,0.022312373225152227,0.02030651340996159,0.0,0.011235955056179803,0.008834228304174685
2002-12-31,-0.1093053010131747,-0.11057169163806813,-0.06249116357981055,-0.042507555815540554,-0.23831168831168836,0.18923876490369906,-2.1965517241379313,-2.1965517241379313,-2.184615384615385,-2.203125,-1.3728813559322033,0.8653846153846154,6.866666666666666,-1.7087653157398681,-0.2154727793696275,-0.06608866350400788,-1.7722878625134264,-1.770212765957447,-0.23755924170616116,-0.10106382978723405,0.0,0.02182539682539697,-0.14494930529478023,-0.14932126696832582,0.06666666666666665,-0.0710851648351648
2003-03-31,-0.028845407252115818,-0.06888763410502541,-0.036042829135876975,-0.09245494348844319,-0.0044330775788575805,-0.09267352185089972,-1.7204610951008645,-1.7204610951008645,-1.7272727272727273,-1.7142857142857144,-2.2363636363636363,0.19587628865979378,7.135593220338983,-0.13829787234042556,-0.23666910153396636,-0.12769311613242262,0.1043115438108484,0.08839779005524839,0.007770007770007803,0.1449704142011834,0.20397208803005906,0.023300970873786353,0.025032938076416267,0.02127659574468077,0.0625,0.025970425138632125
2003-06-30,-0.008794723166100304,-0.031129977764301597,-0.02461410095953276,-0.05048805116122512,0.04315807501284463,0.09208103130755063,-0.03200000000000003,-0.03200000000000003,-0.0357142857142857,-0.018181818181818188,0.5533088235294117,0.771551724137931,-0.359375,-0.720679012345679,-0.08660287081339713,-0.04638554216867463,-0.1410579345088161,-0.15228426395939088,0.041634541249036205,-0.054263565891472854,-0.09518502006241636,0.022770398481973375,0.0526992287917738,-0.21875,0.08823529411764719,0.02035852625889545
2003-09-30,0.003428110506150439,0.013352806175672916,-0.006522668947818611,-0.017842372681082352,0.033984567394516496,0.04786613049682198,-0.10330578512396693,-0.10330578512396693,-0.09259259259259267,-0.11111111111111116,-0.6627218934911243,-0.5815085158150852,-0.6959349593495935,-0.5911602209944751,-0.038763750654793094,0.04337755316908809,-0.1187683284457477,-0.13772455089820357,0.03404885270170244,0.002732240437158362,0.2714954422271494,0.02226345083487935,0.03011803011803016,-0.21333333333333337,0.09909909909909898,0.031782466672552356
2003-12-31,0.05204983922829576,-0.0322215359275273,0.04504359057152074,0.06989894128970153,0.07272149888853607,0.11141371626640262,0.5852534562211982,0.5852534562211982,0.5714285714285714,0.6041666666666667,-0.5263157894736843,2.755813953488372,0.679144385026738,10.14864864864865,-0.44959128065395093,-0.028657921291624477,1.8053244592346092,1.9027777777777777,0.08160343593414443,-0.059945504087193346,0.16566556868823867,0.03992740471869349,0.019755037534571418,1.8050847457627115,0.032786885245901676,-0.09549071618037142
2004-03-31,0.024756446991404113,0.08041697691734928,0.01956846387558575,0.0010120319352300289,0.039668442865600895,-0.07028291378926266,-0.15406976744186052,-0.15406976744186052,-0.1428571428571428,-0.15584415584415579,6.866666666666666,-1.2275541795665634,-0.697452229299363,-2.3503030303030306,1.102970297029703,-0.01018076044047378,-0.008303677342823335,0.019138755980861344,0.03573792190602254,-0.08695652173913049,-0.6615691489361701,0.038394415357766,0.014722975590856446,-0.0030211480362536403,0.023809523809523725,0.07936808248983085
2004-06-30,-0.021735078104611727,-0.0529683961799744,-0.02995100762664782,-0.0860480790833521,0.0014236902050113187,0.0513957110339045,0.01718213058419238,0.01718213058419238,0.015151515151515138,0.01538461538461533,-0.3088512241054614,-1.9183673469387754,4.052631578947368,-0.8931777378815081,0.05602636534839922,0.03085642317380355,0.013157894736842257,0.035211267605633756,0.010223642172523917,-0.0031746031746030523,-0.011296660117878221,0.036974789915966255,0.023673157693776092,0.018181818181818077,0.015503875968992276,0.03619631901840492
2004-09-30,0.01539634146341462,0.0658072564715666,0.010309278350515427,0.05371189773844631,0.029286323571225514,-0.03851412944393806,0.03716216216216206,0.03716216216216206,0.02985074626865658,0.045454545454545414,0.41553133514986373,0.5703703703703704,-0.4854166666666667,3.8739495798319323,0.258582255907267,0.08979841172877223,0.04191263282172364,0.061224489795918435,0.03478810879190375,0.07961783439490455,0.03874813710879299,0.03565640194489461,0.01342782543826937,0.06547619047619047,-0.007633587786259555,0.01141842172037566
2004-12-31,-0.04090977330731116,-0.1267069840031213,-0.04488765203050915,-0.000816516971888448,-0.030248618784530334,0.18096705380421896,0.21172638436482094,0.21172638436482094,0.21739130434782616,0.2028985507246377,-0.9143407122232916,1.3962264150943398,4.441295546558704,-4.039655172413793,-0.6245129295076159,0.06464872944693556,0.013031161473087804,0.02777777777777768,-0.02689486552567233,0.026548672566371723,-0.016260162601625994,0.039123630672926346,0.011409642988590374,-0.005586592178770888,0.03846153846153855,-0.1259407927747116
2005-03-31,0.051811849416921074,0.1987043449123198,0.048777855716829466,0.06724258697174879,0.059820538384845356,-0.14821876567987957,-0.008064516129032251,-0.008064516129032251,0.0,0.0,16.39325842696629,-1.4960629921259843,-0.9010416666666666,-1.9455473624503687,1.572641509433962,0.0003510003510003301,0.04642058165548102,0.06029106029106024,0.05276381909547756,0.028735632183908066,-0.020904229460379176,0.03765060240963858,0.00727802037845704,0.0589887640449438,0.0,0.12313432835820892
2005-06-30,0.019160651834213782,0.041371598956392086,0.0036013788136028957,0.06639684970465987,0.05980378981319712,0.09507540056550434,0.24932249322493227,0.24932249322493227,0.22619047619047628,0.2289156626506026,-0.5497416020671835,-1.3373015873015874,1.0827067669172932,-0.7990401919616077,0.12284561789512294,0.08543859649122809,0.09032602886157126,0.11176470588235299,0.06026252983293534,0.030726256983240274,0.020357497517378365,0.036284470246734424,0.04010115606936426,0.10610079575596831,0.007407407407407307,-0.02342618621688375
2005-09-30,-0.0013142043587778263,-0.012437365783822485,0.005997846926744321,-0.022053543953226007,-0.019401470961197043,-0.01011296395911776,-0.07375271149674623,-0.07375271149674623,-0.058252427184466105,-0.05882352941176472,0.28120516499282644,0.9764705882352942,1.335740072202166,-0.7671641791044777,0.02547354670150237,0.010667528689187078,0.061764705882352944,0.07231040564373892,-0.0022509848058525073,-0.046070460704607075,-0.097323600973236,0.035014005602240994,-0.01806182702327186,0.05755395683453246,0.014705882352941124,0.00976971388695036
2005-12-31,0.014146287970172144,-0.04602700009060434,0.012892376681614248,-0.011118103629116804,0.017328333117806904,0.11172698619715238,0.3302107728337236,0.3302107728337236,0.35051546391752586,0.34375,-0.9372900335946248,1.9642857142857144,-0.2982998454404946,-12.487179487179487,-0.2853503184713376,-0.018231249000479788,0.08956602031394278,0.0970394736842104,0.015792442188381273,-0.017045454545454586,-0.09056603773584904,0.040595399188092074,0.0031835868411744794,0.11111111111111116,-0.014492753623188248,-0.03524533517622663
2006-03-31,0.025050461361014964,0.06638807104188427,0.03149368616994508,0.03595672464997879,0.008770814795983295,-0.09922768599081044,0.040492957746478764,0.040492957746478764,0.03816793893129766,0.03875968992248069,20.160714285714285,-0.7650602409638554,0.38766519823788537,-1.4888392857142856,0.19518716577540096,0.1426942498778303,0.1042372881355933,0.10644677661169433,0.020544142143253508,0.12716763005780352,0.014226437462951935,0.03901170351105332,-0.015867418899858987,0.1020408163265305,0.007352941176470562,0.02936962750716332
2006-06-30,-0.00010548894124262631,-0.02360171001068756,0.013412671316392677,0.013924439438927072,-0.035030241935483875,0.08107228131104849,-0.0186125211505922,-0.0186125211505922,-0.007352941176470562,0.0,0.3611814345991562,2.547008547008547,0.46666666666666656,-0.3744292237442922,0.10216256524981349,0.05359942979330001,0.06561780506523407,0.04878048780487787,-0.01686615886833509,0.03076923076923066,-0.06312098188194026,0.037546933667083726,-0.03511286277319969,0.03888888888888875,0.007299270072992581,-0.03705636743215024
2006-09-30,0.023104515403010284,-0.0006385113563806,0.011165655982289024,0.04847016055740694,0.05549751893444754,-0.035739383596024465,0.08448275862068955,0.08448275862068955,0.0962962962962961,0.08955223880596996,-0.5957842529448233,0.691566265060241,-0.3311688311688312,-3.437956204379562,-0.22598105548037895,0.07197943444730082,0.08138278718041048,0.07622739018087854,0.055340343110127366,0.08955223880597019,0.0024953212726137597,0.03618817852834755,0.03156331229112519,0.08199643493761144,-0.007246376811594013,-0.04679313459801271
2006-12-31,-0.029629120406970744,-0.07228915662650603,0.016039980961446876,-0.07993836078204752,-0.1483360138562415,0.12857886517438843,0.15898251192368829,0.15898251192368829,0.16891891891891886,0.14383561643835607,-0.48926380368098155,-0.40028490028490027,-0.5339805825242718,-0.437125748502994,-0.16433566433566438,0.11031175059952036,0.10223110223110221,0.06362545018007193,-0.14577871001573162,0.05251141552511429,0.008089607965152457,0.04074505238649584,-0.12239020878329732,0.05107084019769359,0.014598540145985162,0.008339651250947933
2007-03-31,0.0220325174453615,0.06847697756788662,0.022391905185740413,0.03841725112530092,0.02091807088901798,-0.14437269372693728,-0.053497942386831254,-0.053497942386831254,-0.052023121387283267,-0.041916167664670545,3.4504504504504503,-0.9643705463182898,1.0868055555555554,-3.3031914893617023,0.4529288702928871,0.10594520859383882,0.07099697885196354,0.03498871331828446,0.02823818293431568,0.2950108459869847,0.03395061728395077,0.03914988814317666,-0.0008203445447086954,0.037617554858934144,-0.007194244604316502,0.02894736842105261
2007-06-30,0.03330676186185144,0.05874769797421742,0.038029782359679354,0.0649193548387097,0.0186397268070575,0.14835579514824793,0.12753623188405805,0.12753623188405805,0.14024390243902451,0.13749999999999996,-0.052631578947368474,19.533333333333335,0.4409317803660566,-0.7344110854503465,0.08279337652987762,-0.007297769554938882,0.0936530324400564,0.06324972737186485,0.03402985074626863,-0.03350083752093802,-0.05014925373134327,0.03767491926803035,-0.014367816091954033,0.05740181268882183,0.007246376811594235,-0.005845816587504493
2007-09-30,-0.0009056148118333773,-0.03687597843103152,-0.013065548444052055,-0.0637069291934873,0.037575080318480225,0.04168622664538546,-0.015424164524421635,-0.015424164524421635,-0.010695187165775444,-0.01098901098901095,-0.33404558404558404,0.47077922077922074,-0.5427251732101617,-0.6260869565217391,0.02859042553191493,0.023089666597639225,0.07273665205055457,0.042051282051281946,0.038106235565819935,-0.0121317157712304,-0.05153991200502828,0.036307053941908585,0.03873386089129527,0.011428571428571344,0.03597122302158273,0.028665931642778197
2007-12-31,-0.028905227112498766,-0.012100415387393926,-0.14481864126302613,-0.002022040238600753,0.3200053850296176,-0.022893195132942745,0.04308093994778073,0.04308093994778073,0.043243243243243246,0.04444444444444429,-0.5508021390374331,-0.052980132450331174,0.10353535353535359,-6.186046511627907,-0.1441499676793795,0.09837061026211913,-0.0716518393844674,0.017716535433071057,0.3359288097886539,0.05964912280701751,0.04373757455268401,0.04204204204204198,0.35926222935044105,0.02401129943502811,-0.00694444444444442,-0.01009289031797056
2008-03-30,0.0077093272488417686,0.021937842778793515,0.03456932168819615,0.0003039205754229446,-0.04467108618052018,-0.07914399040678899,-0.08635794743429281,-0.08635794743429281,-0.06735751295336778,-0.06914893617021267,1.1,-1.1655011655011656,0.8352402745995424,-1.3385650224215246,0.0570241691842901,-0.07546300562056574,-0.05698005698005704,0.010638297872340274,-0.030391340549542067,-0.3079470198675497,-0.10285714285714276,0.04034582132564846,-0.05221238938053108,-0.004137931034482678,0.013986013986013957,0.021654786610123544
2008-06-29,0.010703626196439053,0.011449016100178788,0.01744009705793137,0.13996354061170746,-0.0035230062987082755,0.10577982570369637,0.2082191780821918,0.2082191780821918,0.22777777777777763,0.22857142857142843,0.6904761904761905,-3.1971830985915495,0.1471321695760599,1.7483443708609272,0.1482672382993926,0.04165836157065961,-0.028838231255149505,0.036363636363636376,0.011163589523400574,0.07416267942583743,0.020523708421797515,0.03878116343490312,-0.014005602240896198,0.024930747922437657,0.006896551724137945,-0.11277929877241022
2008-09-28,-0.0035300906282882405,-0.052882914750619014,-0.028717642967158508,-0.06423240938166308,0.05078208699378606,-0.04185161699429296,-0.11337868480725621,-0.11337868480725621,-0.10859728506787325,-0.10697674418604652,-0.3071763916834339,1.423076923076923,0.5282608695652173,-2.8096385542168676,-0.23366521468574986,0.043340987370838135,-0.057126696832579316,0.009233610341643494,0.0394904458598726,0.031180400890868487,-0.0020804438280166426,0.03733333333333322,0.054608585858585856,0.016216216216216273,-0.006849315068493178,0.012144136969938213
2008-12-31,0.13904690533773878,-0.0025210084033613356,0.5639674663665661,0.0008544574195386012,-0.7078915171288744,0.05247234565566794,0.052429667519181544,0.052429667519181544,0.055837563451776706,0.06770833333333326,-0.01742497579864477,0.17460317460317465,-0.4238975817923186,-0.6817576564580559,-0.11977263499796997,-0.16377808344795963,0.2300539892021598,-0.03019213174748392,-0.7038398692810457,-0.1943844492440605,-0.17720639332870047,0.04884318766066831,-0.7434899730619575,0.0013297872340425343,-0.02758620689655178,-0.0033438237608180987
2009-03-29,0.0327162893627202,0.09248338481699903,0.037286583371492155,0.07806867767027126,-0.016055846422338593,-0.06818181818181823,-0.19076549210206561,-0.19076549210206561,-0.1875,-0.18048780487804872,0.19999999999999996,-0.3423423423423423,-0.12345679012345678,-1.9037656903765692,0.09963099630996308,-0.21416822019958326,0.23872226286271636,-0.06132075471698106,0.0,1.6487935656836465,-0.23057432432432434,0.04656862745098045,-0.04784130688448063,-0.0292164674634795,-0.03546099290780125,0.013321492007104752
2009-06-28,0.007384241160628857,0.020735155513666337,0.00800908116289345,-0.0068631764188297195,0.0003547357218871561,0.08319676082136307,0.10210210210210202,0.10210210210210202,0.12426035502958577,0.11904761904761907,-0.0673234811165846,-0.28767123287671237,-0.05352112676056342,0.33333333333333326,0.12080536912751683,0.062377895618197066,0.29212598425196856,-0.085427135678392,0.012413793103448256,0.06275303643724683,0.07135016465422628,0.04449648711943799,-0.006127450980392135,-0.050615595075239384,-0.03676470588235292,0.027850813126886864
2009-09-27,0.027423249396343552,0.044489213464282695,0.019832332332332392,0.026224860458935018,0.11347517730496448,-0.0160199359202563,0.08583106267029983,0.08583106267029983,0.09999999999999987,0.10106382978723394,0.2535211267605635,2.7451923076923075,-0.1071428571428571,-0.8715277777777778,0.013847305389221631,0.018783659529751917,0.0,-0.04175824175824172,0.12397820163487738,0.006666666666666599,0.05532786885245922,0.04260089686098634,0.0838471023427867,-0.0057636887608069065,-0.038167938931297773,0.017716721932733215
2009-12-31,-0.01765430026299597,0.0027324600176805713,-0.04969020305502725,-0.07597340930674268,0.314968152866242,0.13277858176555712,0.03764115432873272,0.03764115432873272,0.04784688995215314,0.04347826086956541,-1.4248595505617978,-0.693196405648267,-1.8433333333333333,-9.594594594594595,-0.11738648947951269,-0.052088705518308465,0.4276355880560634,-0.010321100917431214,0.33333333333333326,-0.15704824976348153,-0.07087378640776698,0.04516129032258065,0.3378839590443685,-0.0304347826086957,0.023809523809523725,0.08517966859057902
2010-03-28,0.03349377687904065,0.11557265368277636,0.041217481118068555,0.08119218910585824,-0.024461128602567217,-0.1506707122325136,-0.33857315598548976,-0.33857315598548976,-0.33333333333333337,-0.3287037037037037,-3.7256198347107436,-0.9665271966527197,-2.4426877470355732,-3.8207547169811322,0.37515683814303635,0.09357997823721442,-0.12165190481272004,-0.05098493626882972,-0.01272727272727281,-0.1795735129068463,0.07836990595611293,0.043209876543209846,-0.056122448979591844,-0.04484304932735428,-0.007751937984496138,0.031826370421206285
2010-06-27,-0.0013227877752363115,0.02105036281342043,0.007625778852413223,0.02480124438299347,-0.07298907646474673,0.07567923286640976,0.5082266910420474,0.5082266910420474,0.5410958904109588,0.5310344827586209,-0.25712553062462096,98.5,0.3561643835616439,-1.6309921962095875,-0.17214111922141118,0.0038557213930345835,-0.03134491556311514,0.020757020757020683,-0.05156537753222823,0.01641586867305067,0.0348837209302324,0.041420118343195256,-0.07207207207207211,0.026604068857590146,-0.0078125,-0.0036581310276023737
2010-09-26,-0.018985071331990344,-0.019209119054320323,-0.02682664205506846,-0.018635635382409976,0.04927691483663632,-0.005855619646914834,-0.30787878787878786,-0.30787878787878786,-0.29333333333333333,-0.2927927927927928,-0.5812244897959183,-0.9208542713567839,-0.45858585858585854,-0.88339222614841,-0.02424687729610575,-0.1045719241729649,-0.12090806471842475,-0.07416267942583732,0.056310679611650594,-0.055181695827725474,-0.1432584269662921,0.03977272727272729,0.06990291262135928,-0.08231707317073189,0.007874015748031482,-0.0005841121495326895
2010-12-31,-0.013614244325054092,-0.07805437979768992,-0.008661840483039862,-0.04133012545110848,-0.05359877488514553,0.0856263736263736,0.7215411558669003,0.7215411558669003,0.7358490566037734,0.770700636942675,-0.6881091617933723,-9.698412698412698,1.0652985074626864,4.984848484848484,-0.1487198795180723,-0.02186246021862459,0.08517620202596676,0.056847545219638196,-0.02573529411764719,-0.07407407407407407,0.04371584699453557,0.04553734061930781,-0.04083484573502727,0.06146179401993357,0.0,-0.03832345328546383
2011-03-27,0.045912111101605424,0.1472258968173683,0.04869415478809902,0.11409877207134533,0.022384034519956852,-0.13895862013118476,-0.46083418107833163,-0.46083418107833163,-0.4492753623188406,-0.4604316546762589,9.525,-1.114963503649635,-0.5149051490514905,-3.7746835443037976,0.4847412649270235,0.0755410949214883,0.009729161188535285,-0.008557457212713837,0.030188679245283012,0.10307692307692307,-0.007329842931937169,0.04355400696864109,-0.021759697256385935,-0.006259780907668211,0.0,0.029779475603403327
2011-06-26,-0.026147176704746866,-0.05351692328562707,-0.013866082831600068,-0.030088495575221197,-0.13268266948034824,0.08633499482742413,0.3999999999999999,0.3999999999999999,0.42105263157894735,0.42666666666666675,-0.49940617577197155,-6.031746031746032,1.3221601489757915,-1.0812043795620438,-0.026511766458147124,0.03261870314349613,0.0009114583333333925,-0.025893958076448897,-0.10256410256410253,0.002789400278940146,0.026371308016877704,0.04173622704507518,-0.10928433268858806,-0.0299212598425197,0.0,-0.024196947980777317
2011-09-25,0.013130634414020959,0.05123978787444461,0.025100215849522156,0.007299270072992803,-0.10492700729927007,0.04917323175482635,-0.05660377358490565,-0.05660377358490565,-0.01851851851851849,-0.01869158878504673,-0.3938315539739027,-0.7381703470031546,-1.578187650360866,-15.561797752808989,0.39657282741738076,-0.05362374219844612,0.11994276050474828,0.04177215189873418,-0.07142857142857151,0.05424200278164104,-0.04419321685508737,0.040064102564102644,-0.11726384364820852,0.0275974025974024,0.015625,0.04363227924658708
2011-12-31,0.04755851548898771,-0.03919830935987456,0.1101852965948742,-0.0011528326745717798,-0.6598708800543662,0.0063536595428665965,-0.024285714285714244,-0.024285714285714244,0.0,-0.004761904761904856,1.3776908023483365,-14.855421686746988,-2.4646324549237173,-1.7646604938271606,-0.21516213847502186,0.024495289367429507,0.11906144732256951,-0.1190765492102066,-0.6615384615384615,0.1029023746701847,-0.03978494623655926,0.0513610683102208,-0.6752767527675276,-0.09794628751974721,-0.023076923076923106,-0.038082622733670024
2012-03-25,0.01139601139601143,0.03313466723428404,-0.003793318340694185,0.006677658697444411,0.5714285714285714,-0.07404066907182683,-0.02196193265007318,-0.02196193265007318,-0.028301886792452824,-0.028708133971291905,-0.623045267489712,-0.8704347826086957,-0.646780303030303,-0.9354187689202825,-0.017867113344500307,0.11705202312138718,0.0,0.040000000000000036,0.5746753246753245,2.3026315789473686,0.21612541993281065,0.04885197850512957,0.5530303030303032,0.03677758318739066,0.0,0.0262501075824082
2012-06-24,0.0011997913406363026,0.016413707849735504,-0.015911007153153633,0.0046679223650807344,0.40114431023521924,0.05560966970689818,0.16916167664670656,0.16916167664670656,0.16990291262135937,0.1724137931034484,0.8449781659388647,0.0,0.10455764075067031,-5.4375,0.08072768618533255,0.013642243913912777,0.0,-0.003978779840848712,0.40000000000000013,-0.35639261137269107,-0.05064456721915278,0.046576618537494285,0.3999999999999999,0.006756756756756799,-0.007874015748031482,0.011741026501174145
2012-09-30,0.024357838795394215,0.06695945945945936,0.01926372229285289,0.03260515161395494,0.10798548094373861,-0.004362050163576936,-0.06914212548015364,-0.06914212548015364,-0.06639004149377603,-0.0714285714285714,0.8615384615384616,0.6711409395973154,0.15048543689320382,1.992957746478873,0.22356654392425046,0.027613412228796763,0.0,-0.010652463382157085,0.11192930780559651,-0.2661789532920653,-0.0009699321047526022,0.04450378282153977,0.0818815331010454,0.015100671140939603,-0.023809523809523836,0.03323938992042441
2012-12-31,-0.016886650899010758,-0.1226014818567539,0.047154207001274484,-0.04049573729081146,-0.984029484029484,0.01937821214929647,-0.21733149931224205,-0.21733149931224205,-0.21777777777777774,-0.21266968325791857,-1.8359821996185632,1.7108433734939759,0.6118143459915613,-4.24,-0.5920034393809115,0.03308117872868932,0.0,-0.044414535666218224,-0.9841059602649007,-0.07055214723926384,0.02038834951456292,0.04899872177247566,-0.9838969404186796,-0.0380165289256198,-0.008130081300813052,-0.08551945447252307
2013-03-31,0.023876658819877328,0.0734031035727174,0.017038686622818267,0.03866721513780336,6.794871794871795,-0.08504835110339692,0.3374340949033392,0.3374340949033392,0.34659090909090917,0.3390804597701149,-2.585551330798479,-0.768888888888889,-0.002617801047120394,-1.4237472766884531,0.6148577449947312,-0.0029508196721310664,0.0,0.025352112676056526,6.916666666666667,61.72689768976898,0.03805899143672686,0.04670999187652303,6.7,0.037800687285223455,-0.016393442622950838,0.03342398456004925
2013-06-30,-0.015992925720060613,-0.03314954276492743,-0.026046440574396534,-0.02946534653465349,1.2828947368421053,0.030532971996386715,0.12877792378449415,0.12877792378449415,0.13080168776371304,0.1330472103004292,-0.701199040767386,0.22435897435897445,-0.14435695538057747,-1.1885175664095973,-0.07177814029363783,0.1139975885125506,0.0,0.02335164835164827,1.2736842105263162,-0.8592831305491615,0.0760769935838681,0.04462553356616228,1.3116883116883118,0.039735099337748325,-0.008333333333333304,-0.0038200339558573937
2013-09-29,-0.0010270367422394733,-0.018081925029556967,-0.016286304342143065,0.0032645066514322973,0.840057636887608,-0.005347124824684468,0.016298020954598424,0.016298020954598424,0.014925373134328401,0.007575757575757569,0.4446227929373996,1.2879581151832462,-0.0076687116564416735,-0.1636363636363637,-0.06467486818980672,0.1666830660238119,0.0,0.05369127516778538,0.8472222222222221,-0.4869134417648159,0.13202725724020437,0.042719167904903266,0.8426966292134832,0.06210191082802541,-0.008403361344537785,-0.021303792074989225
2013-12-31,-0.06988459660215385,-0.05595297117359588,-0.16901408450704225,-0.09542015781338975,2.851213782302271,0.01639199788490342,-0.44100801832760594,-0.44100801832760594,-0.4411764705882353,-0.43609022556390975,0.04222222222222216,-0.22883295194508013,-0.0030911901081916993,-0.7608695652173914,-0.01653513716647881,0.14489331196761412,0.0,-0.01146496815286624,2.8345864661654137,-0.3802149754053561,0.09029345372460496,0.04738154613466339,3.1432926829268286,-0.014992503748125996,0.0,0.04370918589464523
2014-03-30,0.020200066320327226,0.06789706654662764,0.027150623600895374,0.07868705035971213,-0.02399349328995526,-0.07656290644238273,0.9118852459016393,0.9118852459016393,0.9210526315789473,0.9133333333333333,1.2388059701492535,-0.6261127596439169,1.0573643410852713,-15.704545454545455,0.24722965227359572,0.15322283609576437,0.0,0.0760309278350515,-0.01176470588235301,-0.6992945326278659,0.18357487922705307,0.0452380952380953,-0.043414275202354635,0.06849315068493156,0.008474576271186418,-0.010010845082172315
2014-06-29,0.008965573282049943,-0.004988056765491078,0.025280986332077537,0.012671946644435161,-0.10020833333333334,0.06159624413145548,-0.047159699892818874,-0.047159699892818874,-0.03767123287671226,-0.03832752613240431,-0.5347619047619048,1.380952380952381,-0.6194423511680482,-0.7341576506955177,0.052696078431372584,0.029702970297029507,-0.1370147394643969,0.021556886227544814,-0.09986772486772488,0.04203323558162264,-0.027988338192419637,0.04295476732834347,-0.1084615384615385,0.01139601139601143,0.008403361344537785,-0.017443330243532618
2014-09-28,-0.008510067114093967,-0.03382051825178278,-0.01736965169597038,-0.0011525479542273676,0.05904144477888407,-0.016982133380505915,-0.0011248593925758943,-0.0011248593925758943,0.0,0.0,0.013306038894575156,1.1266666666666665,0.6336633663366336,-3.75,-0.1376600698486612,0.04993796526054606,-0.1733221072889103,0.017584994138335253,0.0639235855988245,0.16697936210131337,0.037192561487702225,0.04149765990639653,0.06816220880069013,0.009859154929577452,0.008333333333333304,-0.032761578044596895
2014-12-31,0.0037906479300353624,-0.09902075416544875,0.04060694088198025,-0.08415066347976596,-0.2566681241801486,0.1274068742127048,0.018018018018018056,0.018018018018018056,0.021352313167259718,0.021739130434782705,-1.2030303030303031,0.03291536050156729,-0.20363636363636362,2.207188160676533,-0.5119811002362471,0.07828655834564247,0.23046704495853332,0.12442396313364057,-0.2562154696132597,0.012861736334405238,0.06709080393290923,0.04493708807669261,-0.2592891760904684,0.10599721059972089,0.016528925619834656,-0.016226281255541708
2015-03-29,0.07226283278936152,0.23432557385027164,0.07599560478721834,0.04094672426205914,0.03529411764705892,-0.19305666400638466,-0.028761061946902644,-0.028761061946902644,-0.03135888501742168,-0.028368794326240954,-5.7611940298507465,-0.8603945371775417,-2.788432267884323,-2.3447593935398814,1.4107883817427385,0.07687671232876703,0.06456190138346929,-0.0338114754098362,0.03806870937790152,0.4484126984126984,-0.04986449864498632,0.043004587155963225,-0.034896401308615155,-0.003783102143757766,-0.0325203252032521,0.18575935105903585
2015-06-28,0.002414972831555673,0.004534104350111701,0.01749834400529915,0.09138065185441335,-0.15284090909090908,0.15151814855108303,0.05808656036446469,0.05808656036446469,0.07194244604316546,0.07299270072992692,0.31974921630094033,0.36956521739130443,-2.2093617021276595,-1.1392156862745098,-0.08146873207114169,-0.0031038518292373363,0.10463178940353224,-0.006362672322375307,-0.14132379248658322,-0.040000000000000036,0.00855675984027382,0.04123144584936789,-0.15480225988700558,0.0037974683544304,-0.008403361344537785,-0.07958346001824268
2015-09-27,-0.005797028709094598,-0.015176293582782718,-0.001681766397222395,0.028200253485424653,-0.05667337357478197,-0.015631710040367564,-0.06889128094725516,-0.06889128094725516,-0.06040268456375841,-0.05782312925170063,0.20110847189231995,0.5317460317460319,-0.13722730471498945,-1.3450704225352113,0.030605871330418477,0.00872805226623119,0.0,-0.023479188900747183,-0.04687499999999989,0.17522831050228316,-0.007352941176470562,0.039598732840549156,-0.05080213903743336,-0.013871374527112068,-0.008474576271186418,-0.042117433314064034
2015-12-31,0.24007370573238762,0.07592162072401187,0.25070644495163563,0.0829738058551619,0.10095982936366865,0.12703952534682839,0.07861271676300574,0.07861271676300574,0.09285714285714297,0.08664259927797824,-0.10085695451549115,47.30569948186528,-5.689233278955954,-23.551020408163264,-0.6696969696969697,0.08009917522643328,0.0,-0.06338797814207653,0.1081967213114754,0.13307430791646424,0.07920227920227929,0.04189944134078205,-0.11267605633802813,-0.0012787723785167016,-0.05982905982905973,-0.006552288990430033
2016-03-27,0.020965640775117977,-0.026608223237436723,0.02063826551671699,0.06082378885964279,0.02583144979011953,-0.09406208872029109,-0.14898177920685962,-0.14898177920685962,-0.1470588235294118,-0.1428571428571428,0.14589442815249276,-0.9842325431727984,-1.1833362323882415,-1.1638009049773756,0.33211009174311923,-0.007636091070926665,0.0,-0.08051341890315056,0.029585798816567976,-0.10458636948135436,-0.02428722280887019,0.04021447721179627,0.004761904761904745,-0.055057618437900135,-0.027272727272727337,-0.08244380803610185
2016-06-26,0.004984249770724425,0.01940762351747316,0.009152636172069517,0.045802038626609365,-0.056657223796033995,0.10357203896769773,0.28589420654911835,0.28589420654911835,0.29118773946360155,0.28682170542635643,0.00895713371721052,0.22448979591836737,0.4990512333965844,-1.505524861878453,-0.12603305785123964,0.09455695604966241,0.0,-0.031725888324873,-0.05268199233716464,0.06318812829104825,0.11038961038961026,0.03865979381443285,-0.06003159557661919,-0.0013550135501355642,-0.028037383177570097,-0.025158422396670765
2016-09-25,-0.03310982383748606,0.06451813600447953,-0.023243551074645152,-0.07502404616864378,-0.2248915582248916,-0.10554437045067366,1.345739471106758,1.345739471106758,1.379821958456973,1.3885542168674698,-0.16296766011414077,0.24444444444444446,-1.3354430379746836,-9.885245901639344,1.2813238770685578,0.08302423876477194,0.0,0.35910878112712963,-0.1981799797775532,0.1431787483115714,0.04775828460038989,0.037220843672456594,-0.1983193277310924,0.4219810040705563,-0.04807692307692313,0.15077132046182196
2016-12-31,-0.0191427809351854,-0.11700759789596726,-0.002353754129866714,-0.13053726169844015,-0.3495479982780887,-0.040689117825296495,-0.5440501043841336,-0.5440501043841336,-0.5324189526184538,-0.5334174022698612,-0.44772727272727275,0.9375,-3.5528301886792453,-1.6506765067650675,-0.3654576856649395,-0.007606228346143218,0.0,0.03760848601735778,-0.34426229508196715,0.23749507680189064,-0.31162790697674414,0.03958242714223581,-0.33752620545073364,0.07061068702290063,-0.030303030303030276,0.015597335806424306
2017-03-26,0.021545412709701672,0.09782896478686798,0.02274891774891774,0.08411736565141137,-0.018530774321641297,-0.002165869506362217,-0.3012820512820513,-0.3012820512820513,-0.29866666666666675,-0.2945945945945947,1.2853223593964334,-0.6175115207373272,-0.17147080561714712,-1.3582230623818525,0.20631464344039196,0.04847512038523272,0.0,0.0009293680297397522,-0.015384615384615441,0.5992998090388286,0.006756756756756799,0.038075313807531375,-0.03797468354430389,0.008021390374331583,-0.01041666666666663,0.012618296529968598
2017-06-25,-0.002559587189778001,-0.0012058362474376416,0.00234915663160562,0.0032360079429285538,-0.14699932569116658,0.1472370444062585,0.23460026212319796,0.23460026212319796,0.24334600760456282,0.23754789272030652,-0.07322929171668668,0.6445783132530121,-0.07671721677074039,-0.37730870712401055,0.10649819494584833,0.05063533374157991,0.0,-0.006499535747446661,-0.1425781250000001,0.0670646766169154,0.048993288590604145,0.03667875856509473,-0.14473684210526316,-0.00972590627763048,0.010526315789473717,-0.0044269552385637345
2017-09-24,0.004824372318367409,0.03875407461064828,-0.012478358177441806,-0.040832783520269755,0.658498023715415,-0.04067796610169494,-0.0031847133757961776,-0.0031847133757961776,0.0,0.003095975232198178,0.13601036269430056,-0.20879120879120883,0.01352657004830915,1.0720338983050848,0.19942903752039154,0.06742923755054453,0.0,-0.2813084112149533,0.6674259681093395,0.2448713166728833,0.07293666026871404,0.03538102643856922,0.6500000000000001,-0.2901785714285714,0.01041666666666674,0.08300395256916993
2017-12-31,-0.049544395864830615,0.014702463970246438,0.007675696478587124,-0.03416386426169371,-1.3255481410867493,0.24389843043799808,-1.68370607028754,-1.68370607028754,-1.688073394495413,-1.6944444444444444,-0.1379703534777651,1.2777777777777777,0.04861773117254531,-1.16359918200409,-0.02720163209792592,0.07033649580233425,0.0,-0.4603381014304291,-1.3265027322404372,-0.3580524344569288,0.4633273703041145,0.03755163349605706,0.0,-0.5069182389937107,0.09278350515463929,0.0505626520681266
2018-03-25,0.0024290105543733898,0.0203310234236298,-0.008168894546997651,0.10580042731660999,-0.7335285505124451,-0.23135363678403909,-2.8021806853582554,-2.8021806853582554,-2.8,-2.786666666666666,-0.5820105820105821,-0.8252032520325203,-0.07818181818181813,4.85,-0.16357916812303386,0.08487708446258324,0.0,0.2096385542168675,-0.7322175732217573,0.0,1.0301548492257537,0.03619254433586683,0.0,0.18367346938775508,0.018867924528301883,-0.07729608453354564
2018-06-24,-0.03235836514131318,-0.07364167040862146,-0.04490319820301636,-0.006655216831258026,-3.2857142857142856,0.15152556940266448,0.005185825410544576,0.005185825410544576,0.007407407407407529,0.007462686567164312,-1.1139240506329113,1.8255813953488373,-0.11538461538461542,1.5897435897435899,-0.5064772252402842,-0.02997795738427622,0.0,0.11354581673306763,-3.28125,0.0,-0.19610598153352077,0.034928396786587435,-0.7855477855477856,0.07758620689655182,0.03703703703703698,-0.06737783355557292
2018-09-30,0.008199445983379405,0.021509936984973388,-0.0034269587421045244,0.09531013615733741,1.266826923076923,0.06866696521868931,0.26655202063628547,0.26655202063628547,0.26960784313725483,0.2691358024691357,-6.013888888888889,0.4156378600823045,-0.6644370122630991,-0.7656765676567656,-0.24047417442845043,-0.03117709437963956,0.0,0.2271914132379249,1.2739726027397258,4.111085180863477,-0.11885143570536827,0.03374957813027346,1.25,0.15599999999999992,0.06249999999999978,-0.06736753574432297
2018-12-31,-0.013605890757226069,-0.044842517349783506,-0.023958824983705274,-0.053012365167061315,0.4782608695652173,0.006495320575499397,-0.14935505770536317,-0.14935505770536317,-0.14478764478764483,-0.14785992217898825,5.141274238227147,0.16860465116279078,5.445182724252492,-0.5598591549295775,-0.1393534002229655,-0.0734926194645984,0.0,0.6151603498542275,0.4849397590361446,-0.5925756814757317,-0.23406064040804753,0.03591250408096647,0.5024154589371981,0.624567474048443,-0.008403361344537785,0.008567048426368462
2019-03-31,0.06257242178447275,0.11972924299819909,0.039952103530061844,0.06980136130018066,0.7682926829268293,-0.005204357782249702,0.3599361532322427,0.3599361532322427,0.36117381489842004,0.36757990867579915,-0.2498872350022553,-0.3606965174129353,-0.38814432989690717,-2.752,0.28367875647668384,-0.04043745358806461,0.0,0.10198555956678712,0.7687626774847873,-0.35380477417908784,-0.4021457639659638,0.03466750709108091,0.662379421221865,0.055378061767838105,0.04237288135593231,0.046673819742489187
2019-06-30,0.0032715376226826187,0.0038267428317897423,-0.004827067003232766,-0.017593975199636458,0.15618661257606492,0.00634765625,-0.16666666666666663,-0.16666666666666663,-0.1658374792703151,-0.1652754590984975,0.0030066145520144527,-0.023346303501945553,0.04549283909014323,-0.19634703196347036,0.1775983854692229,0.16061629379485032,0.0,0.03112203112203127,0.15711009174311918,-0.3437391605966007,0.04393564356435653,0.033505939689308706,0.15280464216634426,0.02724520686175591,0.008130081300812941,0.021783700666324846
