Quarter end,Assets,Current Assets,Liabilities,Current Liabilities,Shareholders equity,Revenue,Earnings,Earnings available for common stockholders,EPS basic,EPS diluted,Cash from operating activities,Cash from investing activities,Cash from financing activities,Cash change during period,Cash at end of period,Price,ROE,ROA,Book value of equity per share,P/B ratio,P/E ratio,Cumulative dividends per share,Equity to assets ratio,Net margin,Asset turnover,Current ratio
1994-01-02,0.2589157341451802,0.4436173061654036,0.41497105532554834,0.1785462804623017,0.11810870145058372,0.09439044022041987,0.21095324205631627,0.21095324205631627,0.18918918918918926,0.13888888888888884,-0.4776747218541654,1.9614153846153846,-1.002575995484772,-1.445381417625783,1.2511560431589448,0.2758620689655171,-0.023098367184388735,0.10788381742738595,0.10273972602739745,0.01823708206686936,0.0506706408345754,,-0.11169437153689121,0.13018242122719736,0.012987012987013102,0.22490904250598986
1994-04-03,0.2589157341451802,0.4436173061654036,0.41497105532554834,0.1785462804623017,0.11810870145058372,0.09439044022041987,0.21095324205631627,0.21095324205631627,0.18918918918918926,0.13888888888888884,-0.4776747218541654,1.9614153846153846,-1.002575995484772,-1.445381417625783,1.2511560431589448,0.2758620689655171,-0.023098367184388735,0.10788381742738595,0.10273972602739745,0.01823708206686936,0.0506706408345754,,-0.11169437153689121,0.13018242122719736,0.012987012987013102,0.22490904250598986
1994-07-03,0.03339683367722879,0.017111846976218148,-0.006612191979255888,-0.006769838952404461,0.11352925165074801,0.09439044022041987,0.21095324205631627,0.21095324205631627,0.18918918918918926,0.13888888888888884,-0.4776747218541654,1.9614153846153846,-1.002575995484772,-1.445381417625783,-0.24753577339367572,0.1205821205821207,-0.023098367184388735,0.10788381742738595,0.06832298136645965,0.01823708206686936,0.0506706408345754,,0.07747866053841101,0.13018242122719736,0.012987012987013102,0.024051870902307426
1994-10-02,0.08765513784822643,0.1136929035726113,-0.05706353605403591,0.2865878479226407,0.3625245129005148,0.1325375048324895,0.25727451147708846,0.25727451147708846,0.18181818181818188,0.19512195121951215,2.4809341654922488,-0.144774847785882,-29.412921348314608,-1.2660641382166735,0.08752627686079095,0.3599257884972171,-0.023098367184388735,0.10788381742738595,0.2674418604651163,0.2716417910447759,0.0506706408345754,,0.2528945764777575,0.13018242122719736,0.012987012987013102,-0.13437798450709215
1995-01-01,0.05287611627955169,0.04988752036269295,0.030905197972006526,0.08252771899234346,0.09840814212023297,0.06442481412716772,0.2380209040314918,0.2380209040314918,0.21153846153846145,0.16326530612244894,0.11056229684553909,0.15375643891534652,-1.6860108749382106,-0.9437371434925224,0.00452814654728817,0.36425648021828105,-0.023098367184388735,0.10788381742738595,0.09174311926605494,0.07746478873239449,0.0506706408345754,,0.04304474708171213,0.13018242122719736,0.012987012987013102,-0.03015691402419085
1995-04-02,0.18480463233661903,0.11258062485804277,0.13588874431248388,0.24219485740636104,0.4513695940217213,0.09567686375120266,0.24061180856312703,0.24061180856312703,-0.4126984126984127,-0.38596491228070173,-0.05518347620486008,1.0963587734815938,-26.371811500216168,73.21739130434783,0.33455232224068276,0.5349999999999999,-0.023098367184388735,0.10788381742738595,0.365546218487395,0.40522875816993476,0.0506706408345754,,0.22499417113546283,0.13018242122719736,0.012987012987013102,-0.1043650459256763
1995-07-02,0.0356517146188573,0.05145523370071836,-0.027372912519919024,-0.039564047798932855,0.09173178565106332,0.09604580272560481,0.2316615112682281,0.2316615112682281,0.18918918918918926,0.19999999999999996,-0.5285032356216032,-0.7078212037953256,-1.033483854477294,-1.282140384512968,-0.07072837779654284,0.044951140065146555,0.01019160211985315,0.10788381742738595,0.03692307692307706,-0.23410852713178287,0.0506706408345754,,0.05424438523030073,0.1305942773294202,0.0,0.09479230371171843
1995-10-01,0.12112989044178679,0.27472531328438055,-0.060621018487122647,-0.05549763871687741,0.2901076780707128,0.07739704167833628,0.1757467037402458,0.1757467037402458,0.13636363636363646,0.11904761904761907,0.5196988472959387,3.0559232580927986,-40.76234096692112,-2.997404558539002,0.15202571654335184,-0.31421446384039897,-0.010895883777239601,0.10788381742738595,0.28189910979228494,-0.34008097165991913,-0.4451063829787234,,0.15074923271348628,0.12264763140817658,-0.012820512820512886,0.3496046751460984
1995-12-31,0.058343785619790145,0.043008394679302064,0.0009135731090075261,0.14059816251484158,0.09189254215863718,0.05673272234850324,0.09201733239754661,0.09201733239754661,0.15999999999999992,0.4893617021276595,0.477321681334236,0.004497115657676742,-1.0335794947930665,-4.495806459234059,-0.46131998116895867,0.25636363636363635,-0.0244798041615667,0.07116104868913853,0.09490740740740744,-0.018404907975460016,0.046523517382413004,,0.03169124568559778,0.08554913294797695,-0.012987012987012991,-0.08555145185939883
1996-03-31,0.008739788936665382,-0.030720575686398743,0.013833105946368551,-0.17785503672466985,0.0067165688520249844,-0.10940758178609333,-0.40921856007153534,-0.40921856007153534,-0.4482758620689654,-0.5571428571428572,-0.05512393251405956,-0.46820118992362547,-2.456231736755177,-0.8216359053032095,-0.152749160782498,-0.14109985528219982,-0.10957758260142203,-0.0629370629370628,0.004228329809724984,-0.21562500000000007,-0.34294088910600884,,-0.001976885644768833,-0.03620873269435565,-0.02631578947368418,0.17896312802479009
1996-06-30,0.050658394041651844,0.029745627418182208,0.08197949489575884,0.06370796979633742,0.0345046409918206,0.044987666692360984,0.09961214643836902,0.09961214643836902,0.09375,0.09677419354838723,0.024204481576597825,-0.5860859629773627,2.3723608445297506,-3.894816611094271,0.5219007022433533,0.4355518112889638,-0.11977454203851567,-0.09179104477611943,0.03157894736842115,0.43027888446215146,0.33382899628252805,,-0.015389303672101118,-0.05248618784530379,-0.04054054054054057,-0.031924633058680985
1996-09-30,0.02002226226209891,-0.019047526712457352,0.04720557430466665,0.05532169385850616,0.00546001580530886,-0.07734225885867607,-0.4033250172057812,-0.4033250172057812,-0.4,-0.3823529411764707,0.17179815546204913,0.935877774795844,-1.0846484193097738,-0.9364267015706806,0.021800994667576346,0.4911971830985917,-0.19370330843116323,-0.19474116680361542,0.010204081632652962,0.44568245125348205,0.556298773690078,,-0.01439182915506032,-0.1475218658892129,-0.05633802816901401,-0.07046979865771819
1996-12-31,-0.023407152827407796,-0.055633025808376146,-0.12294916869359385,-0.054565265598777835,0.03348045154639023,0.0053065507420175795,0.10517968496557684,0.10517968496557684,0.23809523809523814,0.5714285714285716,-0.45455380348434615,0.5279491419687683,-5.481356968215159,-17.591723285979,-0.3539985503744866,-0.12199921290830384,-0.23295830575777632,-0.22755102040816322,0.028282828282828243,-0.13102119460500972,0.024355300859598916,,0.05825090281048828,-0.18741450068399446,-0.04477611940298509,-0.0011158516573678279
1997-03-31,0.01972792738721596,0.04128427273955482,-0.18894138404544958,-0.0033995679595063555,0.12005372966048955,0.02186965684520259,0.25263363882456535,0.25263363882456535,0.1153846153846152,-0.1515151515151515,0.7870251885775863,-0.6745299832148435,0.11157334788242523,-1.835356017174199,0.45776185068577924,-0.28103989242492156,-0.07247627264883527,-0.042272126816380595,0.023575638506876162,-0.3015521064301552,-0.05734265734265731,,0.09851632047477721,-0.023569023569023573,-0.015625,0.04481535024313321
1997-06-30,0.07120900224332916,0.012745261072725445,0.11888995424605575,0.27873048895294095,0.05449263211588917,0.07657885520837393,0.19246491524982434,0.19246491524982434,0.10344827586206917,0.1428571428571428,0.2516417769821453,1.7771848429939667,-3.1531995827964905,-1.554710478623845,-0.17418846238169206,0.2294264339152119,-0.05581395348837204,-0.026206896551724146,0.051823416506717956,0.20317460317460312,0.26112759643916905,,-0.015667206915180865,-0.010344827586206917,-0.015873015873015928,-0.2080188679245284
1997-09-30,0.02414639074631353,-0.06025559480149223,0.03978574757098552,0.05027346492673135,0.01850799995625807,-0.015532945386200203,-0.03233695058844077,-0.03233695058844077,-0.03125,-0.03125,-0.38983612233990506,-0.2210105181648061,-0.6663342356461035,0.07712495313587908,-0.22719801169260312,-0.17393509127789042,0.05812807881773385,0.09206798866855537,0.02007299270072993,-0.21635883905013187,-0.15941176470588236,,-0.005488474204171201,0.09233449477351918,-0.016129032258064502,-0.10522136192177889
1997-12-31,-0.026378141628245033,-0.1643103739602615,-0.06717917299606391,-0.051895425967833364,-0.01097045933824825,-0.01165988979553123,-0.30673766866735863,-0.30673766866735863,-0.29032258064516125,-0.25806451612903225,-0.020812771417291764,-0.5624585818422796,4.163706233988044,-0.19839888618169166,-0.23566473946189326,-0.21301411909146706,-0.04003724394785846,-0.02075226977950717,-0.0017889087656529634,-0.22895622895622902,-0.27641707487753675,,0.015866445916114635,-0.01594896331738449,0.0,-0.11857111160417122
1998-03-29,0.002496107032166739,-0.021833258468788364,-0.04913071173314232,-0.06313337030013855,0.02077111163474732,0.0056154731980335715,-0.009145944538471507,-0.009145944538471507,0.0,-0.0434782608695653,-0.6225604455139916,-0.8692624847490429,-1.0174971472042602,-1.7555052416103218,0.23294221151179584,-0.08736349453978165,-0.0688651794374393,-0.0649006622516557,0.017921146953404854,-0.08296943231441045,-0.007253384912959349,,0.018199103626239443,-0.06158833063209068,0.0,0.04410209938075815
1998-06-30,-6.988018596576495e-05,-0.0320087003908599,-0.03364065415431894,-0.02852904784637722,0.011254926493587725,0.016164383561643847,0.05226160365272814,0.05226160365272814,0.045454545454545414,0.045454545454545414,0.22602396768701816,5.5419147224456955,9.267485822306238,-0.9101358840674905,0.016978205227642817,0.07179487179487176,-0.09999999999999998,-0.09206798866855515,0.008802816901408494,0.05238095238095242,0.13102776424744267,,0.011337868480725488,-0.08981001727115723,0.0,-0.003616374945754508
1998-09-27,0.24695695079715874,-0.03966867345626435,1.3777652885182148,0.5407332562786604,-0.10933435447521822,0.18256230668795315,-7.403259037272898,-7.403259037272898,-7.3478260869565215,-7.3478260869565215,0.9828196471357002,15.222047321560332,53.31667126944674,0.6418455915943353,0.027410215148071515,-0.26953748006379574,-1.8333333333333333,-1.7722308892355694,-0.11518324607329844,-0.2760180995475112,-0.20284237726098175,,-0.28580849380110784,0.0,-0.016393442622950838,-0.3766937669376693
1998-12-31,0.062139049018995696,0.057502965861325306,0.0657716153091008,-0.026404219207417756,0.05884342661553754,0.2080360688073981,-1.0154395920476595,-1.0154395920476595,-1.0136986301369864,-1.0136986301369864,0.14304153793340202,-0.8993216648775844,-0.9372603984123165,17.38536449638286,0.5611410925448916,-0.1539301310043668,0.2541666666666669,0.15555555555555545,0.061143984220907166,-0.04375000000000007,0.0,,-0.002954755309325874,0.0,0.03333333333333344,0.08618012422360244
1999-03-28,-0.062350268520666274,0.008543393773871921,-0.05979086526944721,-0.32986627043090644,-0.06471941451242491,-0.03125271695912635,-28.43984843700663,-28.43984843700663,-31.5,-31.0,-0.5664328103601548,-0.5853801786063882,-1.6747075825927227,-1.256352437307989,-0.12916892528030588,0.47225806451612895,0.893687707641196,0.7499999999999998,-0.07434944237918206,0.3856209150326797,0.0,,-0.0025930727912577556,0.0,0.032258064516129004,0.5050035739814154
1999-06-27,0.04078006148639979,0.15756978435674251,0.03932296610803321,0.14427880550407912,0.04227281334820199,0.09669750917723396,-1.1131274308991739,-1.1131274308991739,-1.1147540983606556,-1.1,0.780416170236347,1.9576492808368444,-1.656243744244705,-0.8325166774898164,0.040345962946582103,0.6143733567046452,0.11052631578947358,0.023976023976024052,0.012048192771084265,0.7452830188679245,0.0,,0.0014856081708449764,0.0,0.046875,0.011588696271669363
1999-09-30,0.07968421988485752,0.17884480775449552,0.06177544197051321,0.1587842697902726,0.09455528392424917,0.0777366609981398,4.281660054928288,4.281660054928288,3.999999999999999,4.500000000000001,1.0518853976998614,1.0586024806582341,0.4731254956988591,0.6048642932675361,-0.023896499238964974,0.44625407166123776,-0.9236440231700895,-0.9239024390243903,0.08531746031746024,0.4297297297297298,0.0,,0.013721490821435145,0.0,0.04477611940298498,0.01732475703084635
1999-12-31,0.07774101586998561,0.11834771036665548,0.0014001815767386017,-0.10590556661161621,0.140927087175704,0.09570541467037308,0.7780024651413604,0.7780024651413604,-0.1428571428571428,-0.21212121212121215,0.6049921121291184,0.16582752696382563,0.5041828874347718,-15.194157698220954,0.3474945826634477,0.08258258258258255,-3.896551724137931,-3.9743589743589745,0.12065813528336378,-0.003780718336483968,0.0,,0.058715931955368506,-0.6954459203036053,0.028571428571428692,0.25083071810965496
2000-04-02,0.09583812162707916,0.29000981150119065,0.11378046249971185,-0.07170161424354815,0.08323274951612003,0.03980488002758453,-0.06583550871416033,-0.06583550871416033,-0.06666666666666654,-0.03846153846153855,-0.9484346572785483,-0.3881389755922837,3.4375275330396473,-0.24193049237149133,0.19549247215715693,1.0502773925104023,2.278571428571428,2.327586206896552,0.068515497553018,0.8311195445920305,19.609400324149107,,-0.011575673807878273,2.330218068535826,0.0,0.3896616610707302
2000-07-02,0.05023221928786081,0.06565260584427812,0.012036342073843409,0.039388191248025395,0.0788470167109554,0.04737103900283812,-0.1816611203228088,-0.1816611203228088,-0.1785714285714286,-0.16000000000000003,10.064241202346041,0.3421171472536295,-0.7647901917838817,-1.090975893531465,-0.014876799935913287,-0.0027059022492813556,0.14161220043573008,0.16580310880829008,0.06717557251908413,-0.06735751295336789,-0.7807224494075705,,0.027267960146827308,0.17773620205799823,-0.01388888888888895,0.025249575191163887
2000-10-01,0.0866679022943655,0.10667603233640532,0.06997221512919527,0.22952320939146897,0.09860319328072054,0.12920438037769588,-0.7435955565631376,-0.7435955565631376,-0.7391304347826086,-0.7142857142857143,0.7514267018959191,-0.02040066049786582,-1.8020786620591416,-6.170293919676912,0.0780789938232076,-0.24639647278277088,-0.19211195928753177,-0.17666666666666664,0.06723891273247484,-0.29333333333333333,-0.39976090854751944,,0.010889909817934251,-0.17712470214455922,0.014084507042253502,-0.09990936164702835
2000-12-31,0.046683343831369184,0.05730252748693698,0.04439200035026669,0.11179208895273063,0.04846778069002866,0.03160760770666515,2.408764367816092,2.408764367816092,2.166666666666667,2.0,0.05136790333640717,1.0103109833281385,-1.4948694336644084,-4.570821038014234,-0.2586138078640774,-0.448019801980198,-0.17716535433070868,-0.1713900134952766,0.03887399463806962,-0.48270440251572333,-0.3736307508464449,,0.001851540144756747,-0.1660231660231659,-0.01388888888888895,-0.04899732428000103
2001-04-01,-0.027376141963036504,-0.07766716210477553,-0.047190376993967886,-0.10885037340453696,-0.01393758628930275,-0.31092962062418816,-1.5065737213260921,-1.5065737213260921,-1.526315789473684,-1.5555555555555556,-0.5592059986415794,-0.76225703464402,-0.23207283843955606,-1.4235106822545756,0.14773098200470547,-0.16999592335915215,-0.5205741626794258,-0.5146579804560261,-0.01677419354838705,-0.2006079027355624,-0.07503974562798088,,0.013776881720430234,-0.4780092592592593,-0.07042253521126751,0.034973074363163326
2001-07-01,0.15738151598402572,0.06749193609568382,0.03442367350277564,0.022495399969929775,0.2382155944885742,-0.100502901204372,9.000032002048131,9.000032002048131,8.1,8.1,-0.9390893505857382,-1.1184103703900874,1.7644309822587623,0.3534104278458492,0.174205153207458,-0.09774066797642433,-3.027944111776447,-3.0805369127516777,0.09317585301837261,-0.08365019011406838,0.8044001375042971,,0.06977129598939324,0.0,-0.12121212121212133,0.04402221572639564
2001-09-30,-0.045542970748966516,-0.25148214079161213,0.09026230578678263,0.2791040857052831,-0.12012707696746361,-0.14733706061016427,0.2739398555432171,0.2739398555432171,0.19780219780219777,0.19780219780219777,-2.411291673647177,-11.739575137686861,5.558306984315813,1.2327997455740487,0.3312583160589979,-0.031028851388132828,1.5039370078740162,1.5048387096774194,-0.1212484993997599,-0.11203319502074693,0.0,,-0.07807900852052674,0.0,-0.15517241379310343,-0.414828088251764
2001-12-31,0.025692126859491182,0.15831180694017455,0.1758971901814601,-0.3020606239761544,-0.07595172070985101,0.023079347072540557,-0.3716269512311534,-0.3716269512311534,-0.37614678899082565,-0.37614678899082565,-3.8383190883190883,-1.15731030873888,0.4381121952150917,2.170819485329029,0.7889981309912835,-0.14550561797752803,0.4606918238993709,0.42369607211848037,-0.08196721311475419,-0.028037383177570097,0.0,,-0.09914300117627284,0.0,-0.18367346938775508,0.6596650717703352
2002-03-31,-0.03713801717853793,-0.03732741349758728,-0.00740927654881729,-0.024567389236938353,-0.0629097720257189,0.016457630042135962,-0.3133834911091211,-0.3133834911091211,-0.30882352941176483,-0.30882352941176483,-2.463864491844417,-16.97824496041514,-0.99497465753652,-1.81464367106993,-0.3592806067057789,0.06969099276791568,0.15688912809472555,0.1184984170058796,-0.06547619047619035,0.16346153846153832,0.0,,-0.026674127961201277,0.0,-0.07500000000000007,-0.013088476951019223
2002-06-30,-0.005958491057436288,0.03486505959997355,-0.011727908014635413,-0.03692386864365893,-0.00103189671049575,0.061232603409864916,-0.6373222010678126,-0.6373222010678126,-0.6382978723404256,-0.6382978723404256,-1.7161795377274935,-0.6187851054882187,15.435931307793922,-0.856002205679625,-0.0807461354364859,-0.224339274738783,-0.16306117701791112,-0.20784472300849177,-0.006369426751592355,-0.1694214876033059,0.0,,0.004791107704101183,0.0,0.0,0.07454795080770027
2002-09-29,-0.006405054296601542,0.022363261855178784,-0.0015091089588100681,0.09899851384296832,-0.011139455122986308,0.11237915973757784,-0.5565009391404858,-0.5565009391404858,-0.588235294117647,-0.588235294117647,1.1403438784058721,-1.2761479313207218,-3.0503938273589455,-1.6496642924612597,0.05706571706634489,-0.40649762282091917,-0.39605336297943305,-0.4165390505359877,-0.011217948717948789,-0.4029850746268656,0.0,,-0.004768262445164928,0.0,0.05405405405405417,-0.06972950931086053
2002-12-31,-0.058272599084854715,-0.0975001123925402,-0.12414006308907466,-0.24444794754965182,0.002063496627052075,-0.014923074395643221,0.11380583508289299,0.11380583508289299,0.1428571428571428,0.1428571428571428,1.0489450533064937,-4.349958470118262,-0.007212574967661034,-1.885845646023263,-0.04782239759010587,-0.15353805073431248,-0.41739530602853203,-0.4129483814523184,-0.00648298217179899,-0.1416666666666666,0.0,,0.0642008432349559,0.0,0.07692307692307687,0.1944769140853304
2003-03-30,-0.01105694134095403,0.010207539360648221,0.034347635679098154,0.8296552885666812,-0.04736051609425507,-0.22287402256007438,2.9787130321741957,2.9787130321741957,3.125,3.125,-0.8009642499772582,-1.3174964874788953,-1.0030402337426463,-3.2038326753315887,0.11068582389990356,-0.1876971608832807,-0.15639810426540268,-0.1505216095380031,-0.047308319738988636,-0.18446601941747576,0.0,,-0.03673689897352772,0.0,0.0,-0.4478776758409786
2003-06-29,-0.01377201617503443,0.07189110772769136,0.05334571922984166,-0.170157050079892,-0.07206961365952225,0.09235350134796194,0.32394527261588735,0.32394527261588735,0.303030303030303,0.303030303030303,2.756170018281536,-0.47655349373396305,248.4090909090909,1.7703951208711581,0.276084793632454,0.18252427184466002,0.4559925093632957,0.44210526315789456,-0.08047945205479445,0.23809523809523814,0.0,,-0.05907646289026003,0.0,0.0,0.2916962070187874
2003-09-28,-0.04529083966669534,-0.06605393291354844,-0.08271182271674216,-0.2640035628726157,-0.008772667478085583,0.10563022300368607,-0.8047185410034303,-0.8047185410034303,-0.813953488372093,-0.813953488372093,-0.5821743627182576,-11.655157715260017,-5.477674503371605,-3.0809308611119186,-0.45021566765802534,0.5632183908045976,0.045016077170418,0.04622871046228716,-0.009310986964618184,0.7019230769230769,0.0,,0.03814822173653876,0.0,0.0,0.26894446159651486
2003-12-31,-0.10618481870429375,-0.15470443111602195,-0.23808597273476928,-0.11988833576652191,0.013302997168139541,0.028025862509356347,-1.2405535195248325,-1.2405535195248325,-1.25,-1.25,0.4953551355601502,-1.72562707524903,0.40460394341301176,-0.7204332235842896,-0.22893584901344666,-0.031512605042016695,-0.08307692307692316,-0.07093023255813946,0.005639097744360777,-0.02259887005649719,0.0,,0.13377990430622022,0.0,0.04761904761904767,-0.039550160849936455
2004-04-04,0.004551754821266574,0.03616450497360857,-0.0011416692835881648,0.012562268211455008,0.008829102303606007,-0.02265985373073054,0.19319674284213284,0.19319674284213284,0.0,0.0,-0.8031704609632125,-1.088651211511426,-1.0097984832428135,-1.0466086348365826,0.013838520924644548,0.08893709327548782,-0.41677852348993283,-0.4017521902377972,0.007476635514018781,0.08670520231213863,0.0,,0.004220121539500354,0.0,0.09090909090909083,0.02330556181040322
2004-07-04,-0.001986375427843079,0.026910235109598224,-0.004472351984485368,0.0004215404653604704,0.0025998758543506195,-0.009859469401379939,-0.202861860209136,-0.202861860209136,0.0,0.0,1.7788661323834964,10.31799336650083,2.284326151246303,-21.09941050375134,-0.2743495212388539,-0.15039840637450197,-0.956271576524741,-0.9539748953974896,-0.0037105751391465214,-0.15957446808510634,0.0,,0.004538577912254205,0.0,0.0625,0.02648806249312341
2004-10-03,-0.08650756570906193,-0.017436003531958733,-0.011719918970557797,0.1546073630003053,-0.13662771560236997,-0.15110616949879097,-39.99917149958575,-39.99917149958575,-37.5,-37.5,-0.06138289539272235,-1.412872266383384,-9.833161821456136,-1.0563117409446614,0.021290000655232122,-0.3645955451348183,33.21052631578947,33.72727272727273,-0.13780260707635017,-0.3607594936708861,0.0,,-0.054886211512717664,0.0,0.019607843137254832,-0.14901256732495505
2004-12-31,-0.08983865701528626,-0.06054592483057253,-0.08598215195586034,-0.13402052844240386,-0.09281454415787493,0.10382492103193708,-0.3009786426467256,-0.3009786426467256,-0.28767123287671226,-0.28767123287671226,-0.003793338896897036,-1.3518986780232454,-1.1447669253957389,2.8106060606060606,0.07943660025564214,-0.07011070110701101,0.8946153846153846,0.87434554973822,-0.09935205183585316,0.07920792079207928,0.0,,-0.0031869688385269823,0.0,0.019230769230769162,0.08486050758863906
2005-04-03,-0.0039453709306294105,0.016399482306650448,-0.009878983448223133,-0.024664378722115687,0.0006625275177589707,0.07222898642579212,-1.0239026268070062,-1.0239026268070062,-1.0192307692307692,-1.0192307692307692,1.259195796207448,-0.2913961550583044,-0.8735539684136404,1.8585362823061629,0.21036196467678292,0.13888888888888884,0.07226958993097843,0.057960893854748674,0.0023980815347721673,0.26605504587155937,0.0,,0.004618117229129748,0.0,0.037735849056603765,0.04208632049458694
2005-07-03,-0.04022584573379606,-0.05336688580988225,-0.11868259321429975,0.020677557398850244,0.020017071022618405,0.06952114078225446,4.353252807798262,4.353252807798262,5.0,5.0,0.008123914985420866,-3.4213663049279486,-109.73985680190931,-2.1579404924909262,-0.20125106710887153,0.2020905923344949,0.021204089360090883,0.020462046204620332,0.011961722488038395,0.19565217391304346,0.0,,0.06276520509193761,0.0,0.07272727272727253,-0.07252875804250347
2005-10-02,-0.010549919945667119,0.1299887867200662,0.03287294179061706,0.08902706731086085,-0.039358702970824555,0.0008809620770757753,-3.905312326814979,-3.905312326814979,-4.166666666666667,-4.166666666666667,0.29637369802551294,-3.5122148341354102,-1.0530193289729746,-1.266488982319156,0.06714399213075062,0.42028985507246386,-0.4482758620689655,-0.44372574385511,-0.042553191489361875,0.406060606060606,0.0,,-0.02911329229745463,0.0,0.10169491525423746,0.03759872668848918
2005-12-31,0.02852394480385123,0.09144711889230295,0.03191948073521278,0.7289016547219747,0.02610987780849472,0.050899285055925114,-1.5148922255225221,-1.5148922255225221,-1.5789473684210527,-1.5789473684210527,-0.32913335052875936,-0.533889010747971,0.48875396715882435,1.746513593463868,0.1728088134932242,-0.10204081632653061,-0.9764784946236559,-0.9767441860465116,0.01728395061728394,-0.06465517241379304,0.0,,-0.002398903358464599,0.0,0.06153846153846132,-0.3687013400480449
2006-04-02,0.004770631308416817,0.014694599594227364,-0.01648030318209337,-0.024943151908601413,0.020017813814920515,-0.05995436901834128,-0.6515480285789892,-0.6515480285789892,-0.7272727272727273,-0.7272727272727273,0.9139160691285877,1.2776470588235296,0.11113170822133656,0.004769842287472681,0.14804892518014423,0.12045454545454537,-1.4857142857142858,-1.5,0.016990291262136026,0.10138248847926268,0.0,,0.015286843009274964,-0.9667405764966741,0.01449275362318847,0.04066568861177333
2006-07-02,0.040081796679368065,0.07716892366201389,0.026497607588853445,0.04320931401382411,0.049483360212172256,0.028895697270763465,3.089231470230863,3.089231470230863,3.666666666666667,3.333333333333334,-0.5033949377259943,-0.8025895316804408,0.680764097430764,0.41966769607718035,0.18307606227166517,0.020283975659229236,10.176470588235295,10.2,0.04057279236276856,0.004184100418409997,18.165555343875024,,0.008966333953645877,9.733333333333333,-0.014285714285714346,0.03251244548217991
2006-10-01,0.01947254818684807,0.036912986662420044,-0.003706317192901487,-0.01761398530314906,0.0351585206233751,0.0068275347963278055,-0.19011272680000746,-0.19011272680000746,-0.2142857142857143,-0.15384615384615385,-0.05426560414222725,-0.18462182528607307,-0.8080301751947987,-0.29965482525528553,0.1083754805900059,-0.17892644135188873,3.5736842105263165,3.6071428571428568,0.032110091743119185,-0.21250000000000002,-0.8973658051689861,,0.015425888665325349,3.6894409937888195,-0.014492753623188248,0.05551051755770797
2006-12-31,-0.042554491407931105,-0.10914897522044753,-0.18602823874732055,-0.2902841175487856,0.05086536532041963,0.06221981508302599,0.3531988076129329,0.3531988076129329,0.36363636363636354,0.36363636363636354,0.0990397570521182,-11.65197672428547,-64.81566701137538,-2.812557757469966,-0.17722948721166643,0.15012106537530268,0.09896432681242806,0.13759689922480622,0.04222222222222238,0.11640211640211628,-0.7578692493946732,,0.09758916776750315,0.13377483443708615,0.014705882352941124,0.25523486134691553
2007-04-01,-0.017641114894619614,-0.014882588093318216,-0.09511478595355849,-0.27162846853756184,0.021432814028098823,-0.11121147481815175,-0.4946198295290868,-0.4946198295290868,-0.5333333333333332,-0.5333333333333332,0.08935590581825248,-0.5490564673559395,-1.0229744894445367,-2.6672001132983993,0.35912446613788895,0.023157894736842266,0.05759162303664933,0.0988074957410563,-0.4626865671641791,-0.018957345971563955,-0.07440000000000002,,0.039717165638634144,0.10397196261682251,-0.014492753623188248,0.3525054746876206
2007-07-01,1.4359480896228858,0.3157020044148138,1.2406252708832963,0.822870323312092,1.5234033389297186,0.4394443668553871,-13.669159066523605,-13.669159066523605,-8.142857142857142,-8.142857142857142,-0.4662391482976671,10.292982737427183,-68.73214600599542,1.3780718818222746,0.6283631972454722,-0.06995884773662564,-1.9237623762376237,-1.9844961240310077,1.7063492063492065,0.7342995169082127,-0.15082108902333624,,0.035884821299377645,0.0,-0.17647058823529405,-0.2782275346445069
2007-09-30,-0.029405240355100504,0.16055323466249205,0.024430981432908006,0.0679474641411022,-0.05077053112413632,0.08579288562092957,-0.6278897431486457,-0.6278897431486457,-0.6,-0.6,2.30688397309327,-0.8961459767884665,-0.6311437638795238,-0.9126162265269746,0.03372020896797934,-0.20575221238938046,0.379421221864952,0.4173228346456692,-0.03665689149560114,-0.7075208913649025,0.0,,-0.02193043721190102,0.0,-0.1071428571428572,0.08672846633457598
2007-12-31,-0.33633545960881683,-0.10889882723214428,-0.03769521572924173,0.0207850524345623,-0.46422840249469455,0.018502505447371753,13.211934566145093,13.211934566145093,13.299999999999999,13.299999999999999,0.11648264904415417,4.552617188686697,0.4423458332451069,10.103952908474023,0.36221369108973733,-0.1044568245125348,4.542346542346542,4.3533333333333335,-0.4277016742770168,-0.06666666666666676,0.0,,-0.19280205655526994,0.0,0.0,-0.12704146682047235
2008-03-30,-0.05839063413391443,-0.0941680904222374,-0.03033626438600945,-0.04385039923615264,-0.0799860442431296,-0.10815199345637716,-0.9931798550493995,-0.9931798550493995,-0.993006993006993,-0.993006993006993,-0.12800594617622796,-1.0569633238590512,0.12004717327369807,-1.558434817181817,-0.14848825678931132,-0.27216174183514774,-0.007430253750175364,-0.04441677044416781,-0.04521276595744683,0.26530612244897966,0.0,,-0.022823779193205995,0.0,0.020000000000000018,-0.05264805090934388
2008-06-29,-0.002850460494308482,-0.029957871978546824,-0.025195233243828996,-0.062490569557571596,0.015271422704004944,0.04739484250401449,0.0013941884355739287,0.0013941884355739287,0.0,0.0,-0.716728516335589,6.50741968016136,-1.1275880900889093,-0.33537915894812476,-0.11589786153920434,0.30982905982905984,0.043220338983051,-0.024326672458731546,0.0055710306406684396,0.379032258064516,0.0,,0.018106101756291793,0.0,0.1568627450980391,0.034724516389531335
2008-09-28,-0.0005894063832251328,0.0171198853933634,-0.020401588284821748,-0.07340244196849877,0.014827595863248444,0.03214302744114339,-1.8332234190664614,-1.8332234190664614,-2.0,-2.0,1.0701258669406628,-0.7092440845151509,-0.7664281067013663,-1.1572056300028766,0.02060824824038665,0.06035889070146827,0.15448145139453007,0.06834372217275164,0.011080332409972415,0.05263157894736836,0.0,,0.015472167881913634,0.0,0.13559322033898313,0.0976622086629535
2008-12-31,-0.18937453838357954,-0.08170708618663347,0.07552460355940416,0.25933487763245355,-0.38828950373626336,-0.14608404217788407,-54.324157945651216,-54.324157945651216,-47.99999999999999,-47.99999999999999,0.7405030755322355,-2.302026268893142,-17.14836534232517,1.8008707173954193,0.05655552865933666,-0.38,-0.6526328134162074,-0.6703479891644093,-0.39178082191780816,-0.38888888888888884,0.0,,-0.24535901926444836,0.0,0.014925373134328401,-0.27079697498545663
2009-04-05,-0.04970106399329699,-0.06360790058361887,-0.03563599947879226,-0.07889454104093496,-0.06827919901285429,-0.20932554483170185,-0.8292287115176243,-0.8292287115176243,-0.8297872340425532,-0.8297872340425532,-1.1002882255288378,-0.9084841418698568,-1.0000090786941207,-1.153094095650019,-0.00819485325593483,-0.21588089330024818,0.28933153274814316,0.21871049304677626,-0.06756756756756777,0.2909090909090908,0.0,,-0.019726154560222753,0.0,0.0,0.01657580995435004
2009-07-05,-0.09303602535443856,-0.1450016083066964,-0.1474055093936245,0.1082503416769669,-0.01870488485605981,0.07959293272151591,-0.40623098689484005,-0.40623098689484005,-0.4375,-0.4375,-7.998273585863715,-1.4263293943870015,-237376.0,23.6543555032372,-0.2037081841447772,0.34493670886075933,0.23304529981670585,0.1654564315352698,-0.02415458937198056,0.44366197183098577,0.0,,0.08214962121212133,0.0,0.014705882352941124,-0.22849544404237687
2009-10-04,0.0148741446551508,0.04816495612470284,-0.025379387203717574,0.025108888708738286,0.06268895762567128,0.11092353048505288,-1.8536506026055983,-1.8536506026055983,-1.8888888888888888,-1.8888888888888888,-0.003685860227536586,9.530532698137723,-1.014184307530279,-1.3009889526174119,0.07699930071424865,0.1905882352941175,0.11000212359311967,0.03782821539830872,0.05940594059405946,0.21951219512195141,0.0,,0.047035659593086976,0.0,0.02898550724637694,0.022490958408679873
2009-12-31,0.014611363573430625,0.049923711842676965,-0.012031398343535393,0.02373540576292643,0.04363602337978301,0.10265395846263692,0.2351338477660283,0.2351338477660283,0.25,0.25,0.11787410061464065,-0.46802385358832,1.5859815859815858,0.4456584243818287,0.10335632314268084,0.08893280632411082,-0.9338052420126267,-0.9313893653516295,0.04205607476635498,0.028000000000000025,0.0,,0.028625156707062338,0.0,0.04225352112676051,0.02558859290372495
2010-04-04,-0.005865367444649938,0.02451666780198969,-0.018905301607484826,0.005875571317380368,0.0075826224553487975,-0.0009626902645987201,-0.6526085212723289,-0.6526085212723289,-0.7,-0.7,0.37819702674883704,0.23695400077309614,-3.5925117721373607,-0.1072339725125504,0.08362938797956043,0.05263157894736836,-2.6040462427745665,-2.66875,0.008968609865470878,0.011673151750972943,0.0,,0.01360958764980702,-0.6507936507936507,0.09459459459459474,0.018537479118391875
2010-07-04,-0.13098258545437047,-0.21259885663064348,-0.25633092274505376,-0.4303337774390421,-0.005110098404885854,0.0034887991186192124,-0.6699822380106573,-0.6699822380106573,-0.6666666666666666,-0.6666666666666666,-0.36076499839286047,-0.240375,16.125326717760156,-6.100817354965585,-0.3936569442682353,-0.039655172413793016,0.8306306306306306,0.9325842696629212,0.013333333333333197,-0.04615384615384621,1.3623409669211197,,0.1446893787575152,0.7909090909090908,0.07407407407407396,0.38220199989418546
2010-10-03,-0.03448170963571373,-0.031864130609002506,-0.00020192924290174386,0.019921401054794563,-0.06021260906968173,-0.01629796451388399,2.151372443487621,2.151372443487621,3.0,3.0,0.21478326456364516,0.4052163896659535,-0.6467858343896319,-0.7819410726441407,-0.14157070028569918,-0.19030520646319582,-0.19389763779527558,-0.1647286821705426,-0.021929824561403466,-0.2016129032258065,-0.5583800086169755,,-0.026610644257703098,-0.21319796954314718,0.06896551724137945,-0.050794258373205725
2010-12-31,-0.020491654286039718,0.020659178074668993,0.007493815805155402,-0.029437623040612704,-0.042839322934261514,0.056427508489882205,-1.572178813884975,-1.572178813884975,-1.5,-1.5,0.3591429267104942,-0.12734937642719124,-0.9020594395863544,-2.14377866180452,0.18863003182370086,0.1685144124168514,-0.6532356532356531,-0.642691415313225,-0.04035874439461873,0.19191919191919182,0.4282926829268294,,-0.022841726618705094,-0.6645161290322581,0.06451612903225801,0.05161706589241066
2011-04-03,-0.028882697598923146,0.13001455903530568,-0.011003151497638641,-0.0007779162574180765,-0.043911128787660236,-0.2877635911605536,-1.757704648906798,-1.757704648906798,-2.0,-2.0,-0.032345037620924444,0.5971551261406334,4.9427204067898005,-0.9427329267556307,0.009088016926479536,0.21062618595825433,-0.2816901408450704,-0.2727272727272727,-0.028037383177570097,0.2627118644067796,2.631489071038251,,-0.015461071231363865,-0.2628205128205128,-0.010101010101010055,0.1309149474652962
2011-07-03,-0.016551204013463106,-0.0009333851491630796,-0.07309091739140361,-0.07543608583152128,0.03260829008715915,0.057853544744582264,27.932834350994682,27.932834350994682,23.5,23.0,-0.6455211100722954,-20.239035456225846,2.3519856049929535,47.27372416701814,0.43476130424212966,0.0987460815047021,10.715686274509803,10.714285714285715,0.09134615384615374,0.1308724832214765,0.31853663124235854,,0.049915872125630756,11.043478260869566,-0.030612244897959218,0.0805642208056423
2011-10-02,-0.018488724460230976,0.001590970576155648,-0.016817806602612007,0.037284380227865066,-0.01979282307391883,0.09241297209194554,-0.900134112136808,-0.900134112136808,-0.8979591836734694,-0.8958333333333334,0.17605891262338758,-1.0340833162287157,-0.7752684983238798,-1.1323291716539836,-0.04009837949174122,-0.08987161198288163,0.03891213389121351,0.041158536585365724,-0.00440528634361248,-0.16617210682492578,-0.9124821683309557,,-0.001246438746438816,0.05703971119133566,-0.021052631578947323,-0.034391866449102526
2011-12-31,-0.018051278441585827,-0.004467234680967769,0.1753399706041774,-0.007628968980263329,-0.16944514380236853,-0.043462361266021876,-1.0608746037697263,-1.0608746037697263,-1.0,-1.0,0.23048228084199307,-1.755461592670895,-0.7992349580730298,-2.8044698270170345,0.0753788871268013,-0.12539184952978055,0.09101892871526363,0.057833089311859265,-0.17256637168141575,-0.12099644128113873,-0.14180929095354522,,-0.15421643786771255,0.10792349726775963,-0.043010752688172116,0.0031847133757960666
2012-04-01,0.060513035561959194,-0.16464888998852878,-0.00790293817790011,0.020454747640880067,0.1363051730976259,0.18978476124937882,-43.10358342665174,-43.10358342665174,inf,inf,-0.09367330734805834,-34.57776458616011,-3.2521008403361344,-6.83873328332815,-0.4092671172886764,0.36021505376344076,0.21040974529346634,0.1944636678200693,0.1336898395721926,0.643724696356275,0.3105413105413106,,0.07145868465430016,0.11467324290998748,0.0674157303370786,-0.18140589569161003
2012-07-01,-0.02387419965899429,-0.019448118716573926,-0.014294097884841261,-0.004035739042054232,-0.033140277524996264,0.059684395203269736,-0.21921087277417983,-0.21921087277417983,-0.23076923076923073,-0.23076923076923073,1.3349328023892482,-0.8604340457988277,-5.474841140830501,-0.816651052323195,-0.1270264403247514,-0.021080368906455926,-0.5809698078682526,-0.5926998841251448,-0.014150943396226578,-0.13793103448275856,-0.18405797101449284,,-0.00944324217981507,-0.620575221238938,0.0736842105263158,-0.015472892758211287
2012-09-30,-0.003129918899958173,0.0067088235016488085,-0.03643825275605583,0.018003842869342535,0.029714578451816243,-0.0539909911412384,-0.3244255956943096,-0.3244255956943096,-0.29999999999999993,-0.29999999999999993,-0.0466010641926462,-0.41978972512260004,-0.6569907120743035,-1.6555984687948595,0.09539617649399212,-0.07940780619111709,0.08151382823871911,0.061166429587482085,0.03349282296650724,-0.06571428571428573,1.169626998223801,,0.03296921549155929,0.03061224489795933,0.02941176470588247,-0.011093693476425748
2012-12-31,0.02292031982689724,0.045725649512551314,0.08245167582022428,0.08401473891278499,-0.032010764859278895,-0.03819783897096296,-0.4288919702508509,-0.4288919702508509,-0.2857142857142857,-0.4285714285714286,-0.15161841387390773,0.14814583788167046,-0.3897754350494621,-0.19138232150770274,0.07042112838161474,-0.013157894736842035,0.11776581426648702,0.12734584450402142,-0.02314814814814825,-0.042813455657492394,-0.07900122799836262,,-0.05364353009036715,0.10749646393210743,0.01904761904761898,-0.035320895825712295
2013-03-31,-0.04892271975859075,-0.07659000058689658,-0.08074608392023341,-0.14580552298923954,-0.016086248646112855,-0.05247547189932811,-0.18633293603496226,-0.18633293603496226,-0.4,-0.25,-0.337620578778135,0.494743704669546,1.0747051630970694,-2.4926340221140517,-0.09819777404523167,0.04888888888888898,-0.27934978928356413,-0.2794292508917954,-0.01421800947867291,0.07348242811501593,-0.07466666666666666,,0.034538805363673264,-0.27330779054916987,-0.009345794392523366,0.0810230049717704
2013-06-30,-0.0028180704584551686,0.02187614756645284,-0.005147623701616033,0.005071026073091733,-0.0005723200434717413,0.03683727375684964,0.33572048611111116,0.33572048611111116,0.3333333333333335,0.3333333333333335,0.238580296036925,0.0024352124450259804,-0.28153992395437266,-0.6619225536142367,-0.03681345170204009,-0.04096045197740117,-0.2406015037593986,-0.23927392739273923,0.0,-0.029761904761904767,0.3587896253602305,,0.0021602513747054353,-0.2231985940246045,-0.018867924528301883,0.01672058307674318
2013-09-29,0.007488655586284754,0.03142325507466226,0.004119667758116563,0.03676704216401849,0.010721580051862745,0.02944453961528737,0.48493095044679113,0.48493095044679113,0.7500000000000002,0.5,-0.1913518375738884,-0.48168963016678756,0.27284274033500044,-0.14909927175162896,-0.032521833821242185,0.11634756995581741,-0.01980198019801971,-0.02386117136659449,0.019230769230769162,0.11656441717791433,0.4885118416401555,,0.0031354105428180734,-0.022624434389140302,0.0,-0.005136855018017306
2013-12-31,0.04903403079268376,0.09597316560440206,-0.15725569750202728,0.04976928076021059,0.24569929278126712,-0.003090899804429781,0.23206324024180103,0.23206324024180103,0.2857142857142856,0.5,1.132816348583324,-0.13487233298356072,-1.7550621595775644,-11.999774774774774,0.3697580573929151,0.2150395778364118,0.14927048260381603,0.21999999999999997,0.212264150943396,0.1923076923076923,0.28663025409641407,,0.18753662824770467,0.21759259259259256,0.0,0.04400431565967944
2014-03-30,0.015993530097958786,0.05570843532039671,-0.05502368833985072,-0.06009346123346471,0.061796782385447946,-0.05949919595681141,-0.2621939036032236,-0.2621939036032236,-0.33333333333333337,-0.33333333333333337,-0.6795240507838112,-1.1951968949624,0.4307544052863437,-0.31871386938034496,0.18390914718627482,0.0,0.037109375,0.09836065573770503,0.05058365758754868,0.0,0.0,,0.04507320282941274,0.11787072243346008,-0.009615384615384581,0.12320070864398036
