Quarter end,Assets,Current Assets,Liabilities,Current Liabilities,Shareholders equity,Revenue,Earnings,Earnings available for common stockholders,EPS basic,EPS diluted,Cash from operating activities,Cash from investing activities,Cash from financing activities,Cash change during period,Cash at end of period,Price,ROE,ROA,Book value of equity per share,P/B ratio,P/E ratio,Cumulative dividends per share,Equity to assets ratio,Net margin,Asset turnover,Current ratio
1994-01-29,-0.020661869529310595,-0.038171235575569895,-0.061026843593031566,-0.13224509643166105,0.007344059070336861,0.07003377365978514,0.13867501480666733,0.13867501480666733,0.15384615384615374,23.749999999999996,-1.714899603921029,0.09364951178327585,-0.17236197087343896,-0.6849352403015305,-0.5036311681505374,-0.02106318956870623,-0.04568817818389492,1.23541887592789,0.0058651026392961825,-0.05944055944055937,0.0927899686520377,inf,0.028624661246612337,-0.03104575163398693,-0.01183431952662728,0.10841377552645826
1994-04-30,-0.020661869529310595,-0.038171235575569895,-0.061026843593031566,-0.13224509643166105,0.007344059070336861,0.07003377365978514,0.13867501480666733,0.13867501480666733,0.15384615384615374,23.749999999999996,-1.714899603921029,0.09364951178327585,-0.17236197087343896,-0.6849352403015305,-0.5036311681505374,-0.02106318956870623,-0.04568817818389492,1.23541887592789,0.0058651026392961825,-0.05944055944055937,0.0927899686520377,inf,0.028624661246612337,-0.03104575163398693,-0.01183431952662728,0.10841377552645826
1994-07-30,0.036575115083564924,0.04350938567631513,0.07753432374858837,0.2013005629691409,0.01008571003349834,0.07003377365978514,0.13867501480666733,0.13867501480666733,0.15384615384615374,23.749999999999996,-1.714899603921029,0.09364951178327585,-0.17236197087343896,-0.6849352403015305,-0.31967444929767774,-0.055327868852458884,-0.04568817818389492,1.23541887592789,0.011661807580174877,-0.05944055944055937,0.0927899686520377,1.25,-0.02568746912563802,-0.03104575163398693,-0.01183431952662728,-0.13135203495056336
1994-10-29,0.08527715701359506,0.13059142826761239,0.17833089619421183,0.3964573185945348,0.021078290274856304,0.0818624037462028,0.6809704265121117,0.6809704265121117,0.6666666666666667,23.749999999999996,-3.4956789595276803,0.5960689016285596,-9.034673584089926,-0.022785805563747208,-0.45917782909930716,0.054229934924078016,-0.04568817818389492,1.23541887592789,0.023054755043227626,0.040892193308550207,0.0927899686520377,0.5555555555555558,-0.059151597093121566,-0.03104575163398693,-0.01183431952662728,-0.19039110581695462
1995-01-28,0.0031430554476334915,0.011037949847848116,-0.10411790980769287,-0.22555219903732338,0.08854022103908554,0.48007901229961236,1.8372748369985632,1.8372748369985632,1.88,23.749999999999996,-5.25471423183735,-0.5103633916554509,-2.3664564522551412,-4.706514304108156,3.1469663842579942,-0.016460905349794275,-0.04568817818389492,1.23541887592789,0.08732394366197194,-0.03928571428571426,0.0927899686520377,0.2857142857142856,0.0851446021196336,-0.03104575163398693,-0.01183431952662728,0.30550106261239174
1995-04-29,-0.021999410513214523,-0.04269240944456609,-0.05537440558149509,-0.12170445925359374,-0.0001303896186682918,-0.3744045921446343,-0.8472764805546359,-0.8472764805546359,-0.8472222222222222,23.749999999999996,-1.2402510933965096,0.18322223749312805,-1.0209415424599815,-1.992276210946829,-0.7529985995551528,0.042887029288702916,-0.04568817818389492,1.23541887592789,0.0,-0.040892193308550095,0.0927899686520377,0.2777777777777779,0.022347293494454634,-0.03104575163398693,-0.01183431952662728,0.08997276398584986
1995-07-29,0.08685371955669696,0.1314658247570626,0.2087127591223108,0.5114113140962955,0.011417099785698381,0.08217757443641416,0.2435796077631276,0.2435796077631276,0.27272727272727293,23.749999999999996,-1.95950795753744,0.7346710612286382,38.0498307634449,-2.108367566857937,3.3789250754581683,0.07522567703109329,-0.04009575104727714,1.23541887592789,0.010362694300518172,0.07751937984496116,0.0927899686520377,0.21739130434782616,-0.06930051813471516,-0.028667790893760592,-0.017964071856287456,-0.2513714564724129
1995-10-28,0.05336006458978604,0.09326255321554533,-0.18741878951598068,-0.24421026383571964,0.22378921491027937,0.0492551390835676,12.480025429637832,12.480025429637832,12.071428571428571,23.749999999999996,-2.9069117094442842,-0.03549785723851617,0.6648384191999692,-0.9393211070751737,0.04682186365869345,-0.08208955223880599,1.1302992518703245,1.23541887592789,0.22307692307692295,-0.09352517985611508,-0.07458405048766503,0.1785714285714286,0.16179540709812112,1.2743055555555558,-0.018292682926829174,0.446499136773451
1996-02-03,0.029240114654394134,-0.0718822311563585,0.20336148572163926,-0.1044771456243947,-0.06319010558803895,0.5368339622746139,-0.6710471267113232,-0.6710471267113232,-0.6721311475409837,23.749999999999996,-3.656970935721291,-7.701599395995869,-0.9454895699559196,110.49613664091093,4.986958229957146,-0.11686991869918706,-0.07521217442200756,-0.07447817836812143,0.23899371069182407,-0.2777777777777778,-0.6150030998140111,0.15151515151515138,-0.08984725965858031,-0.06870229007633588,-0.006211180124223614,0.03638967721401487
1996-05-04,-0.2943961745069792,-0.5588478988811556,0.028854508538619372,0.17778041377385478,-0.5023028446058642,-0.3548511293171416,-0.8698022892819979,-0.8698022892819979,-0.85,23.749999999999996,-1.1457844271923032,-1.1008582912907001,-78.4074074074074,-2.1826479288322167,-0.9851105678874615,0.07594936708860756,0.09335443037974667,0.027678113787801273,-0.5025380710659899,-0.13186813186813184,0.12399355877616758,0.13157894736842102,-0.2946692991115498,-0.0360655737704918,0.06874999999999987,-0.6254382597568778
1996-08-03,0.04649946839528574,0.11968848159062206,0.07620215350146098,0.20517128611511337,0.007674737265629172,0.06021332894840614,0.17753623188405787,0.17753623188405787,0.33333333333333326,23.749999999999996,-1.6250635936631133,0.4523791181983925,-1.0471853964162816,-1.0052713161081082,0.34875938622265745,0.07700534759358302,0.10246020260492061,0.03690773067331676,0.006802721088435382,1.1708860759493671,0.08452722063037243,0.11627906976744184,-0.03708887333799871,-0.0374149659863946,0.07602339181286566,-0.07092101667122175
1996-11-02,0.09990861178367982,0.20934881757001023,0.11556477647711105,0.2530748402852745,0.08114173875777397,0.05242928232259847,3.81185520361991,3.81185520361991,3.916666666666667,23.749999999999996,-1.880448978819254,0.13886138613861387,1.890506283140844,1.7644512052422185,0.7148260211800304,-0.05561072492552144,-0.4358099238645313,-0.5098605098605098,0.08108108108108114,-0.06413994169096215,-0.04887714663143994,0.10416666666666674,-0.0169573643410853,-0.5432862190812721,0.07065217391304346,-0.03493160758935132
1997-02-01,-0.03680636941871063,-0.07624754055138283,-0.14623017368119806,-0.2884518667592495,0.1077084578071823,0.4868580531392199,0.33777811212879194,0.33777811212879194,0.22033898305084754,23.749999999999996,-17.989659249704395,0.014383519110752419,-3.027823569619235,9.84110052910053,4.51911777679753,-0.03364879074658256,0.17868776174965117,0.06476938174681046,0.10624999999999996,-0.10591900311526481,0.8236111111111111,0.09433962264150941,0.14982750123213417,-0.029013539651837505,0.09644670050761439,0.298254972186238
1997-05-03,-0.03345580900203449,-0.10248612223051368,-0.06251631391062518,-0.10751433741356475,-0.0021642769983283294,-0.3831358737481294,-0.8834404127595563,-0.8834404127595563,-0.875,23.749999999999996,-1.263727517291471,-0.35812398129796985,-1.0915949557837967,-1.996958468848708,-0.8163211805777567,0.009793253536452662,-0.05250690880379005,-0.02304147465437789,-0.0028248587570621764,-0.08710801393728218,-0.0700685453160701,0.10344827586206917,0.032576082297471,-0.011952191235059861,-0.0092592592592593,0.005634794858249803
1997-08-02,0.022432024396785266,0.04723575910801259,0.041472388214043754,0.13542808217062507,0.0008027435062480937,0.10400376001486511,0.10859164555944201,0.10859164555944201,0.11111111111111116,23.749999999999996,-1.3335140607532014,0.5330527771485796,-0.34795432406104554,-0.8629798466370593,-0.6089567306018728,0.1023706896551726,-0.054166666666666585,-0.024528301886792336,0.0,0.10687022900763354,0.10237510237510228,0.09375,-0.021170610211706076,-0.02620967741935476,0.0,-0.07768633631004496
1997-11-01,0.04075704925860113,0.2326238595283181,0.04728003938961489,0.12066228293052372,0.0338298538355728,0.024986584716279125,1.8897512149125988,1.8897512149125988,1.8999999999999995,23.749999999999996,-2.9700906344410876,-2.4083238720313545,-2.2276216956467607,-1.4166976305484895,0.648907286242044,0.14565004887585542,-0.21409691629955951,-0.1856866537717602,0.031161473087818692,0.14482758620689662,0.161218424962853,0.08571428571428585,-0.006785411365564098,-0.19461697722567295,0.014018691588784993,0.09992406024553846
1998-01-31,0.014944657545108653,0.13467178525181578,-0.011172296890911482,0.061676369949470455,0.030250192325809833,0.5785017475956975,0.07001581285610303,0.07001581285610303,0.06896551724137945,23.749999999999996,-7.3226425979071275,-1.1656193747170103,3.275775809613955,47.655531929487616,19.147789235005128,0.08447098976109224,-0.38060538116591924,-0.3776722090261282,0.024725274725274637,0.051204819277108626,0.3550863723608444,0.07894736842105265,0.01515798462852258,-0.390745501285347,0.023041474654378113,0.06875323629250318
1998-05-02,-0.012036939509077582,-0.008063408382734671,-0.056175977326798354,-0.10835714259583762,0.03213661705356152,-0.3856049830175857,-0.06793258347896458,-0.06793258347896458,-0.06451612903225812,23.749999999999996,-1.1315005618892413,-3.303193972127759,-0.891284410922948,-1.082506636366584,-0.0784115649220587,0.19984264358772608,0.22171945701357476,0.23091603053435117,0.24128686327077742,0.17191977077363885,0.8229461756373937,0.08536585365853666,0.04458464773922177,0.22362869198312252,0.0,0.11251076658053427
1998-08-01,-0.02637048354751348,-0.05861404733932807,0.002005171334904965,0.005827067090764082,-0.052025063072239974,0.03736111712847667,20.19490618983503,20.19490618983503,23.586206896551726,23.749999999999996,-1.1925836795278288,-2.3933441417445933,7.339684386590067,2.229453576188361,-0.2747717952110067,0.03409836065573768,6.019259259259258,6.068217054263566,-0.05183585313174954,-0.16625916870415647,-0.16653716653716655,0.0674157303370786,-0.026172740084557944,6.051724137931034,0.0045045045045044585,-0.06406658279299349
1998-10-31,0.03657336512813192,0.0137318966467177,0.08722911204721084,0.27992665819578355,-0.010587910140953949,-0.03995917624733514,-0.9766347372083275,-0.9766347372083275,-0.9761570827489481,-0.9754689754689755,-8.618917316550371,0.536564334320295,0.03855980606737064,1.2965445724232434,-0.8701063620800943,-0.23779327837666453,-0.020261713803292558,-0.023908751919280546,-0.004555808656036331,-0.19648093841642222,-0.9042883778744562,0.06315789473684208,-0.04548273723382268,-0.013202933985330012,-0.008968609865470878,-0.20799296866921724
1999-01-30,0.06097153452214865,0.19979726679440213,0.028338353300308317,0.051406485785354894,0.09459953669326682,0.6280478353006358,5.183000889340618,5.183000889340618,7.117647058823529,8.176470588235293,-5.968298814797079,-0.9327527687252369,-0.8779187412364295,-2.8557628731313196,12.431025170141515,0.23627287853577372,0.06775096940973713,0.06808988764044943,0.15331807780320372,0.24087591240875894,0.2532467532467533,0.06930693069306937,0.03162226554039416,0.0847373637264619,-0.018099547511312264,0.14113192767151905
1999-05-01,-0.058811686376356476,-0.13839564190406173,-0.11024373749860028,-0.2961887188502882,0.01743318632239932,-0.35353765551522154,-0.8132140450084658,-0.8132140450084658,-0.855072463768116,-0.8782051282051282,-1.2615131975267588,9.283933239493264,3.099724896836314,-1.4704438634518409,-0.4354172100510504,0.3162853297442798,-0.02774134974276199,-0.01851462234378287,0.015873015873015817,0.14117647058823524,0.13471502590673579,0.06481481481481466,0.0810413604870881,-0.02649611694837828,0.009216589861751112,0.22418625936731318
1999-07-31,-0.05941806558041651,0.037216425498473704,0.055584537109742316,0.28771692575373553,-0.1661745442538245,0.07745303824880101,0.26470264680645084,0.26470264680645084,0.30000000000000004,0.26315789473684204,-2.106598727523185,-3.432286574635329,7.220483140412682,-0.9972450264018303,-0.002124689131930202,0.20501022494887544,-0.8046275160821748,-0.8070739549839229,-0.1660156250000001,0.18556701030927836,0.2168949771689499,0.06956521739130439,-0.11361429403767731,-0.8118254340685125,0.027397260273972712,-0.1945327102803739
1999-10-30,-0.030752817491687567,-0.028742392397320682,-0.053529098782598594,-0.0031279316520596012,-0.0036902356169749018,-0.08982895916388467,-0.2804356146271877,-0.2804356146271877,-0.2692307692307693,-0.25,-2.3444992610170905,-0.7169472313332047,-0.8683816882064719,302.6580459770115,-0.6465526735492186,-0.1264319049639372,0.023898035050451405,0.0277777777777779,-0.0023419203747072626,0.04782608695652191,2.5759849906191365,1.105691056910569,0.028045574057844025,-0.0024937655860347574,0.026666666666666616,-0.025700527934095274
2000-01-29,0.047096276915534085,0.12182932517751777,-0.10014429472679587,0.03853950951850149,0.17225337017582087,0.5922688041548274,6.651080702093709,6.651080702093709,6.63157894736842,6.722222222222222,-3.743929250453642,-1.6828980814836905,2.00911684445547,-3.031313580574035,3.715832963076231,-0.09762020398251581,0.19190871369294604,0.22270270270270287,0.17136150234741798,-0.0954356846473029,-0.1017838405036725,0.030888030888030826,0.11956521739130421,0.18499999999999983,0.03463203463203457,0.08020721686316534
2000-04-29,-0.05555633023940909,-0.10845679317377155,-0.15103282601487478,-0.22250982469799052,0.020688591978769377,-0.35847697171249404,-0.8010832195763183,-0.8010832195763183,-0.896551724137931,-0.8992805755395683,-1.170754855382393,0.27673688369481586,-0.37926894618603024,-1.5173837087419346,-0.40767165727766164,0.07212055974165787,0.0395996518711923,0.06542882404951356,0.018036072144288484,-0.08486238532110091,0.16355140186915884,0.02621722846441954,0.08071578145821445,0.03797468354430378,0.025104602510460206,0.1467394300203957
2000-07-29,-0.011364319254663524,-0.03420862226256871,0.0448424229961939,0.0752441328647866,-0.04212873665809258,0.0732965098300351,0.23229547259729943,0.23229547259729943,0.19999999999999996,0.2142857142857142,-1.8970200448083747,0.5971138654983144,0.6623280678016752,-0.5120071313446006,-0.33586247213850284,0.1636546184738954,0.009208874005860235,0.05560165975103737,-0.02952755905511817,0.1428571428571428,0.11345381526104403,0.029197080291970767,-0.031178439316540296,0.04268292682926833,0.012244897959183598,-0.10181223861942978
2000-10-28,0.05038673268846883,0.06083256425965988,0.12615250366684605,0.2045356621873582,-0.005416421331839394,-0.041443196285247286,-0.36535908112358684,-0.36535908112358684,-0.33333333333333337,-0.3529411764705883,-2.3713871022404938,0.8322013502212977,-1.2520236293999272,0.9394358747263021,-0.9807964466894554,-0.0703192407247627,-0.01493156366652848,0.00943396226415083,-0.006085192697768638,-0.04166666666666652,-0.11271415689810638,0.024822695035461084,-0.05309090909090908,0.0038986354775827348,0.0040322580645162365,-0.11929355097671934
2001-02-03,0.019728208636949907,0.007795091538957966,-0.10501293915218735,-0.19783117629933333,0.10951852714002563,0.6430085488052695,3.8374195120960373,3.8374195120960373,3.583333333333334,3.909090909090909,-6.215588518134492,-0.278957152875956,-6.625064394689915,-2.7675919436525027,90.27745383867833,-0.02041763341067293,-0.17094736842105263,-0.1549844236760124,0.10816326530612241,-0.013729977116704872,-0.038109756097560954,0.02768166089965396,0.0879416282642087,-0.1786407766990291,0.028112449799196693,0.2563198833252309
2001-05-05,-0.054914457053874655,-0.11987196041392822,-0.13965646187910707,-0.22543629428555723,0.003889995704643434,-0.40324231109923936,-0.8711279818266562,-0.8711279818266562,-0.8727272727272727,-0.8703703703703703,-1.1465728759577014,-0.19211233248934723,-0.9026090448296389,-1.4926700791032217,-0.4872725788621002,-0.1804831833254381,-0.08938547486033521,-0.07557603686635939,0.0036832412523020164,-0.25986078886310904,-0.048071843634442724,0.026936026936026813,0.062301447229085705,-0.07565011820330958,0.00390625,0.1363064718970688
2001-08-04,0.03579902293830273,0.04443090299775765,0.05091140071655942,0.29033428121857674,0.027219060609787515,0.030686768429293076,1.3313023361897627,1.3313023361897627,1.4285714285714284,1.2857142857142856,-2.103742225657964,0.0676208949234165,-0.7539874859850266,-1.1402798970142134,0.13331556761470997,-0.062427745664739964,-0.04684885666480754,-0.026919242273180433,0.022018348623853212,-0.0658307210031348,0.011098779134295134,0.022950819672131306,-0.00830702774547265,-0.007672634271099765,-0.01945525291828787,-0.19057551506895976
2001-11-03,0.03868174902216159,0.10109754480773248,0.07731138206854582,0.10113832004009482,0.016456216041524474,-0.1302976902173293,0.2599720475192173,0.2599720475192173,0.23529411764705865,0.3125,-2.0331472013345473,-2.675926754613636,4.086004116436342,-1.2492147140520755,-0.029315931070917123,-0.17940813810110967,0.06553540081919262,0.09528688524590145,0.016157989228007263,-0.19798657718120805,-0.16959385290889128,0.025641025641025772,-0.021444127994639017,0.134020618556701,-0.0357142857142857,-5.25900604785301e-05
2002-02-02,0.13526438139879304,0.2814430137704955,0.1334459214543411,0.19829349923505446,0.1301142922803391,0.6457310945174468,2.622899357744229,2.622899357744229,2.2857142857142856,2.333333333333333,-7.880810782495085,-1.2075585555757298,-0.3943055354820061,-111.07083333333334,3.3257085510606634,0.1472577009767091,0.15321252059308055,0.15996258185219836,-0.06537102473498235,0.12970711297071125,0.029742233972240628,0.02499999999999991,-0.004451292586885702,0.25909090909090904,-0.07818930041152261,0.06942253076680327
2002-05-04,0.28819665183301546,-0.06636838180462346,-0.20411568409343717,-0.2175890826383624,0.6293731778425655,-0.3539565777228164,-0.8469112820261598,-0.8469112820261598,-0.8405797101449275,-0.8571428571428571,-1.0582175922816013,0.2864383667378496,-0.7613820750214756,-1.113563235795132,-0.08727272727272728,0.177472167648985,-0.14761904761904765,-0.08387096774193548,0.6219281663516067,0.2592592592592591,0.012195121951219523,0.021341463414634276,0.2648323301805675,0.04873646209386284,-0.1294642857142858,0.19327235172617296
2002-08-03,0.009780556012502162,0.03244608626198087,-0.003520614954577228,0.0062005813953487365,0.014359203757548622,0.042322644301924006,0.6649400000000001,0.6649400000000001,0.4545454545454546,0.5999999999999999,-3.5842,0.53396,34.8798,-0.2656333333333334,-0.07008924302788844,0.04671857619577313,-0.13296089385474852,-0.08186619718309862,0.010489510489510412,-0.3558823529411764,0.02029169308814205,0.023880597014925398,0.00448674371176061,0.030981067125645412,-0.10769230769230764,0.02604681833168465
2002-11-02,0.0013619059906921915,0.03306843258569314,0.012599915004747775,0.014099589849373872,-0.0021183189275004732,-0.061611482079602875,-0.8105036818143596,-0.8105036818143596,-0.8125,-0.8125,-2.590457990272246,-1.1723773762027694,-0.8454394952034292,2.1961894603059324,-0.24134689701620682,-0.21253985122210417,-0.24677835051546393,-0.20997123681687446,-0.0023068050749711633,-0.2191780821917808,-0.2125543816034804,0.020408163265306145,-0.0035192203573363168,-0.1419031719532554,-0.08045977011494243,0.018717866323907595
2003-02-01,0.1788216858939653,0.35019011620396623,0.6524358192127175,0.19558611258831582,0.07389241586682682,0.1714805085805824,21.375784469096672,21.375784469096672,21.666666666666668,21.333333333333336,-4.590367353661184,1.5321080099841162,-10.525641950375071,-5.4620483489016936,1.5548438687700266,0.03238866396761142,-0.06586826347305386,-0.04854368932038844,0.07630057803468215,0.03508771929824572,0.2194159431728493,0.02285714285714291,-0.08897038848139094,0.1556420233463034,-0.17500000000000004,0.12932734011513292
2003-05-03,-0.01875752139111231,-0.016753743760399287,-0.06894258172673928,-0.19645274027005555,0.005880658436213881,-0.206794035639431,-0.7236938279439512,-0.7236938279439512,-0.7205882352941176,-0.7164179104477613,-1.1089043673717474,0.8888490605490336,-0.9132159907923083,-1.014564145816508,-0.008305039787798396,-0.15816993464052287,0.07051282051282048,0.05229591836734704,0.007518796992481258,-0.22033898305084754,-0.1313915857605178,0.027932960893854775,0.025197554793499277,0.1195286195286196,-0.06060606060606066,0.223622652049438
2003-08-02,0.009864723098169215,0.02656711753712937,0.03752324439804933,0.09882115243568523,-0.0027040572108874006,0.0932580360278501,0.04541166820465503,0.04541166820465503,0.05263157894736836,0.0,-2.8348825855120188,-2.169152183195483,-6.288718261931769,-0.8094951923076923,-0.0015544660473766347,0.17624223602484457,0.015397775876817787,-0.004848484848484769,0.0031982942430703876,0.17391304347826098,0.07526080476900154,0.02717391304347827,-0.012507271669575215,0.04661654135338322,-0.048387096774193616,-0.06576882472108891
2003-11-01,0.013303906202343008,0.04267755596351641,0.026253643929069925,0.050224892950955446,0.007181827150851028,-0.08308202249534036,0.2718249492443041,0.2718249492443041,0.25,0.3157894736842106,-2.2463504982522045,0.1495894709789123,-0.1960603160985911,119.8305133352452,-0.1881193556178945,0.0772277227722773,0.1769165964616679,0.1534713763702802,0.009564293304994642,0.06790123456790109,0.04712404712404705,0.02645502645502651,-0.006038291605301893,0.22126436781609216,-0.05932203389830493,-0.007177325758964015
2004-01-31,0.08208820345182422,0.1680793145089785,0.10215221960858578,0.19231981580714574,0.07242318560191441,0.7494474135923803,1.9908616993383408,1.9908616993383408,2.12,2.16,-6.080527276380563,-2.5376759071868973,-0.6487379437718038,-4.109458959120512,0.7207520274792385,0.07965686274509798,0.029348604151753888,0.028511087645195277,0.1757894736842105,0.06936416184971095,-0.10324288550628713,0.02577319587628879,-0.008890205956437969,-0.05529411764705894,0.09009009009009006,-0.02033408189005448
2004-05-01,-0.14942093230026676,-0.2549551094067223,-0.10695051783659382,-0.19543534482758618,-0.17044644891758454,-0.3877100197565515,-0.7508308902966968,-0.7508308902966968,-0.7564102564102564,-0.759493670886076,-1.1405406875140585,-1.0780279146643812,28.33259332827014,-1.9044466681474392,-0.3782655800575264,0.1311010215664017,0.025730180806675884,0.013347022587268942,-0.17278424350940014,-0.037837837837837895,0.03616236162361619,0.03015075376884413,-0.024816863507250764,-0.016189290161892855,0.03305785123966953,-0.0739810337248007
2004-07-31,0.03719136058264705,0.07589657694841678,0.08571845819481316,0.1922221805538442,0.011328557703467412,0.11759612132829633,0.5310077920465246,0.5310077920465246,0.631578947368421,0.631578947368421,-2.9053531960298056,6.095322153574581,-0.9020386945662695,-1.130198153493004,0.07930319979315392,-0.012042147516306945,0.09016949152542386,0.07294832826747721,0.018398268398268414,0.196629213483146,-0.012108262108262102,0.029268292682926855,-0.02483519852828453,0.040506329113924044,0.03200000000000003,-0.09755849440488285
2004-10-30,0.07995922636637376,0.14928179737235947,0.20315672290117526,-0.010074638602671881,0.009470752845741615,-0.1447314857031199,-0.47047015248188606,-0.47047015248188606,-0.4516129032258064,-0.4838709677419355,-2.0928590329786645,-0.20801371093696008,-5.554213683033445,-0.76976477375111,0.016916831294613965,0.10360589131538855,-0.044776119402985204,-0.07459867799811137,0.1657810839532412,0.08450704225352124,0.017303532804614274,0.028436018957346043,-0.06524131425876434,-0.07177615571776141,-0.007751937984496138,0.16097396009469045
2005-01-29,-0.1882453554742779,-0.34278830143587535,0.22349920773411958,0.09776044763811287,-0.4764289900931844,0.760108522335134,3.8767119790669478,3.8767119790669478,4.647058823529411,5.0,-4.19207043248859,0.5209333170450778,-5.509966562350725,-28.41714527027027,-0.4562580437279061,0.14864242982052467,0.17838541666666674,0.05714285714285716,-0.47675478577939834,-0.012987012987013102,0.2197023387668322,0.3110599078341014,-0.3550285906491759,-0.01834862385321112,0.078125,-0.4013010971939023
2005-04-30,-0.06360814583675478,-0.16336512667660208,-0.07728379467884983,-0.19175465196416264,-0.04234603854389718,-0.40659052735636747,-0.9394214612135077,-0.9394214612135077,-0.9375,-0.9375,-1.1880793825799338,0.6069809870225242,-0.9399947338620589,-0.5127385232123403,-0.40892678725236864,-0.06290064102564108,0.037569060773480656,-0.07046332046332049,-0.03658536585365857,0.785087719298246,-0.16095293434049973,0.026362038664323295,0.02268578878748362,-0.10413885180240301,0.03623188405797095,0.03508487404043681
2005-07-30,0.010289054648709328,0.003751010898104923,0.025295426406328092,0.07054445736738169,-0.012890173255305393,0.15998981230746168,3.885590840354288,3.885590840354288,3.666666666666667,3.500000000000001,-2.4573358032217976,-0.09903605855051767,0.2513815800326631,-1.069248487428428,0.04788440128468929,-0.058144506199230395,0.1309904153354633,-0.010384215991692591,-0.005424954792043413,-0.02211302211302224,0.02423822714681445,0.025684931506849473,-0.022947475777664428,-0.0625931445603578,0.05594405594405605,-0.06235963858567928
2005-10-29,0.007173516215580378,-0.0026371469477375342,0.04006758559056567,0.08673623810828546,-0.04543337600994524,-0.174320060098625,-1.108846184458378,-1.108846184458378,-1.1071428571428572,-1.1111111111111112,-2.0645106273430835,0.08212077983832611,-0.36500016478265174,-18.15407790626902,-0.7838772570004562,0.0059010440308668866,0.07250470809792842,-0.09024134312696741,-0.043636363636363695,0.012562814070351758,0.03313049357674114,0.025041736227044975,-0.05219206680584543,-0.15262321144674085,0.07284768211920545,-0.08227037263967019
2006-01-28,0.09382166570114125,0.238430307378936,0.04934660284279513,0.15435948440075542,0.17275023931983324,0.8723343964820405,-46.42460188495288,-46.42460188495288,-47.666666666666664,-46.66666666666667,-4.973017091795092,-0.2439835362013153,0.647390983921361,-2.8669110120404553,6.772837536113452,-0.02166064981949456,0.3292361720807726,0.3344867358708188,0.1920152091254752,0.022332506203473823,0.12630890052356025,0.02442996742671011,0.07213656387665202,0.32082551594746733,0.012345679012345512,0.07283321194464687
2006-04-29,-0.046392373148439914,-0.12023383620689654,-0.08517464862051016,-0.20929206349206353,0.01321772561715906,-0.4135188569285886,-0.8222455937011479,-0.8222455937011479,-0.8214285714285714,-0.8175182481751825,-1.2191561628326342,0.19507304219785326,-0.5342578824003831,-1.4611743666056602,-0.4019735099337748,0.1245387453874538,0.07959048877146624,0.09593777009507343,0.00797448165869219,-0.05582524271844658,-0.15165601394538064,0.02384737678855342,0.06240369799691825,0.10085227272727271,0.0,0.1126386060194613
2006-07-29,0.022705753227992398,0.04194353498941927,0.022545215760170212,0.06073319870078242,0.02330147731661758,0.18146003232405317,0.13704970819078288,0.13704970819078288,0.15999999999999992,0.1200000000000001,-1.4479799189676184,0.0670368418919467,-0.06539767577147337,-0.8522918104736099,-0.09885716816903278,0.0668580803937655,-0.03670847353930873,-0.01813880126182965,0.02689873417721511,0.059125964010282805,-0.042465753424657526,0.02329192546583836,0.0007251631617113397,-0.01677419354838705,-0.0060975609756097615,-0.01769461534550254
2006-10-28,0.07077072224915182,0.13322884012539182,0.1238174735670563,0.33156699470098405,-0.00975800156128026,-0.13814180929095354,-0.7876106194690266,-0.7876106194690266,-0.7931034482758621,-0.7857142857142858,-4.471980036114792,0.2686595510312606,-3.055498458376156,5.598312059705656,-0.7265745007680491,0.037293348712033714,0.0031756113051761847,0.013654618473895708,-0.016949152542372947,0.009708737864077666,0.03218884120171661,0.022761760242792084,-0.07536231884057976,0.02493438320209962,-0.006134969325153228,-0.148972514105285
2007-02-03,0.07031839444695942,-0.04183955739972334,0.006932409012131657,-0.02842524161455373,0.16476152936539212,0.9030302600472813,17.3175,17.3175,17.500000000000004,17.166666666666668,-3.6941964285714284,3.0179640718562872,-2.507042253521127,-1.6807610993657507,1.808988764044944,0.08895478131949597,-0.18930041152263377,-0.17432646592709988,0.15830721003134784,0.10817307692307687,0.038808038808038736,0.022255192878338104,0.08829676071055403,-0.18950064020486568,0.012345679012345512,-0.013806946049510382
2007-05-05,-0.008318060059213317,-0.07253699025622518,-0.029505778214900413,-0.14160327677004092,0.01895093062605757,-0.425825527980881,-0.8794413356990127,-0.8794413356990127,-0.8828828828828829,-0.8807339449541285,-1.2783761391880697,-0.698956780923994,-2.08411214953271,-1.950310559006211,-0.612,-0.06807351940095308,-0.11128465443186253,-0.10268714011516311,0.02435723951285529,-0.1952277657266812,0.0873915943962642,0.021770682148040787,0.027604416706672907,-0.08846761453396512,-0.012195121951219412,0.08048599975329962
2007-08-04,0.07648564117145296,0.2536964980544747,0.29186724094248806,-0.005453306066803054,-0.1992693457323148,0.13543920380787533,3.981132075471698,3.981132075471698,4.230769230769231,4.153846153846154,-1.8928571428571428,-3.594059405940594,-0.2456896551724138,-4.264705882352941,5.149484536082475,-0.048575602629656656,0.25702987697715307,0.1786096256684493,-0.12153236459709382,-0.07277628032345018,0.024539877300613355,0.02130681818181812,-0.2562485400607334,0.2218370883882148,-0.03703703703703709,0.2605742336891377
2007-11-03,-0.031167459059693647,-0.13345747982619494,0.01941557168072161,-0.006168608636052064,-0.13853172957279136,-0.2671493902439024,-0.9545454545454546,-0.9545454545454546,-0.9558823529411765,-0.9552238805970149,-2.293333333333333,-1.284351145038168,-3.5085714285714285,-1.976976976976977,-0.8172673931265717,-0.12514395393474098,0.027962250961202306,-0.039019963702359495,-0.11578947368421055,-0.0029069767441859407,-0.30000000000000004,0.020862308762169546,-0.1108668341708543,0.0014184397163121698,-0.03846153846153855,-0.1281017931534143
2008-02-02,0.013767720828789631,0.04548710601719197,-0.006733358984224669,-0.05241379310344829,0.0683678382282138,0.703588143525741,31.416666666666664,31.416666666666664,37.0,37.666666666666664,-4.064432989690722,-0.04026845637583898,-0.43735763097949887,-1.819672131147541,3.669724770642202,-0.19394471259324253,0.00476028561713715,-0.07648725212464591,0.1071428571428572,-0.09037900874635574,-0.18135158254918726,0.02043596730245234,0.05404450724125742,0.004249291784702569,-0.08000000000000007,0.10334977927810951
2008-05-03,-0.05418851687508408,-0.10928400137033234,-0.0644973852411389,-0.2023289665211062,-0.03154574132492116,-0.41239316239316237,-0.7480719794344473,-0.7480719794344473,-0.7456140350877193,-0.7586206896551724,-1.0941968040370058,-1.2237762237762237,-0.27935222672064774,-1.32375,-0.2544204322200393,-0.07838867719107245,0.16615905245346885,0.062372188139059315,-0.030721966205837226,-0.16666666666666663,-0.11076280041797293,0.020026702269692942,0.0237935656836461,0.1043723554301832,-0.03623188405797084,0.11663920922570026
2008-08-02,0.028717657094114335,0.08499999999999996,0.03146997929606621,0.1359489051094891,0.023266635644485723,0.1864935064935065,0.04081632653061229,0.04081632653061229,0.034482758620689724,0.0714285714285714,-4.205357142857142,-3.125,-0.601123595505618,-1.8455598455598454,0.28853754940711474,0.00945067926757237,-0.1929773650609402,-0.20307988450433112,0.02535657686212356,0.04230769230769216,-0.06110458284371323,0.01963350785340312,-0.005237315875613713,-0.1839080459770115,-0.022556390977443663,-0.04485098849218072
2008-11-01,-0.02142067440574902,-0.029067706487061362,0.02910477719791249,0.0843373493975903,-0.11186903137789905,-0.1930823117338003,-0.9607843137254902,-0.9607843137254902,-0.9666666666666667,-0.9666666666666667,-1.6796657381615598,1.073529411764706,2.0704225352112675,-3.7534246575342465,-0.6145194274028629,-0.06377998829724985,0.0010787486515639877,-0.004830917874396157,-0.06336939721792889,-0.088560885608856,0.13141426783479337,0.019255455712451797,-0.09246462652188225,-0.0046948356807511304,0.0,-0.10459420097974303
2009-01-31,-0.01539330603022171,0.04673238408178171,-0.005851375073142151,-0.07037037037037042,-0.0404505888376856,0.6228974498100923,3.0,3.0,4.0,4.0,-4.897540983606557,-0.5531914893617021,-0.5642201834862386,-2.3150912106135983,2.1114058355437666,-0.401875,-0.6135057471264367,-0.6225728155339806,-0.0363036303630363,-0.3603238866396762,-0.39491150442477874,0.018891687657430767,-0.025380710659898553,-0.6179245283018868,-0.015384615384615441,0.1259795948543545
2009-05-02,-0.041881812966150345,-0.08754795953958838,-0.05042181675495394,-0.19043824701195222,-0.01867662753468513,-0.42326980942828485,-0.8125,-0.8125,-0.8,-0.8,-1.1240799158780233,-0.19047619047619047,-0.2947368421052632,-1.2988650693568726,-0.20204603580562663,-0.0762800417972832,-0.40892193308550184,-0.42443729903536975,-0.020547945205479423,-0.044303797468354444,1.524680073126143,0.018541409147095234,0.024181547619047672,-0.41975308641975306,-0.015625,0.12707375793390252
2009-08-01,0.07559880239520966,0.19762996941896027,0.09690082644628095,0.08070866141732291,0.020119630233822683,0.1982608695652175,23.666666666666668,23.666666666666668,22.0,22.0,-4.067796610169491,-0.0980392156862745,-5.402985074626866,-3.590717299578059,0.6559829059829059,0.35746606334841635,-0.19182389937106925,-0.22346368715083798,0.019230769230769384,0.39072847682119205,1.3482983345401882,0.01820388349514568,-0.051580094442426394,-0.2056737588652482,-0.015873015873015928,0.10820257884107498
2009-10-31,-0.03479471120389699,-0.0699010533035429,-0.04501789414202295,0.12659380692167588,-0.006396588486140775,-0.1402999516207063,-0.7972972972972973,-0.7972972972972973,-0.782608695652174,-0.782608695652174,-1.3149171270718232,0.21739130434782616,-2.4033898305084747,-1.9478827361563518,-0.37548387096774194,0.3558333333333332,0.12840466926070038,0.1223021582733812,-0.00857632933104624,0.3285714285714285,0.6722170829478877,0.01787842669845041,0.029490616621983934,0.125,-0.008064516129032251,-0.17442349477815944
2010-01-30,0.03431867339581829,0.11530542210020589,-0.015976331360946783,0.06871463217461593,0.17113733905579398,0.7236916150815982,22.733333333333334,22.733333333333334,21.0,20.6,-10.157894736842104,-0.8392857142857143,-0.5144927536231885,-2.436426116838488,0.8636363636363635,0.1425937307928704,2.9810344827586204,3.1089743589743595,0.16782006920415227,0.15412186379928317,0.008297990042412051,0.01756440281030458,0.13206845238095255,3.1190476190476195,0.0,0.043596383240650294
2010-05-01,-0.08099818764812494,-0.1732307692307692,-0.07496492283022649,-0.14145234493192138,-0.0943655519926706,-0.3692458374142997,-0.6825842696629214,-0.6825842696629214,-0.6818181818181819,-0.6851851851851851,-1.0574712643678161,-2.2222222222222223,1.8358208955223883,-1.736842105263158,-0.3414634146341463,0.2883270575578267,0.22347336509311377,0.24804992199687992,-0.09925925925925927,0.10248447204968936,-0.6803218727139722,0.13233601841196774,-0.01445941505093662,0.21579961464354525,0.03252032520325199,-0.037015945330296174
2010-07-31,0.019720873786407855,0.04391514700409371,0.007367280606717319,0.0396475770925111,0.04855842185128978,0.16045548654244302,0.5752212389380531,0.5752212389380531,0.5714285714285716,0.588235294117647,-5.066666666666666,-2.2727272727272725,-0.7947368421052632,-1.1818181818181819,0.09427609427609429,0.0430062630480168,0.15752212389380538,0.20750000000000002,0.05592105263157898,0.15774647887323967,-0.15961098398169338,0.015243902439024515,0.02834278092697562,0.16323296354992078,0.03149606299212593,0.004097321956576749
2010-10-30,0.02514132698601612,0.06274509803921569,0.04258980425898051,0.16271186440677976,-0.01447178002894356,-0.11552185548617311,-0.6573033707865168,-0.6573033707865168,-0.6545454545454545,-0.6666666666666667,-1.4221311475409837,4.857142857142857,0.09401709401709413,-3.7857142857142856,-0.24,0.07125700560448367,0.046483180428134485,0.07039337474120089,-0.014018691588784993,0.014598540145985384,-0.09394145677331511,0.01501501501501501,-0.03858625162127116,0.04632152588555849,0.03053435114503822,-0.08598712717176393
2011-01-29,-0.06385140037730375,-0.13049312311304928,0.026201774293377333,0.09620991253644307,-0.27753303964757714,0.7428139183055975,6.426229508196721,6.426229508196721,6.368421052631579,6.888888888888888,-12.679611650485437,-0.7439024390243902,7.140625,-1.455128205128205,0.14372469635627527,0.18721973094170385,0.24313267095265934,0.1682785299806575,-0.27014218009478674,0.20383693045563533,0.11570247933884281,0.3106508875739644,-0.22833052276559862,0.08984375,0.06666666666666665,-0.2067933907120172
2011-04-30,0.08742830568904036,0.220679012345679,0.1837555287494974,-0.07646276595744683,-0.23644986449864502,-0.3585069444444444,-0.6357615894039735,-0.6357615894039735,-0.6285714285714286,-0.647887323943662,-1.0149625935162094,-2.0476190476190474,-1.4030710172744723,2.007042253521127,0.37787610619469025,0.10355681460497324,0.1993417959567465,0.04801324503311255,-0.20779220779220775,0.5119521912350598,-0.04781144781144775,0.015048908954100826,-0.2976398601398601,0.0346475507765831,0.01388888888888884,0.3217477080190321
2011-07-30,-0.0734141126158232,-0.16182048040455121,-0.002207880434782594,-0.030237580993520474,-0.44543034605146403,0.1087054578258908,0.3999999999999999,0.3999999999999999,0.46153846153846145,0.45999999999999996,-14.38888888888889,-4.863636363636363,-2.6142857142857143,-2.2224824355971897,-0.33526011560693647,0.10981175128351373,0.35358682869462954,0.07030015797788325,-0.42622950819672134,0.4005270092226616,0.042432814710042344,0.08895478131949597,-0.4013690105787182,0.03926096997690531,0.03424657534246589,-0.13569515782079977
2011-10-29,0.002615384615384686,-0.013574660633484115,0.020595744680851125,0.1165553080920565,-0.16800000000000004,-0.11554109031733117,-0.5930735930735931,-0.5930735930735931,-0.5789473684210527,-0.5753424657534246,-1.5352697095435683,1.0705882352941178,-0.6592920353982301,0.028735632183908066,-0.518840579710145,-0.012079157029041387,0.0,0.05092250922509223,-0.16666666666666674,0.7215428033866416,-0.07869742198100405,0.013614703880190593,-0.1704781704781705,0.016666666666666607,0.0331125827814569,-0.11651767574156846
2012-01-28,-0.06275893816173084,-0.09480122324159024,-0.00433622414943291,0.0146276595744681,-0.7365384615384616,0.6168353265869366,2.8297872340425534,2.8297872340425534,2.75,2.4516129032258065,-10.085271317829458,-1.0738636363636365,2.238095238095238,-1.813780260707635,0.8775100401606426,0.06711758584807503,0.0,-0.08637640449438211,-0.7314285714285714,0.2808743169398906,0.020618556701030855,0.14775016789791806,-0.7192982456140351,-0.10382513661202175,0.019230769230769162,-0.10785328274117512
2012-04-28,0.08316961362148012,0.18918918918918926,0.13015075376884422,-0.15465268676277855,-1.9562043795620438,-0.3871977240398293,-0.6527777777777778,-0.6527777777777778,-0.6416666666666666,-0.6168224299065421,-1.1561433447098977,-10.538461538461538,-1.8770053475935828,-0.1967963386727689,0.37540106951871666,0.12091662603607989,0.0,-0.032282859338969905,-1.9574468085106385,3.1736348122866893,0.27128427128427135,0.014628437682855377,0.0,-0.04146341463414638,0.0062893081761006275,0.40668900631524685
2012-07-28,-0.004081015719467951,-0.035511363636363646,0.012894619831036014,0.0852713178294573,0.8702290076335877,0.11374187558031568,0.1439999999999999,0.1439999999999999,0.16279069767441867,0.19512195121951215,-3.120218579234973,0.564516129032258,-1.4344512195121952,-1.264957264957265,-0.07231726283048212,0.002174858634188759,0.0,-0.11199364575059578,0.8888888888888888,0.0,0.038024971623155324,0.014417531718569743,0.0,-0.10305343511450393,-0.006249999999999978,-0.11127399331164967
2012-10-27,-0.024586431932007935,-0.08505154639175261,0.015803336259877065,0.08000000000000007,1.1020408163265305,-0.14547728220091705,-0.4825174825174825,-0.4825174825174825,-0.48,-0.4693877551020408,-1.3350515463917525,-0.21134020618556704,0.2771929824561403,5.946236559139785,-0.5414920368818106,0.0687934027777779,0.0,-0.02415026833631484,1.1058823529411765,0.0,0.18097320940404615,0.07106310403638427,0.0,-0.015602836879432536,-0.012578616352201255,-0.15283505154639176
2013-02-02,-0.06348218453399723,-0.11267605633802813,0.013108614232209659,0.01719576719576721,0.970873786407767,0.8809756097560975,4.554054054054054,4.554054054054054,4.4230769230769225,4.3076923076923075,-10.815384615384616,-0.607843137254902,1.7170329670329672,-1.3498452012383901,0.413162705667276,-0.023147208121827467,0.0,0.0760769935838681,0.9664804469273742,0.0,-0.001388888888888995,0.013269639065817351,0.0,0.037463976945244726,0.03821656050955413,-0.1276543961058716
2013-05-04,-0.040372154842997166,-0.13650793650793647,-0.037395137210294305,-0.17425227568270485,-0.020689655172413834,-0.4118257261410788,-0.6520681265206812,-0.6520681265206812,-0.6524822695035462,-0.6521739130434783,-1.0940438871473355,1.6333333333333333,-0.8867542972699697,-2.730088495575221,-0.5058214747736094,-0.025566410309706855,0.0,0.05877342419080067,-0.025568181818181768,0.0,-0.1441817338896615,0.01571503404924046,0.0,0.012500000000000178,0.042944785276073594,0.04568598730557305
2013-08-03,0.05124653739612195,0.10189075630252109,0.024076809453471126,0.1692913385826771,-0.1338028169014085,0.10934744268077612,0.2447552447552448,0.2447552447552448,0.26530612244897966,0.27083333333333326,-4.95,0.4113924050632911,-0.2678571428571429,-1.432225063938619,0.4424083769633509,0.14590443686006815,0.0,0.0675784392598553,-0.13411078717201164,0.0,0.1148429035752978,0.015471892728210479,0.0,0.03429355281207114,0.03529411764705892,-0.057630736392742854
2013-11-02,0.09288537549407105,0.22974261201143942,0.07543631905380077,0.16767676767676765,-0.04761904761904767,-0.13712241653418122,-0.4831460674157303,-0.4831460674157303,-0.4838709677419355,-0.4918032786885246,-1.8122362869198312,-0.24663677130044848,-6.195121951219512,-1.7455621301775148,-0.22867513611615242,0.09623976172747573,0.0,0.0135644310474754,-0.05050505050505061,0.0,0.048104956268221644,0.015236160487557049,0.0,0.010610079575597009,0.0,0.05315685164212902
2014-02-01,0.08468957203134408,0.22093023255813948,0.01488733905579398,0.053056516724336866,-0.5487804878048781,0.7586365730078304,4.326086956521739,4.326086956521739,4.28125,4.32258064516129,-4.322077922077922,-0.36904761904761907,-1.1830985915492958,-9.682539682539682,2.5741176470588236,0.008999830191883218,0.0,0.04535315985130106,-0.549645390070922,0.0,-0.009272137227630983,0.015007503751875984,0.0,0.09973753280839892,-0.045454545454545525,0.15941931581423496
2014-05-03,-0.07432620172270077,-0.1793650793650794,-0.03898506673714819,-0.1703176341730559,0.645945945945946,-0.37375589313776847,-0.6795918367346938,-0.6795918367346938,-0.680473372781065,-0.6787878787878787,-1.0695856137607507,0.2735849056603774,3.9102564102564106,-1.5548446069469835,-0.3996050032916393,-0.068158869067654,0.0,-0.01778093883357046,0.6456692913385826,0.0,-0.15067852129153025,0.06604238541153284,0.0,0.004773269689737347,-0.023809523809523836,-0.010897918961219721
2014-08-02,0.031067086897793805,0.044100580270793,0.01388888888888884,0.04290429042904287,-0.1724137931034483,0.11877875365955659,0.197452229299363,0.197452229299363,0.14814814814814814,0.15094339622641506,-7.01123595505618,0.4740740740740741,-0.7336814621409922,-1.3871499176276771,0.2576754385964912,0.0382878815242913,0.0,-0.018826937002172306,-0.17703349282296643,0.0,0.02203856749311317,0.015718908922792485,0.0,-0.0035629453681709222,-0.012195121951219412,0.0011135204829162415
2014-11-01,0.04061135371179048,0.05557613931085581,0.028346670283466713,0.13860759493670893,-0.13888888888888884,-0.13308411214953275,-0.2978723404255319,-0.2978723404255319,-0.27419354838709675,-0.2786885245901639,-1.142056074766355,0.18592964824120606,-0.11764705882352944,-2.7106382978723405,-0.3504795117698344,0.14072012523917188,0.0,0.023616236162361526,-0.13953488372093026,0.0,0.14016172506738522,0.015475648611743331,0.0,0.028605482717520836,-0.006172839506172867,-0.0728837372672988
2015-01-31,0.055252482864736274,0.13443313443313443,-0.007517805328409399,-0.06670372429127291,-1.0414746543778801,0.7546356188012073,3.2803030303030303,3.2803030303030303,3.355555555555555,3.340909090909091,-19.63157894736842,-0.4533898305084746,2.8222222222222224,-3.328358208955224,1.2563758389261745,0.21256480634339736,0.0,0.06488824801730364,-1.0405405405405406,0.0,0.16406619385342802,0.015239802779022815,-0.8928571428571429,0.05446118192352256,0.006211180124223503,0.21550798762391854
2015-05-02,-0.12009544008483564,-0.28279702970297027,-0.037342192691029896,-0.17153067301965452,-34.72222222222222,-0.38264929958220695,-0.5575221238938053,-0.5575221238938053,-0.5612244897959184,-0.5602094240837696,-1.1101694915254237,-0.2558139534883721,1.2703488372093021,-2.1025641025641026,-0.6139202855443189,0.12022132796780682,0.0,0.09004739336492906,-35.66666666666667,14.176019625881633,0.036555645816409355,0.11037527593818974,0.0,0.07802197802197819,0.012345679012345512,-0.1343376623376623
2015-08-01,0.02500753238927378,0.07765314926660905,0.028575372722252856,0.12868439971243717,0.06754530477759468,0.10071656050955413,-0.19199999999999995,-0.19199999999999995,-0.19767441860465118,-0.19047619047619035,-4.403846153846153,-0.05208333333333337,-0.6030729833546735,-1.126937984496124,0.20184899845916804,-0.03143242029636284,0.0,0.014906832298136496,0.07211538461538458,0.0,-0.11010971786833856,0.01988071570576544,0.0,0.004077471967380175,0.012195121951219523,-0.04518722995679314
2015-10-31,0.17122281011169904,0.42674139311449166,0.15769695342906997,0.10063694267515921,0.015432098765432167,-0.10235081374321886,-0.18811881188118806,-0.18811881188118806,-0.1884057971014491,-0.19117647058823528,-1.2128060263653484,0.5934065934065933,-3.5451612903225804,3.0534351145038165,0.6807692307692308,0.0027816411682892728,0.0,-0.001835985312117483,0.017937219730941756,0.0,-0.01541171290180543,0.01949317738791434,0.0,0.013197969543147225,-0.01807228915662651,0.2962730186663316
2016-01-30,0.06575479984941657,0.16610549943883268,0.014491073498724694,0.08506944444444442,-0.6063829787234043,0.7707493956486704,2.8841463414634148,2.8841463414634148,2.9285714285714284,2.9090909090909087,-15.221238938053098,-0.23448275862068968,-1.3244613434727504,1.329566854990584,0.9435545385202135,0.09662505779010644,0.0,0.027590435315757222,-0.6035242290748899,0.0,0.06618962432915931,0.019120458891013437,0.0,0.033066132264528925,0.0,0.07466666666666666
2016-04-30,-0.12563287413163782,-0.2803176130895092,-0.02731116443834991,-0.14400000000000002,3.1969111969111967,-0.9328782707622298,-0.7613814756671899,-0.7613814756671899,-0.759090909090909,-0.7581395348837209,-1.0709396390790293,0.8468468468468469,2.765625,-2.0355699272433307,-0.5027472527472527,-0.08695193929173695,0.0,-0.10202863961813846,3.1999999999999993,0.0,-0.13884228187919456,0.022514071294559068,0.0,0.12706110572259943,-0.2024539877300613,-0.15921497856981726
2016-07-30,0.015486129814166416,-0.010364426613172828,0.018562030075187863,0.1333333333333333,0.03955841766329349,0.12881355932203387,0.6578947368421053,0.6578947368421053,0.6603773584905659,0.6730769230769229,-5.692982456140351,-0.07804878048780484,-0.6524896265560166,-1.0046838407494145,0.0047355958958168465,-0.1908114971718804,0.0,0.01926910299003337,0.04497354497354511,0.0,-0.12469556746225052,0.022018348623853212,0.0,0.3820998278829604,-0.2615384615384616,-0.12679759605065466
2016-10-29,0.01617822569950933,-0.025000000000000022,0.020876585928488955,0.10335349092908186,0.053097345132743445,-0.009009009009009028,-0.5158730158730158,-0.5158730158730158,-0.5113636363636364,-0.5172413793103449,-1.1962616822429906,0.7301587301587302,-0.4417910447761194,-104.16666666666667,-0.48625294579732914,0.06276747503566349,0.0,-0.025423728813559365,0.05316455696202538,0.0,0.013912075681691727,0.021543985637342722,0.0,0.35305105853051066,-0.28125,-0.11632765931297229
2017-01-28,0.06616207751533332,0.2006237006237006,0.0051971528640830655,0.0034877927254608476,-0.38739495798319323,34.2,4.180327868852459,4.180327868852459,4.116279069767442,4.190476190476191,-15.99047619047619,-0.6574923547400612,-0.04278074866310155,-3.0678513731825525,1.9571865443425076,-0.09892617449664431,0.0,0.006020066889632192,-0.3846153846153846,0.0,-0.06970362239297478,0.02108963093145877,0.0,-0.5761619880349746,1.36231884057971,0.19645340751043094
2017-04-29,-0.035250917992656006,-0.09033189033189037,-0.020231538720917208,-0.0908639523336644,0.14677640603566533,-0.7902031680440771,-0.8512658227848101,-0.8512658227848101,-0.85,-0.8486238532110092,-0.9955527318932655,0.3839285714285714,0.2849162011173185,-1.29609375,-0.1959669079627715,-0.22910770147475046,0.0,-0.06382978723404253,0.13671875,0.0,-0.23480825958702056,0.0206540447504302,0.0,-0.18892508143322473,0.15337423312883436,0.0005812263876781021
2017-07-29,-0.015097690941385467,-0.06186548223350252,-0.004818171389239456,-0.039868924085199375,0.09330143540669855,0.1304883052933936,0.47872340425531923,0.47872340425531923,0.45454545454545436,0.45454545454545436,29.571428571428573,0.25806451612903225,-0.047826086956521685,-0.4854881266490765,-0.12540192926045013,-0.04038647342995172,0.0,-0.109375,0.10652920962199319,0.0,0.007710100231302919,0.02023608768971341,0.0,-0.22891566265060248,0.15957446808510656,-0.02294510601219868
2017-10-28,0.0068272575035424055,-0.0091308758877241,0.029971181556196047,0.1484641638225257,0.2264770240700218,-0.04972776769509979,-0.38129496402877694,-0.38129496402877694,-0.375,-0.375,-1.3878504672897196,0.18461538461538463,0.41095890410958913,2.2051282051282053,-0.4595588235294118,-0.17780910189287147,0.0,-0.04066985645933019,0.23291925465838514,0.0,-0.08416220351951031,0.01983471074380172,0.0,-0.14930555555555547,0.12844036697247696,-0.1372175980975029
2018-02-03,0.04260491299897651,0.12389078498293515,-0.003917179630665957,0.005943536404160454,-0.32827832292595893,0.8418640183346067,6.72093023255814,6.72093023255814,6.933333333333334,6.733333333333333,-16.277108433734938,-0.49350649350649356,0.1941747572815533,-2.248,1.0612244897959182,0.29365662503061474,0.0,0.03408146300914372,-0.3198992443324937,0.0,0.3408521303258145,0.01944894651539708,0.0,0.587755102040816,-0.34959349593495925,0.11728224917309804
2018-05-05,-0.04908577739599951,-0.12238080777406624,-0.020449438202247205,-0.08517971442639094,0.2895086321381142,-0.4554126918291166,-0.927710843373494,-0.927710843373494,-0.9285714285714286,-0.9267241379310345,-1.0623028391167193,0.35897435897435903,-0.3414634146341463,-1.6192307692307693,-0.31881188118811876,-0.19519121544869367,0.0,-0.042604501607717005,0.2962962962962963,0.0,-0.22803738317757005,0.019077901430842648,0.0,-0.06041131105398456,0.018749999999999822,-0.04070556309362283
2018-08-04,-0.01664730933023617,-0.06055363321799312,0.002752924982794225,-0.0010764262648008671,0.1575695159629249,0.13632901751713633,1.0625,1.0625,1.117647058823529,1.117647058823529,-4.6835443037974684,0.07547169811320753,0.2798353909465021,-0.6086956521739131,-0.18313953488372092,-0.19360150552811095,0.0,-0.03862300587741385,0.1685714285714286,0.0,-0.1541565778853915,0.018720748829953227,0.0,-0.06019151846785231,0.024539877300613577,-0.05953452488105937
2018-11-03,0.027427821522309603,0.08029465930018409,0.045641729581331614,0.15409482758620685,0.16903914590747338,-0.07004021447721176,-1.4343434343434343,-1.4343434343434343,-1.4444444444444444,-1.4444444444444444,-1.6838487972508591,0.21637426900584789,-0.7138263665594855,1.619047619047619,-0.5871886120996441,-0.12689614935822646,0.0,-0.14410480349344978,0.16870415647921777,0.0,-0.0935114503816794,0.018376722817764257,0.0,-0.15283842794759817,0.011976047904191711,-0.0639185124418924
2019-02-02,0.033337591007791545,0.11148994203886797,-0.020347883163767677,-0.07282913165266103,-0.3386605783866058,0.7484684684684684,-13.55813953488372,-13.55813953488372,-13.375,-13.0625,-7.8542713567839195,-0.6586538461538461,1.5730337078651684,-3.1515151515151514,3.0603448275862073,0.031072502505846922,0.0,-0.1602040816326531,-0.33891213389121344,0.0,0.20736842105263165,0.018045112781954975,0.0,-0.16323024054982815,0.0,0.19878770174541738
2019-05-04,0.3594561186650185,-0.09601226993865031,0.3284198771635958,0.10624370594159105,0.03797468354430378,-0.458161582852432,-0.9259259259259259,-0.9259259259259259,-0.9242424242424242,-0.927461139896373,-1.0535190615835777,0.49295774647887325,-0.6244541484716157,-1.2507042253521128,-0.18895966029723987,-0.12896953985742066,0.0,-0.10449574726609956,0.03164556962025311,0.0,0.019180470793373816,0.008862629246676468,0.0,-0.014373716632443467,-0.09467455621301768,-0.18282059092293634
