Quarter end,Assets,Current Assets,Liabilities,Current Liabilities,Shareholders equity,Revenue,Earnings,Earnings available for common stockholders,EPS basic,EPS diluted,Cash from operating activities,Cash from investing activities,Cash from financing activities,Cash change during period,Cash at end of period,Price,ROE,ROA,Book value of equity per share,P/B ratio,P/E ratio,Cumulative dividends per share,Equity to assets ratio,Net margin,Asset turnover,Current ratio
1993-12-31,0.12677582203716176,0.0,0.16287250628597905,0.0,-0.06867054075941403,0.05874918099279269,-11.285763000852516,-11.285763000852516,-11.0,-0.3842364532019704,-0.20063385018956403,-0.8279552101791166,3.5231661192395736,-1.633253391919768,-0.38295344341470616,0.015228426395939021,0.7954545454545456,0.19999999999999996,-0.053012048192771166,-0.02083333333333337,-0.35522531160115056,inf,-0.1729041916167664,0.7575757575757573,0.03703703703703698,0.0
1994-03-31,0.12677582203716176,0.0,0.16287250628597905,0.0,-0.06867054075941403,0.05874918099279269,-11.285763000852516,-11.285763000852516,-11.0,-0.3842364532019704,-0.20063385018956403,-0.8279552101791166,3.5231661192395736,-1.633253391919768,-0.38295344341470616,0.015228426395939021,0.7954545454545456,0.19999999999999996,-0.053012048192771166,-0.02083333333333337,-0.35522531160115056,inf,-0.1729041916167664,0.7575757575757573,0.03703703703703698,0.0
1994-06-30,-0.018572775337231784,0.0,-0.015485511450144096,0.0,-0.03793415859975746,0.05874918099279269,-11.285763000852516,-11.285763000852516,-11.0,-0.3842364532019704,-0.20063385018956403,-0.8279552101791166,3.5231661192395736,-1.633253391919768,0.3930117823389816,-0.07625000000000004,0.7954545454545456,0.19999999999999996,-0.029262086513994978,-0.02083333333333337,-0.35522531160115056,1.0,-0.01990950226244348,0.7575757575757573,0.03703703703703698,0.0
1994-09-30,0.011227153614435936,0.0,0.01332577896110343,0.0,0.006052308837332765,0.0447654665811279,1.2248284321851273,1.2248284321851273,1.2400000000000002,-0.3842364532019704,1.124789617120765,7.747681091980766,-0.8404748675575018,-0.7221324717285945,0.07839503866701536,0.014884979702300516,0.7954545454545456,0.19999999999999996,0.022280471821756187,0.042553191489361764,-0.35522531160115056,0.5,-0.005540166204986097,0.7575757575757573,0.03703703703703698,0.0
1994-12-31,-0.018258477944556484,0.0,-0.0177867968290345,0.0,-0.021343431830616932,-0.04905192897421495,-0.41021495361919313,-0.41021495361919313,-0.40625,-0.3842364532019704,-0.5749412133173586,-0.7120874951016289,1.686426650113801,0.5468928707586733,0.11245297137749688,-0.01733333333333331,0.7954545454545456,0.19999999999999996,-0.019230769230769162,-0.04081632653061229,-0.35522531160115056,0.3333333333333335,-0.002785515320334331,0.7575757575757573,0.03703703703703698,0.0
1995-03-31,-0.007110620046385963,0.0,-0.02486198478738133,0.0,0.11797556996688807,0.09841460520851864,1.7093913438944894,1.7093913438944894,1.736842105263158,-0.3842364532019704,2.0285883595903362,3.8081011504446582,-0.7036238302460815,-2.660320394331485,-0.16783447622962566,0.05427408412483037,0.7954545454545456,0.19999999999999996,0.11764705882352944,0.08510638297872353,-0.35522531160115056,0.25,0.12569832402234637,0.7575757575757573,0.03703703703703698,0.0
1995-06-30,0.33820040939567564,0.0,0.3686940620711341,0.0,0.15230491961868675,0.22039860174795,0.9572154613698887,0.9572154613698887,0.956043956043956,-0.3842364532019704,-1.1330296250717649,0.16300350582361234,-48.10182778932779,-3.8272534976064128,0.5702118104932266,0.18404118404118397,0.6306098964326812,0.19999999999999996,0.15204678362573087,0.05882352941176472,-0.35522531160115056,0.19999999999999996,-0.1389578163771712,0.6091954022988508,0.0,0.0
1995-09-30,0.030058512435322315,0.0,0.028101764080776803,0.0,0.04554578237694318,0.09740464055420062,-0.07947084552272232,-0.07947084552272232,-0.5393258426966292,-0.3842364532019704,-1.329930425863387,-1.019182605362803,-1.0022225553041093,-0.3555771401569843,0.234017807775172,0.1902173913043479,0.20818630910374036,0.19999999999999996,0.045685279187817285,0.0277777777777779,-0.3182156133828996,0.16666666666666674,0.015369836695485084,0.18571428571428572,0.0,0.0
1995-12-31,-0.055635549892244285,0.0,-0.08287248723588914,0.0,0.1316053118023357,0.10800648119135836,0.9281867470659024,0.9281867470659024,0.9268292682926831,-0.3842364532019704,16.254370014077896,-34.21226388011713,10.204799338022342,-1.3510469284666775,-0.06640606893994405,0.13698630136986312,0.44626168224299056,0.5161290322580645,0.13106796116504849,0.09009009009009006,0.05997818974918223,0.2857142857142856,0.19772942289498574,0.4231927710843373,0.0714285714285714,0.0
1996-03-31,0.043948341638717414,0.0,0.055967714608094354,0.0,-0.02524670154271913,-0.08202521851148148,-0.505006972583453,-0.505006972583453,-0.504746835443038,-0.3842364532019704,-0.7072946855797588,-1.4429016454090011,8.85156192304852,-10.376269219611256,0.6685974348365742,0.08835341365461868,0.016558966074313286,0.014184397163120588,-0.018884120171673846,-0.04132231404958686,-0.3734567901234569,0.22222222222222232,-0.06635071090047384,0.014814814814814836,0.0,0.0
1996-06-30,-0.026364377906103575,0.0,-0.03708609497604343,0.0,-0.004744293772647512,1.9823570224897225e-05,0.026843817787418622,0.026843817787418622,0.03833865814696491,-0.3842364532019704,-1.9761904761904763,0.13505074160811859,-0.3073463268365817,-1.3842821782178218,-0.15397966774113558,-0.040590405904059046,-0.05323798172427485,-0.020979020979020935,0.013123359580052618,-0.017241379310344862,-0.12643678160919536,0.18181818181818188,0.02284263959390853,-0.04588112617309703,0.03333333333333344,0.0
1996-09-30,0.00979784293206376,0.0,0.0040079698507071715,0.0,0.04808197582764051,0.03403639535344727,0.026142064959070455,0.026142064959070455,0.03692307692307706,-0.3842364532019704,-2.583581201665675,-1.5526134800550206,-0.24350649350649356,-0.4476650563607085,-0.10052754982415002,0.010000000000000009,-0.03273185060847672,0.010714285714285676,0.04835924006908465,-0.00877192982456143,0.03195488721804507,0.15384615384615374,0.03804797353184464,-0.012021857923497303,0.0,0.0
1996-12-31,0.013602457218078179,0.0,0.007630824860033858,0.0,0.04229488235504775,-0.01520234649080765,-0.36232629953679873,-0.36232629953679873,-0.3649851632047477,-0.3842364532019704,1.5296769346356123,4.90230242688239,-2.959227467811159,-0.9650145772594753,-0.003910068426197455,0.09748667174409742,-0.2750542299349241,-0.2720848056537102,0.042009884678748,0.053097345132743445,-0.020036429872495543,0.13333333333333353,0.027888446215139417,-0.2511061946902655,-0.032258064516129115,0.0
1997-03-31,0.029316076415052628,0.0,0.03721686533767654,0.0,-0.013297141286421121,-0.038524430601518445,-0.034301856335754666,-0.034301856335754666,-0.028037383177570097,-0.3842364532019704,-1.7479952479952479,-1.5993674222456509,-0.6801752464403067,-128.0,0.4985279685966635,0.16238723108952113,-0.10951526032315984,-0.09708737864077677,-0.012648221343873556,0.10924369747899165,0.5706319702602229,0.1470588235294117,-0.041085271317829464,-0.08862629246676512,0.0,0.0
1997-06-30,-0.0025521335721832017,0.0,-0.010522865990144403,0.0,0.029332219010806515,-0.03846854690125734,-0.7333890513999164,-0.7333890513999164,-0.7355769230769231,-0.3842364532019704,-0.9414333928925948,-0.8527704485488127,-1.389269406392694,-0.8681102362204725,0.04387688277668622,-0.04238805970149262,-0.2701612903225805,-0.26344086021505364,0.028823058446757255,-0.030303030303030276,0.05088757396449717,0.10256410256410242,0.031527890056588515,-0.23987034035656407,-0.033333333333333326,0.0
1997-09-30,0.014855503141486315,0.0,0.006523594891757245,0.0,0.04891855928189637,0.07628813880524721,2.09717868338558,2.09717868338558,2.127272727272727,-0.3842364532019704,-10.579661016949153,-19.57706093189964,-36.287390029325515,-4.432835820895523,-0.14429109159347553,0.08416458852867836,-0.2237569060773481,-0.21167883211678828,0.04902723735408565,0.0546875,0.4436936936936935,0.09302325581395343,0.03369905956112862,-0.20042643923240933,0.0,0.0
1997-12-31,-0.01339445872688827,0.0,-0.024281602127756985,0.0,0.03907929818525835,0.044567046210431505,0.4822874493927125,0.4822874493927125,0.4825581395348837,-0.3842364532019704,0.6928520877565463,-0.7560614830535726,-1.0087260034904013,-2.2840579710144926,0.2165200391006843,0.03162737205290411,0.033214709371292894,0.05555555555555558,0.03931750741839757,-0.014814814814814836,0.29407176287051473,0.08510638297872353,0.05307050796057622,0.05066666666666664,0.0,0.0
1998-03-31,0.012471057287527065,0.0,0.0162666499775741,0.0,-0.014040206516228504,-0.10190665268204979,-1.2857630590645273,-1.2857630590645273,-1.2862745098039217,-0.3842364532019704,-1.631061872909699,-1.370419193250725,2.580952380952381,-3.2460496613995486,-0.3997589393330655,-0.04124860646599793,-0.42135476463834676,-0.4122807017543859,-0.014275517487508882,-0.07518796992481214,-0.09825195901145267,0.07843137254901977,-0.02591792656587466,-0.4035532994923857,0.0,0.0
1998-06-30,0.012788736713000848,0.0,0.009088529772504517,0.0,0.028711146556971157,0.12715063293779072,-3.953405017921147,-3.953405017921147,-3.9452054794520546,-0.3842364532019704,0.2855250082808878,1.5857651245551603,1.3324468085106385,-0.4346733668341709,-0.37650602409638556,-0.06860465116279069,0.35515873015873023,0.3880597014925371,0.031136857349746583,-0.056910569105691144,0.570855614973262,0.07272727272727253,0.015521064301551979,0.348936170212766,0.0,0.0
1998-09-30,-0.004853831415207899,0.0,-0.01702333970733827,0.0,0.07223298990105076,0.10122483718176434,1.496359223300971,1.496359223300971,1.502325581395349,-0.3842364532019704,-2.379283689770678,-1.6044591246903386,2.660205245153934,-0.9528888888888889,-0.028448738593666145,-0.1179775280898876,0.5915080527086385,0.6344086021505377,0.0821629213483146,-0.14655172413793094,-0.3659574468085106,0.0847457627118644,0.07714701601164498,0.577287066246057,0.034482758620689724,0.0
1998-12-31,-0.0013098702242554383,0.0,0.004182087215057528,0.0,-0.02948311784684765,-0.15043935549992438,-1.5117485010533138,-1.5117485010533138,-1.5260223048327137,-0.3842364532019704,-1.1522510741640202,-1.493624772313297,-1.2476635514018692,-21.07547169811321,0.5878453038674034,0.10969568294409049,-0.5731370745170193,-0.5657894736842105,-0.008436080467229101,0.030303030303030276,-0.3248322147651006,0.0625,-0.02770270270270281,-0.562,0.0,0.0
1999-03-31,0.033757178477542116,0.0,0.031589667496165985,0.0,0.041622554209308715,0.0993968159794325,-1.1437618746041798,-1.1437618746041798,-1.1448763250883391,-0.3842364532019704,-6.444171779141104,-1.742619926199262,-4.140880503144654,0.06672932330827064,0.39491997216423114,-0.04783163265306123,0.24353448275862077,0.25757575757575757,0.06086387434554985,-0.03921568627450989,1.2425447316103377,0.0588235294117645,0.007644197359277127,0.23287671232876717,0.03333333333333344,0.0
1999-06-30,0.006136425648021859,0.0,0.013732929564005625,0.0,-0.028120235652844938,0.01609972837329776,4.601321585903084,4.601321585903084,4.682926829268293,-0.3842364532019704,0.9238224025242281,7.754037267080745,0.020824989987985543,-1.9339207048458151,-0.26440508855076084,-0.14467515070328196,0.0,0.0,-0.012954966070326979,-0.19387755102040816,-0.3355496453900709,0.05555555555555558,-0.0344827586206895,0.0037037037037037646,0.0,0.0
1999-09-30,-0.015440041871299992,0.0,-0.010117880451026573,0.0,-0.04081533843323326,-0.03861133732252242,0.06685017695635076,0.06685017695635076,0.08154506437768227,-0.3842364532019704,-1.505037488284911,-2.1450262523059456,0.2075323656335819,-1.641509433962264,0.23058663953882674,-0.014095536413469056,-0.5684575389948008,-0.5783132530120482,-0.026874999999999982,0.0,-0.04736490993996001,0.05263157894736836,-0.0257142857142858,-0.5645756457564576,-0.032258064516129115,0.0
1999-12-31,-0.04334598980045745,0.0,-0.0521002520070144,0.0,0.007288879915198665,-0.11113157167848264,-1.7659417618872097,-1.7659417618872097,-1.8253968253968256,-0.3842364532019704,5.131060078868012,2.378733424216136,-0.14814814814814814,-3.6323529411764706,-0.4932488288784789,-0.1239078633836378,0.42971887550200805,0.4285714285714286,0.07450224791265248,-0.10126582278481022,0.9068627450980393,0.04999999999999982,0.052785923753665864,0.43220338983050843,0.0,0.0
2000-03-31,0.04267120812741054,0.0,0.0555029517447061,0.0,-0.012648205498261067,-0.03173813963124095,-1.8835418671799808,-1.8835418671799808,-1.8701923076923077,-0.3842364532019704,-0.9686731489538799,-0.78678061842057,0.7559115179252478,-1.2128491620111732,0.20717781402936386,-0.24841341795104266,0.4073033707865168,0.3999999999999999,-0.004781829049611552,-0.2957746478873239,-0.4256334924715387,0.059523809523809534,-0.05292479108635095,0.443786982248521,-0.033333333333333326,0.0
2000-06-30,-0.016604121621808243,0.0,-0.020052431811285243,0.0,0.011460183728366324,0.14080619624288593,1.7810457516339868,1.7810457516339868,1.8563535911602207,-0.3842364532019704,0.6582125603864735,-0.986581799415104,-1.3123370981754996,-0.6246719160104988,0.06441441441441431,0.17973462002412544,0.5229540918163675,0.5142857142857142,0.011411411411411443,0.17999999999999994,-0.18094629156010233,0.04494382022471921,0.028676470588235192,0.5327868852459017,-0.0344827586206895,0.0
2000-09-30,0.03127544745399091,0.0,0.026011208576998124,0.0,0.06171972221107147,0.08336615465406338,0.3309831570701136,0.3309831570701136,0.3326885880077368,-0.3842364532019704,-4.405680990531682,-53.64102564102564,-1.5354659248956883,-2.3986013986013983,-0.08463817181548883,0.2638036809815951,0.5137614678899083,0.5377358490566035,0.061757719714964354,0.23728813559322037,-0.22014051522248246,0.043010752688172005,0.029306647605432667,0.5133689839572191,0.03571428571428559,0.0
2000-12-31,-0.03506605602509372,0.0,-0.05206086273888921,0.0,0.05781991417282639,-0.038207187867876136,-0.26000588581518536,-0.26000588581518536,-0.25979680696661833,-0.3842364532019704,-2.5273738237810095,-3.043351193375548,0.8948051948051947,0.05499999999999994,-0.0975496994914471,0.20954692556634313,0.5627705627705626,0.601226993865031,0.05760626398210289,0.15068493150684925,-0.2382382382382382,0.04123711340206193,0.09652777777777777,0.5547703180212014,0.034482758620689724,0.0
2001-03-31,0.03734351433678862,0.0,0.03410516353184945,0.0,0.05381955303768171,-0.08130388609896144,-0.060847086896003155,-0.060847086896003155,-0.5294117647058824,-0.3842364532019704,-0.9719966395967516,-0.7451728247914183,0.41946538725154214,-0.3696682464454977,-0.06813524590163933,0.15852842809364565,0.1024930747922439,0.14942528735632177,0.0539397144368059,0.09523809523809534,-0.2798948751642575,0.04950495049504955,0.015832805573147368,0.13068181818181834,0.0,0.0
2001-06-30,0.011734959652575538,0.0,0.05543049611025874,0.0,-0.179083216036088,-0.15389890282131657,-3.9964005928435316,-3.9964005928435316,-3.9916666666666667,-0.3842364532019704,11.335,0.6145930776426567,-0.44471269917914047,0.24060150375939848,-0.09070918086860913,0.2419168591224019,-0.8884422110552763,-0.89,-0.17711991971901664,0.17391304347826098,0.07299270072992692,0.04716981132075482,-0.1889027431421446,-0.8844221105527639,-0.06666666666666654,0.0
2001-09-30,0.01627575897304223,0.0,0.018067017252455297,0.0,0.0029541182060446314,0.12096792867893935,-1.1170859242509892,-1.1170859242509892,-1.1183844011142061,-0.3842364532019704,-3.584515605999189,-0.8418308227114716,5.079130434782608,-0.5818181818181818,-0.04171704957678357,-0.18735471873547194,-2.1666666666666665,-2.121212121212121,0.030487804878048808,-0.0092592592592593,6.340136054421769,0.04504504504504481,-0.013066871637202215,0.0,-0.0357142857142857,0.0
2001-12-31,-0.004580845372988973,0.0,-0.0037280890607752637,0.0,-0.006251287332646793,0.06463674110186113,0.13518406759203372,0.13518406759203372,0.14117647058823524,-0.3842364532019704,-0.7365119196988708,-11.065934065934066,-1.5784580174510086,-4.304347826086957,0.14384858044164028,-0.02231121281464532,1.227799227799228,1.135135135135135,-0.004142011834319503,-0.05607476635514019,0.0,0.0431034482758621,-0.0015576323987537277,0.0,-0.03703703703703709,0.0
2002-03-31,0.012123410820572778,0.0,8.48677634515127e-05,0.0,0.09621423315680921,-0.07128720555706469,0.3444976076555024,0.3444976076555024,0.268041237113402,-0.3842364532019704,-1.8023809523809524,0.5010917030567685,1.2445598417408505,-3.2850877192982457,-0.2873690016547159,0.13165593914569929,0.4142114384748701,0.35443037974683533,0.10814022578728455,0.13861386138613851,0.0,0.04132231404958686,0.08346333853354126,0.0,-0.03846153846153855,0.0
2002-06-30,0.01864806455594148,0.0,0.02073583535793877,0.0,0.016790039422558856,-0.028789904730068483,-0.36536180308422306,-0.36536180308422306,-0.3089430894308943,-0.3842364532019704,-7.882789317507418,-0.2735757575757576,-1.3036245455546986,-2.015355086372361,0.4094427244582044,-0.01499482936918295,-1.924019607843137,-1.9439252336448598,0.032707774798927725,-0.11304347826086947,0.0,0.039682539682539764,-0.002159827213822907,2.4347826086956523,0.040000000000000036,0.0
2002-09-30,-0.0267375750318688,0.0,-0.037600860926234714,0.0,0.03270015713183261,-0.12285419266015574,0.22118380062305287,0.22118380062305287,0.24705882352941178,-0.3842364532019704,-0.34651864625996986,-0.4366761221424996,-0.4847605224963716,1.3950850661625709,0.6957715540911587,-0.17270341207349083,0.0053050397877985045,0.03960396039603964,0.036344755970924236,-0.1960784313725491,-0.7191844300278035,0.03816793893129766,0.06132756132756145,0.08101265822784809,-0.03846153846153855,0.0
2002-12-31,-0.06608060199207255,0.0,-0.08193597926764884,0.0,0.011542270640136909,-0.023200490496627868,-0.17397959183673473,-0.17397959183673473,-0.08490566037735858,-0.3842364532019704,-0.35691901698828965,-0.4946682464454977,1.4133802816901406,-1.9739542225730071,-0.39961139896373055,-0.12055837563451777,-0.06860158311345654,-0.01904761904761909,0.012024048096192397,-0.1585365853658537,-0.16501650165016502,0.03676470588235281,0.08293677770224339,0.032786885245901676,-0.07999999999999996,0.0
2003-03-31,0.02519299598976743,0.0,0.024910653765262136,0.0,0.03027093420677862,-0.008461171508197585,-0.0030883261272390827,-0.0030883261272390827,-0.1030927835051546,-0.3842364532019704,-1.4773018722749423,-3.368698710433763,-0.4458710242194339,-1.2277147487844409,0.15156418554476803,0.05339105339105332,-0.13739376770538236,-0.10679611650485443,0.030198019801980225,0.04347826086956519,0.05335968379446654,0.03546099290780136,0.005021971123666091,-0.07482993197278909,0.0,0.0
2003-06-30,0.04708131271076499,0.0,0.04577965850996368,0.0,0.05676742719411165,0.07624328978020856,0.17596034696406448,0.17596034696406448,0.1724137931034484,-0.3842364532019704,-5.087587318645889,-3.519673348181143,-2.2201158504476037,-1.9181494661921707,-0.12084309133489457,-0.004109589041095929,0.009852216748768461,0.04347826086956519,0.05670350792888024,-0.02777777777777779,0.09099437148217637,0.03424657534246589,0.00936914428482205,0.06862745098039214,-0.0434782608695653,0.0
2003-09-30,0.02765653896961684,0.0,0.06647060544874606,0.0,-0.1429891108858442,-0.07300661129802599,-8.427291886195995,-8.427291886195995,-8.450980392156861,-0.3842364532019704,1.2759300644143554,0.5926144175996857,-1.2762192490289168,-2.7713178294573644,0.24347362812999473,0.023383768913342706,-2.28130081300813,-2.260416666666667,-0.14324693042291947,-0.02857142857142847,-0.020636285468615623,0.0331125827814569,-0.16584158415841577,0.0,0.0,0.0
2003-12-31,0.0011222002838280343,0.0,-0.0067850506325447535,0.0,0.054467581772915,0.0968274111675127,-1.2359367241257004,-1.2359367241257004,-1.236842105263158,-0.3842364532019704,-0.723964650840409,-0.6078564380858411,-2.6703125,-2.1181619256017505,-0.22536418166238215,-0.011424731182795744,-0.18781725888324863,-0.20661157024793397,0.05467091295116777,0.1470588235294117,0.0,0.03205128205128216,0.05267062314540061,0.0,0.0,0.0
2004-03-31,-0.004174322587437995,0.0,-0.005919729874913626,0.0,0.006106221108527876,-0.19213236144857104,-0.9723391461214672,-0.9723391461214672,-0.9722222222222222,-0.3842364532019704,-1.101067168863779,-0.6496304450385281,1.0916744621141254,-0.07045009784735812,-0.2627212389380531,0.2719238613188306,0.22187500000000004,0.18750000000000022,0.00603925515853021,0.20512820512820507,0.0,0.03105590062111796,0.010570824524313016,0.0,-0.045454545454545525,0.0
2004-06-30,-0.07225894130419641,0.0,-0.07883210101081839,0.0,-0.039615889514287295,0.12124770852428957,38.858695652173914,38.858695652173914,38.599999999999994,-0.3842364532019704,-25.546583850931675,1.4501795332136447,-3.6042039355992843,-2.2084210526315786,0.43060765191297823,0.040085515766969504,-0.17263427109974439,-0.19298245614035092,-0.04002001000500233,0.03191489361702127,0.0,0.030120481927710774,0.03486750348675027,0.0,0.0,0.0
2004-09-30,-0.006889343823703986,0.0,-0.021881086227067192,0.0,0.07211736509006483,-0.032979946353301814,-0.3886010362694301,-0.3886010362694301,-0.38888888888888895,-0.3842364532019704,0.016953441295546545,1.6167796299688586,-1.294006525845784,-1.8989547038327528,-0.270582066072365,-0.028263103802672163,-2.3013910355486864,-2.358695652173913,0.07243355914538796,0.020618556701030855,0.0,0.029239766081871288,0.08018867924528306,0.3784403669724772,0.0,0.0
2004-12-31,0.030492890729959754,0.0,0.02469588521862498,0.0,0.06152032484827319,0.07185502192634852,0.9924174843889384,0.9924174843889384,0.9834710743801653,-0.3842364532019704,-0.6034668657211578,0.2461323066153307,7.077102803738319,-2.565891472868217,0.5808770668583754,0.11528291909042832,0.09501187648456066,0.1359999999999999,0.060738581146744464,0.030303030303030276,0.10184372256365237,0.02840909090909083,0.029943855271366226,0.14143094841930104,0.0,0.0
2005-03-31,0.006605563394531666,0.0,0.008230893107086912,0.0,-0.00010694307337943965,-0.07793168038645437,-0.3436310723080367,-0.3436310723080367,-0.34166666666666656,-0.3842364532019704,-1.1202677264170675,-1.0048873658783215,-0.9891524443158808,-1.4183168316831682,-0.15370623010459294,0.11948790896159323,0.24295010845986975,0.288732394366197,-0.0004580852038478245,0.05882352941176472,0.0007968127490038945,0.027624309392265234,-0.0066626287098728865,0.2521865889212829,0.0,0.0
2005-06-30,0.0008580529483428467,0.0,-0.01258224652644746,0.0,0.0614659349881117,0.07738158879503909,0.2895634379263301,0.2895634379263301,0.2911392405063291,-0.3842364532019704,-25.58086956521739,72.75862068965517,-128.65333333333334,-5.150887573964497,0.7538957549704459,0.053367217280813284,-0.03752181500872598,0.0,0.06141154903758017,0.05555555555555536,-0.17117834394904463,0.026881720430107503,0.06036585365853675,0.0011641443538996654,0.0,0.0
2005-09-30,0.0060807522824726234,0.0,0.008600315456883445,0.0,-0.006107674898076287,0.02659587664673624,-0.38508331129330864,-0.38508331129330864,-0.38725490196078427,-0.3842364532019704,-0.6872789019385879,-1.788997974131214,-0.9691351577188219,-1.879543834640057,-0.37806372549019607,0.14394853236831517,-0.020852221214868516,-0.005464480874316946,-0.006476683937823746,0.07894736842105265,0.13544668587896247,0.02617801047120416,-0.012075905692926936,-0.016279069767441867,0.04761904761904767,0.0
2005-12-31,-0.05306286510531111,0.0,-0.075278917206681,0.0,0.020985728768618817,-0.0072258875274897605,-0.7569892473118279,-0.7569892473118279,-0.752,0.0,2.5502262443438912,2.7894528935413785,-6.3181049069373945,-0.7155591572123177,-0.10344827586206895,0.09103690685413013,-0.3018518518518519,-0.2802197802197802,0.02042590178183401,0.09756097560975618,0.08544839255499159,0.025510204081632626,0.07799767171129224,-0.2907801418439716,0.0,0.0
2006-03-31,0.00927901567160383,0.0,0.008090107808070623,0.0,0.016681815751483642,0.03322784810126578,7.3787610619469035,7.3787610619469035,7.225806451612902,1.032,-0.5801045118531736,-0.9466277494006046,-2.8854597518294622,0.028490028490028463,-0.1983516483516483,0.04703608247422686,0.16047745358090193,0.19847328244274798,0.01916524701873934,0.022222222222222143,0.46999220576773193,0.024875621890547484,0.0075593952483801186,0.15000000000000013,0.045454545454545414,0.0
2006-06-30,0.005307620486910469,0.0,-0.009545537376415392,0.0,0.06260471056684569,0.007727647543880334,0.003168567807350975,0.003168567807350975,-0.6627450980392157,-0.6653543307086615,0.41402337228714514,11.763671875,-1.6795477556530543,-1.7590027700831024,0.1877998629198081,0.07753846153846156,0.05942857142857161,0.09554140127388555,0.073129962390305,0.05797101449275366,-0.09119830328738066,0.029126213592232997,0.05680600214362275,0.06956521739130439,0.0,0.0
2006-09-30,0.05673546227862225,0.0,0.031064493727396503,0.0,0.13707065993580225,0.05374886026231507,0.08907138344914722,0.08907138344914722,0.09302325581395343,0.10588235294117654,-0.9001824621659332,0.34980872226472837,3.199652346660045,-0.27007299270072993,0.11540680900173106,0.05139920045688173,0.1596548004314995,0.2209302325581397,0.13746105919003115,-0.020547945205479423,-0.030921820303383973,0.03301886792452824,0.07606490872210969,0.2032520325203251,0.04347826086956519,0.0
2006-12-31,0.014547661935773393,0.0,0.005617397663120638,0.0,0.026071817192600655,0.083155839545616,0.1782675947409127,0.1782675947409127,0.17021276595744705,0.18085106382978733,-0.6655913978494623,-1.3043305747647658,-1.3472682119205297,-1.9649999999999999,-0.09984480082772895,0.07821835958718104,0.2855813953488371,0.338095238095238,0.03937007874015741,-0.04895104895104885,-0.12763395544852496,0.027397260273972712,0.011310084825636224,0.30405405405405395,0.0,0.0
2007-03-31,-0.001837907724805521,0.0,-0.018548157013924205,0.0,0.02519119126398328,-0.045534616960262175,0.06777157860190353,0.06777157860190353,0.09090909090909083,0.08108108108108092,-1.1993569131832797,-0.25833488545352956,-0.2945683636982802,0.15544041450777213,-0.1281609195402299,0.08992443324937027,0.02387843704775694,0.06405693950177938,0.03754940711462451,0.051470588235293935,-0.2028985507246377,0.026666666666666616,0.027493010251630867,0.061312607944732145,0.0,0.0
2007-06-30,0.03645966358959396,0.0,0.04338262142702676,0.0,0.01312250628047873,-0.004807176427667037,-0.2136161057322883,-0.2136161057322883,-0.20833333333333337,-0.20833333333333337,-376.96774193548384,-6.4620793571069814,-0.5923244026068066,-0.42152466367713004,-0.08503625576796303,0.1432863415761496,-0.028975265017667784,-0.010033444816053505,0.016825396825396854,0.09790209790209792,0.04502164502164496,0.025974025974025983,-0.02267573696145131,-0.0032546786004882255,0.0,0.0
2007-09-30,-0.007199119911991181,0.0,-0.014113865666849579,0.0,0.0081565973336446,0.0034502835701808454,-0.19874926714872,-0.19874926714872,-0.18947368421052624,-0.18947368421052624,-0.12080652080652077,0.731080459770115,-11.130254588513914,-0.6356589147286822,-0.03386167146974062,-0.037396401859712936,-0.06404657933042213,-0.05405405405405406,0.018732438339057245,-0.05095541401273884,-0.06048053024026512,0.025316455696202445,0.015313225058004587,-0.05387755102040814,0.0,0.0
2007-12-31,-0.036546617547796534,0.0,-0.059333175952427264,0.0,0.01803892518794159,-0.04805192014269444,-0.06439024390243897,-0.06439024390243897,-0.038961038961038974,-0.051948051948051965,-0.36722943300478184,-0.6618682106716953,-1.0016364699006428,-5.446808510638298,0.19313944817300532,0.00041999160016814585,-0.11741835147744939,-0.10357142857142854,0.017775053631627236,-0.020134228187919434,0.042328042328042326,0.024691358024691468,0.05667276051188308,-0.08196721311475419,0.0,0.0
2008-03-31,0.010686260334652031,0.0,0.02302619527385974,0.0,-0.01898698197942128,0.025577352868140002,0.4468196037539103,0.4468196037539103,0.4189189189189191,0.43835616438356184,0.14666872301048728,-0.033854371219857016,70.42857142857143,1.6794258373205744,0.3500000000000001,-0.06612090680100757,-0.05374449339207055,-0.047808764940239,-0.018970189701897122,-0.08219178082191769,0.03130287648054142,0.028112449799196693,-0.02941176470588236,-0.042293233082706716,-0.04166666666666663,0.0
2008-06-30,-0.02744108619882435,0.0,-0.03760273604669906,0.0,-0.027583009793127444,-0.13669381465991637,7.754954954954956,7.754954954954956,8.104761904761904,8.085714285714284,-0.09616677874915935,-0.016260162601625994,-0.135,-1.6964285714285714,-0.18055555555555558,0.02719712294897736,2.3547486033519553,2.3891213389121337,0.18047882136279925,0.04477611940298498,0.07136997538966372,0.0234375,0.0,2.4710500490677134,0.0,0.0
2008-09-30,-0.018253055548126507,0.0,-0.004446759819152657,0.0,-0.06197485251176926,-0.24273329933707288,-1.0281951018728133,-1.0281951018728133,-1.032426778242678,-1.0324947589098532,-2.081845238095238,-2.234710743801653,-1.138728323699422,-2.5128205128205128,0.33333333333333326,-0.07746170678336994,-0.06716625034693313,-0.07160493827160497,-0.0613624544981799,-0.2142857142857142,-0.7327718223583461,0.022900763358778553,-0.044563279857397387,0.008764489680520127,-0.08695652173913049,0.0
2008-12-31,-0.04849013171336336,0.0,-0.014446437915825672,0.0,-0.16612667556063787,-0.38989898989898986,5.992700729927007,5.992700729927007,6.096774193548388,6.096774193548388,-2.371389270976616,-2.5180722891566267,6.333333333333333,-2.7796610169491522,-0.44491525423728817,-0.30550284629981017,-0.18298125557869682,-0.2207446808510639,-0.16426592797783934,-0.26363636363636367,-0.23782234957020054,0.02238805970149249,-0.12360074626865669,-0.08632286995515692,-0.1428571428571429,0.0
2009-03-31,-0.002719841962867009,0.0,0.0006826585758983317,0.0,0.018665244552795945,0.6683222958057395,-0.32463465553235904,-0.32463465553235904,-0.32272727272727275,-0.32272727272727275,-0.4292878635907723,-0.5114638447971782,-1.1193181818181819,-1.0666666666666667,0.05343511450381677,-0.180327868852459,-0.23051711580480705,-0.26109215017064846,0.018230029830957895,-0.012345679012345734,0.11654135338345872,0.021897810218977964,0.021287919105907216,-0.1846625766871166,-0.11111111111111105,0.0
2009-06-30,0.02817689867512585,0.0,0.0018381307915331657,0.0,0.12302744746092298,0.16903738008600722,-1.525502318392581,-1.525502318392581,-1.5302013422818792,-1.523489932885906,-0.5483304042179262,-0.5063176895306859,-2.142857142857143,-1.2857142857142856,-0.01449275362318836,0.05541666666666667,-1.4633222905821108,-1.4549653579676673,0.12890625,0.02499999999999991,0.5387205387205387,0.025000000000000133,0.09223553934340822,0.0,0.0,0.0
2009-09-30,0.048610917213458116,0.0,0.020012105621548093,0.0,0.13385721896643576,0.05772495755517837,0.3764705882352941,0.3764705882352941,0.36708860759493667,0.3846153846153846,1.1634241245136185,0.8866544789762341,-3.625,-11.0,0.1470588235294117,0.1993683379392026,-0.4433094994892748,-0.4365482233502538,0.14273356401384096,0.07317073170731714,0.0,0.020905923344947785,0.08158396946564883,0.0,0.0625,0.0
2009-12-31,-0.013872616892107836,0.0,-0.01744983866780403,0.0,-0.007459180077528438,0.022471910112359605,-0.13888888888888884,-0.13888888888888884,-0.12962962962962976,-0.12037037037037046,0.6429856115107915,1.108527131782946,-7.0476190476190474,0.7,0.21794871794871784,0.14581961816984879,-1.6642201834862385,-1.7027027027027026,0.009336361342417332,0.0,0.0,0.020477815699658786,0.006175562417291447,-0.8495109104589917,0.11764705882352944,0.0
2010-03-31,0.024098825435398874,0.0,0.016551854298386237,0.0,0.03828628912953436,-0.028519099947671323,0.042183622828784184,0.042183622828784184,0.05319148936170226,0.04210526315789487,-0.8390804597701149,-0.8111213235294118,-0.8320209973753281,-2.6176470588235294,-0.2894736842105263,0.043665613329502806,1.7099447513812156,1.8205128205128203,0.048249999999999904,0.03409090909090917,5.021881838074398,0.020066889632106788,0.014028934677772886,1.755,0.05263157894736836,0.0
2010-06-30,-0.010493705095247496,0.0,-0.02840592625598748,0.0,0.0375584178730195,-0.06113654726636142,-0.12857142857142856,-0.12857142857142856,-0.11111111111111105,-0.12121212121212122,0.7210884353741496,-1.6301703163017032,-13.640625,-0.19999999999999996,-0.32592592592592595,-0.04101293696669406,-0.030581039755351758,0.00454545454545463,0.0381588361554972,-0.08791208791208793,-0.6667877906976745,0.01967213114754096,0.04842196281885003,0.019056261343012526,0.0,0.0
2010-09-30,0.023474866438401687,0.0,0.018917679431323053,0.0,0.035924196649272266,0.06167527251864602,-0.9016393442622951,-0.9016393442622951,-0.8977272727272727,-0.896551724137931,-0.8122529644268774,-2.057915057915058,-1.26946847960445,-1.8863636363636362,0.4505494505494505,0.026119402985074425,-0.27970557308096733,-0.26696832579185525,0.04089133930622557,-0.012048192771084376,0.0021810250817884125,0.022508038585209,0.012371134020618513,-0.25912733748886907,0.0,0.0
2010-12-31,-0.007081397013837365,0.0,-0.0028318517685007594,0.0,-0.021687258073068594,0.0037827614158336687,11.944444444444445,11.944444444444445,11.333333333333336,11.333333333333336,-10.91578947368421,-4.978102189781022,-1.738532110091743,-1.3333333333333333,-0.09090909090909094,0.08475524475524487,0.029197080291970545,0.043209876543209846,-0.01566983005958955,0.04878048780487809,0.45484221980413486,0.018867924528301883,-0.014663951120162944,0.05889423076923084,-0.050000000000000044,0.0
2011-03-31,-0.004064134667068675,0.0,-0.012205901713340017,0.0,0.012791327913279193,-0.012651413189771143,-0.1802575107296137,-0.1802575107296137,-0.1711711711711712,-0.1711711711711712,-2.1985138004246285,-1.7486238532110092,0.9378881987577641,-1.2307692307692308,0.02499999999999991,0.08793192367199576,-0.0439716312056736,-0.029585798816567865,0.024887892376681542,0.10465116279069764,0.03141361256544495,0.01851851851851838,0.016949152542373058,-0.026106696935300766,0.0,0.0
2011-06-30,0.0013426882725393607,0.0,0.001218536994021635,0.0,0.014288772342930578,-0.03435114503816794,-0.3403141361256544,-0.3403141361256544,-0.32608695652173914,-0.32608695652173914,-1.1886625332152347,-2.457107843137255,2.048076923076923,7.333333333333334,0.2032520325203253,0.0009480919649205166,-0.10089020771513357,-0.09146341463414642,0.026033690658499253,-0.03157894736842093,0.023930384336475763,0.0181818181818183,0.01300813008130075,-0.09440559440559437,0.0,0.0
2011-09-30,0.0031024464630795556,0.0,0.0029285361122732834,0.0,0.0011080040099191724,-0.02936194240542067,-0.3571428571428571,-0.3571428571428571,-0.33870967741935487,-0.35483870967741926,-6.2018779342723,-1.6105971404541632,-0.5804416403785488,-1.8,-0.1351351351351351,-0.09495619228036933,0.11056105610561051,0.11409395973154357,0.02025586353944564,-0.11956521739130432,-0.012039660056657242,0.017857142857142794,-0.0020064205457464013,0.13127413127413123,0.0,0.0
2011-12-31,-0.012187930017692139,0.0,-0.012097080015168737,0.0,-0.007325814272161946,0.011925538103548572,0.654320987654321,0.654320987654321,0.6341463414634148,0.7,0.7518050541516246,1.1349862258953167,-0.020050125313283207,-1.0,0.0078125,-0.024594453165881713,-0.16196136701337294,-0.15662650602409633,-0.007941483803552862,-0.03703703703703709,-0.12401433691756258,0.01754385964912286,0.004825090470446325,-0.14334470989761094,0.0,0.0
2012-03-31,0.02474295190713094,0.0,0.019519404245518457,0.0,0.03148393947438288,0.07617131359586082,0.36940298507462677,0.36940298507462677,0.3880597014925373,0.3529411764705881,-0.8310149407521896,-0.669032258064516,-1.39386189258312,-inf,-0.2325581395348837,0.035139484978540914,-0.023049645390070816,-0.014285714285714346,0.03138824520749961,0.03846153846153855,0.20540098199672663,0.02011494252873569,0.006402561024409614,-0.018592297476759834,0.0,0.0
2012-06-30,0.001139306059036782,0.0,-0.000602420979310625,0.0,0.003963351863289999,-0.09508547008547008,-0.8474114441416893,-0.8474114441416893,-0.8494623655913979,-0.8478260869565217,1.3719512195121952,0.2573099415204678,-1.616883116883117,-2.2666666666666666,0.3737373737373737,0.03576055973049996,-0.19237749546279503,-0.19565217391304346,0.007148692810457602,0.012345679012345512,0.03598099117447373,0.016901408450704203,0.002783300198807126,-0.17861975642760486,-0.052631578947368474,0.0
2012-09-30,0.028786468032278023,0.0,0.030233390472243604,0.0,0.01712381440656241,0.09651711924439188,2.1607142857142856,2.1607142857142856,2.214285714285714,2.214285714285714,0.2802056555269923,0.15348837209302335,1.336842105263158,-0.21052631578947367,0.24264705882352944,0.024518388791593848,0.004494382022471877,0.009009009009008917,0.02210504968566207,0.012195121951219523,0.25425950196592395,0.016620498614958512,-0.011102299762093426,-0.0016474464579900872,0.05555555555555558,0.0
2012-12-31,0.005870226512808996,0.0,0.011939588970964587,0.0,-0.019154191239477814,-0.0026917900403768957,-1.1807909604519775,-1.1807909604519775,-1.1777777777777778,-1.1777777777777778,-0.2449799196787149,0.603494623655914,-3.2477477477477477,0.9666666666666666,0.34911242603550297,0.012698412698412653,-0.3512304250559284,-0.3571428571428572,-0.014880952380952328,-0.012048192771084376,-0.010449320794148398,0.016348773841961872,-0.024859663191659997,-0.3564356435643564,0.0,0.0
2013-03-31,0.007410554729383456,0.0,0.009955732225133351,0.0,0.0004111208181303283,0.007827260458839413,-8.5625,-8.5625,-8.75,-8.75,-0.19148936170212771,-0.4694048616932104,-1.034068136272545,-1.8305084745762712,-0.2149122807017544,0.034965034965035,-0.2206896551724139,-0.2222222222222222,0.00805639476334341,0.04878048780487809,0.5844772967265048,0.01608579088471851,-0.006990131578947345,-0.21794871794871795,-0.052631578947368474,0.0
2013-06-30,-0.007045922544471228,0.0,-0.008802060970373504,0.0,-0.016232598756870553,-0.0024102838778790048,0.11157024793388426,0.11157024793388426,0.11290322580645151,0.11290322580645151,-1.1726973684210527,0.042654028436019065,-45.1764705882353,-0.7346938775510203,-0.07262569832402233,0.04473438956197584,0.4911504424778763,0.4642857142857144,-0.011988011988011915,0.04651162790697683,0.32222592469176936,0.01846965699208436,-0.00952380952380949,0.4459016393442623,0.05555555555555558,0.0
2013-09-30,-0.006696149713914523,0.0,-0.012905205400332131,0.0,0.010652185264476977,-0.0056375838926174815,0.048327137546468446,0.048327137546468446,0.05797101449275366,0.05797101449275366,-8.866666666666667,-0.1333333333333333,-1.2210386151797603,-8.0,0.5481927710843373,0.025423728813559254,0.16617210682492578,0.15853658536585358,0.010920121334681454,0.03333333333333344,-0.31023185483870963,0.015544041450777257,0.01755852842809369,0.16099773242630389,0.0,0.0
2013-12-31,0.005395547729845296,0.0,0.006290113185466906,0.0,0.0053216223198140344,0.05021598272138239,-1.702127659574468,-1.702127659574468,-1.6986301369863015,-1.6986301369863015,-0.07021791767554475,1.5052447552447554,-5.234939759036145,-0.5824175824175823,0.14785992217898825,0.03892996955197936,-0.21882951653944016,-0.22105263157894728,0.004800960192038239,0.032258064516129004,-0.10960906101571066,0.015306122448979664,0.0,-0.228515625,0.0,0.0
2014-03-31,0.023317779807102923,0.0,0.03003652354042119,0.0,0.011820330969267046,-0.03778920308483291,-1.297979797979798,-1.297979797979798,-1.2941176470588236,-1.2941176470588236,-0.44921875,-0.5554780181437544,-0.6685633001422475,-0.8421052631578947,0.02033898305084736,-0.04982206405693956,-0.30944625407166126,-0.31081081081081074,0.014134979096157796,-0.06249999999999989,0.21748050882232262,0.015075376884422065,-0.011092851273623694,-0.3063291139240506,0.0,0.0
2014-06-30,0.013336919183893015,0.0,0.015047807218713682,0.0,0.008583908980089427,-0.04007480630510285,0.9661016949152543,0.9661016949152543,1.0,1.0,0.8179669030732861,-0.18053375196232335,-2.1759656652360517,-4.833333333333334,-0.07973421926910296,-0.0337078651685393,-0.37735849056603776,-0.37254901960784315,0.02277188849627021,-0.04444444444444451,0.3946747556454331,0.014851485148514865,-0.004985459077690102,-0.36861313868613144,-0.052631578947368474,0.0
2014-09-30,-0.052657610924795484,0.0,-0.07170788508663684,0.0,-0.01007201490658205,-0.01948232674645145,0.7931034482758621,0.7931034482758621,0.8333333333333335,0.8333333333333335,0.17555266579973994,-1.371647509578544,1.7153284671532845,-16.17391304347826,1.299638989169675,-0.017783857729138153,-0.28787878787878785,-0.28125,0.008445297504798388,-0.03488372093023262,0.5538907684871917,0.017073170731707332,0.045093945720250606,-0.2774566473988439,0.0,0.0
2014-12-31,-0.002062932165187381,0.0,0.005691498324377875,0.0,-0.01917891845144226,-0.01617939256315637,0.0,0.0,0.0181818181818183,0.0181818181818183,-0.011061946902654829,-3.6030927835051547,-0.11693548387096775,-1.7822349570200573,-0.4285714285714286,-0.03876508820798519,2.202127659574468,2.217391304347826,-0.01674914350970691,-0.04819277108433728,0.3143079315707622,0.014388489208633226,-0.01717938473831404,2.3040000000000003,0.0,0.0
2015-03-31,0.0032666811285362307,0.0,0.005138038237429532,0.0,0.0014522821576763434,0.0034622042700518385,-0.47596153846153844,-0.47596153846153844,-0.4821428571428572,-0.4821428571428572,-0.9530201342281879,-1.186138613861386,-0.6605783866057839,-0.6593406593406593,-0.2554945054945055,-0.02463173146582942,0.08970099667774112,0.09459459459459452,0.006387921022067422,-0.012658227848101222,-0.693645722399716,0.014184397163120366,-0.001626016260162677,0.10411622276029053,0.0,0.0
2015-06-30,-0.007733106088549158,0.0,-0.00574148500731575,0.0,-0.016884193080588306,-0.012363427257044313,0.5596330275229358,0.5596330275229358,0.5862068965517244,0.5862068965517244,23.88095238095238,-13.0,-1.2556053811659194,-0.7634408602150538,-0.08118081180811809,-0.0004951720722952135,0.09756097560975596,0.09876543209876543,0.005577995768416999,0.0,-0.08265739667825422,0.013986013986013957,-0.009364820846905597,0.09649122807017552,0.0,0.0
2015-09-30,-0.006191117092866794,0.0,-0.00566287279026878,0.0,-0.012538194078600795,-0.07743813682678313,0.07058823529411762,0.07058823529411762,0.08695652173913038,0.08695652173913038,0.060287081339712945,-0.5097517730496454,-9.280701754385966,-4.590909090909091,0.31726907630522083,-0.07827594748575673,-0.02499999999999991,-0.0337078651685393,0.011859219586840108,-0.08974358974358987,-0.1574736842105262,0.01379310344827589,-0.006165228113440224,-0.01200000000000001,-0.05555555555555547,0.0
2015-12-31,-0.0193855440334314,0.0,-0.002997433447610498,0.0,-0.06311352966282546,0.05175134111707158,-2.1043956043956045,-2.1043956043956045,-2.1399999999999997,-2.1399999999999997,0.22021660649819497,-0.3707052441229657,0.8792372881355932,0.4177215189873418,0.3414634146341464,-0.015318462778822872,-0.603988603988604,-0.6046511627906976,-0.020793950850661602,-0.028169014084507116,0.011494252873563093,0.013605442176870763,-0.04466501240694776,-0.6072874493927125,0.0,0.0
2016-03-31,0.015717686672190867,0.0,0.016535447866363517,0.0,0.015488867376573179,-0.04800480048004796,-1.5074626865671643,-1.5074626865671643,-1.526315789473684,-1.526315789473684,-0.889792899408284,-0.5488505747126438,-0.8613303269447576,-2.178571428571429,-0.30000000000000004,0.00245633187772909,-0.007194244604316502,-0.02941176470588236,0.015444015444015635,0.02898550724637694,1.6684782608695654,0.015659955257270708,-0.00043290043290045155,-0.005154639175257714,0.0,0.0
2016-06-30,0.025367761317725,0.0,0.037948945451856675,0.0,0.0062804912241349875,0.042231326820044046,-1.6372549019607843,-1.6372549019607843,-1.6333333333333333,-1.6333333333333333,3.174496644295302,5.114649681528663,-4.113821138211382,-1.303030303030303,0.1298701298701299,0.06643071059079775,-0.927536231884058,-0.9393939393939394,0.011977186311787014,0.04225352112676051,0.051101647842992204,0.013215859030836885,-0.01862278042442611,-0.927461139896373,0.0,0.0
2016-09-30,-0.008524557038758318,0.0,-0.018699244906681844,0.0,0.018110894399554267,-0.006047777441790192,-6.030769230769231,-6.030769230769231,-6.105263157894736,-6.105263157894736,0.5192926045016077,-0.24062499999999998,-1.5691906005221932,-1.1,-0.011494252873563204,0.04340056165432715,8.1,9.499999999999998,0.01859853466090544,0.04054054054054057,16.99806235687863,0.013043478260869712,0.026919682259488154,7.857142857142858,0.0,0.0
2016-12-31,-0.02437968105161259,0.0,-0.03391891401401037,0.0,-0.00585659551176787,0.015515667782172171,-0.11314984709480125,-0.11314984709480125,-0.12371134020618557,-0.12371134020618557,-0.43174603174603177,-0.532235939643347,-0.04587155963302747,3.25,-0.04941860465116277,0.08465867384389525,2.978021978021978,3.0,-0.004979712283290194,0.06493506493506485,-0.9149302666992905,0.012875536480686511,0.01890846583584027,3.024193548387097,0.0,0.0
2017-03-31,0.006789043528213634,0.0,0.002761444968346627,0.0,0.0178935197929857,-0.011384062312762122,0.01724137931034475,0.01724137931034475,0.03529411764705892,0.0235294117647058,-1.0018621973929236,-1.8005865102639296,-0.09615384615384615,-6.0,0.2599388379204892,0.05030453417550196,0.28453038674033126,0.29761904761904767,0.01779425393883205,0.04878048780487809,-0.7225034514496088,0.01271186440677985,0.010965837199493844,0.282565130260521,0.0,0.0
2017-06-30,0.02576704619135306,0.0,0.030254777070063632,0.0,0.01774123755949808,0.017878787878787827,-0.2169491525423729,-0.2169491525423729,-0.21590909090909094,-0.206896551724138,-1233.0,-7.6923076923076925,-3.851063829787234,-1.6470588235294117,-0.133495145631068,0.009450171821305808,0.33333333333333326,0.3486238532110091,0.018029502822801025,0.0,-0.22056384742951907,0.01464435146443499,-0.007509386733416723,0.3437499999999998,0.0,0.0
2017-09-30,0.005385519778511094,0.0,0.003109373579416319,0.0,0.010894982993197244,0.04822863947603451,-0.3203463203463204,-0.3203463203463204,-0.33333333333333326,-0.33333333333333326,-0.5300324675324675,-0.7082649151614668,-0.9832089552238806,-2.0727272727272728,0.1652661064425771,0.006382978723404209,-0.15645161290322585,-0.14965986394557818,0.01073345259391778,-0.011627906976744207,-0.2558510638297873,0.012371134020618735,0.005464480874316946,-0.16279069767441856,0.0,0.0
2017-12-31,0.000741886403359926,0.0,-0.0026465576623282416,0.0,0.009620945271016312,0.009656347628514528,2.0636942675159236,2.0636942675159236,2.1086956521739126,2.1086956521739126,0.3471502590673574,0.06566604127579745,-18.333333333333332,-0.05084745762711862,0.13461538461538458,0.04291754756871047,0.17782026768642445,0.18399999999999994,0.03362831858407067,0.0235294117647058,0.22873481057898504,0.012219959266802416,0.008779264214046734,0.17638888888888893,0.0,0.0
2018-03-31,0.015078028799035081,0.0,0.03486005089058519,0.0,-0.03499270985211411,0.007313642756680672,-0.3908523908523909,-0.3908523908523909,-0.3776223776223776,-0.3776223776223776,-0.3423076923076923,-1.0985915492957747,2.7884615384615383,-1.375,-0.044491525423728806,0.004662477194405046,-0.0016233766233766378,-0.013513513513513598,-0.006164383561643838,-0.02298850574712641,-0.16404886561954635,0.012072434607645954,-0.04931620389556568,-0.02125147579693032,0.0588235294117645,0.0
2018-06-30,-0.000668432649221451,0.0,0.034001896800028186,0.0,0.02045111159076196,0.002513264451270647,-0.21501706484641636,-0.21501706484641636,-0.1910112359550562,-0.1910112359550562,2.192982456140351,-24.089285714285715,-0.42978003384094754,-1.0952380952380953,0.0044345898004434225,0.015133171912832921,-0.001626016260162566,-0.006849315068493067,0.031185389386629847,0.0235294117647058,0.009046624913013224,0.011928429423459175,0.020924149956408122,-0.016887816646562137,0.0,0.0
2018-09-30,-0.024860030718921844,0.0,-0.03456534293576108,0.0,0.0021680503410712593,0.005013927576601684,0.20869565217391295,0.20869565217391295,0.22222222222222232,0.22222222222222232,-0.24053724053724057,-1.4021655065738592,3.887240356083086,58.0,0.26048565121412803,-0.002782746968793437,0.10423452768729624,0.10344827586206895,0.007852965747702667,-0.034482758620689724,-0.01172413793103444,0.013752455795677854,0.027754056362083723,0.0969325153374232,0.0,0.0
2018-12-31,-0.0051953000952683626,-0.2558983666061706,0.001601013388694339,-0.4010989010989011,-0.02289995778809628,-0.08896895787139691,-1.593525179856115,-1.593525179856115,-1.5909090909090908,-1.5909090909090908,-0.3352090032154341,-2.398076923076923,-0.8421372191863995,-2.406779661016949,-0.29071803852889666,-0.07195535180386681,-0.4985250737463126,-0.5,-0.013759946949602142,-0.08333333333333326,-0.17096999302163285,0.011627906976744207,-0.017449106771915246,-0.49440715883668906,0.0,0.24243925641127295
2019-03-31,0.02723581388222085,0.0,0.028403302301071465,0.0,0.02802678474997289,0.14298752662001823,-3.3878787878787877,-3.3878787878787877,-3.442307692307692,-3.442307692307692,-0.9020556227327691,-1.4126547455295735,0.726923076923077,-0.6024096385542168,-0.16296296296296298,-0.00021477663230251576,0.1499999999999999,0.16249999999999987,0.049588166078332385,0.012987012987013102,0.9890572390572387,0.011494252873563315,0.00042283298097256505,0.14380530973451333,0.0,0.0
