Quarter end,Assets,Current Assets,Liabilities,Current Liabilities,Shareholders equity,Revenue,Earnings,Earnings available for common stockholders,EPS basic,EPS diluted,Cash from operating activities,Cash from investing activities,Cash from financing activities,Cash change during period,Cash at end of period,Price,ROE,ROA,Book value of equity per share,P/B ratio,P/E ratio,Cumulative dividends per share,Equity to assets ratio,Net margin,Asset turnover,Current ratio
1998-03-27,-0.004488031914893664,-0.10233393177737882,0.0033082706766918157,0.046875,-0.014121144555927168,0.15830291970802923,0.1348314606741574,0.1348314606741574,-0.15000000000000002,-0.1351351351351351,0.45967741935483875,-0.2795031055900621,-1.995575221238938,-1.8465608465608465,-0.33472803347280333,-0.12750885478158214,0.011191573403554811,-0.09287925696594435,0.0076045627376426506,-0.13354037267080754,0.10126582278481022,inf,-0.009613234965347606,0.10325047801147225,-0.08870967741935487,-0.14256989659134434
1998-06-19,-0.004488031914893664,-0.10233393177737882,0.0033082706766918157,0.046875,-0.014121144555927168,0.15830291970802923,0.1348314606741574,0.1348314606741574,-0.15000000000000002,-0.1351351351351351,0.45967741935483875,-0.2795031055900621,-1.995575221238938,-1.8465608465608465,-0.33472803347280333,-0.12750885478158214,0.011191573403554811,-0.09287925696594435,0.0076045627376426506,-0.13354037267080754,0.10126582278481022,inf,-0.009613234965347606,0.10325047801147225,-0.08870967741935487,-0.14256989659134434
1998-09-11,0.02771748205042579,0.0086666666666666,0.07883693045563556,0.040000000000000036,-0.03656238220882024,-0.1087042142575817,-0.14851485148514854,-0.14851485148514854,-0.15000000000000002,-0.1351351351351351,0.12154696132596676,0.5344827586206897,-0.9644444444444444,-1.10625,0.053459119496855445,-0.12750885478158214,0.011191573403554811,-0.09287925696594435,-0.007547169811320753,-0.13354037267080754,0.10126582278481022,0.40000000000000013,-0.06252821670428899,0.10325047801147225,-0.08870967741935487,-0.03015075376884413
1999-01-01,0.012672623883021927,-0.11896893588896229,0.017782717421505945,-0.18943742824339838,0.005477308294209671,-0.5695978789217853,0.3255813953488371,0.3255813953488371,0.0,0.0,-0.5221674876847291,0.5112359550561798,-39.5,7.0,0.16417910447761197,-0.16035182679296345,0.011191573403554811,-0.09287925696594435,-0.0019011406844106071,-0.15412186379928317,0.10126582278481022,0.4285714285714286,-0.007223693715386448,0.10325047801147225,-0.08870967741935487,0.08704663212435237
1999-03-26,0.03513556874699186,-0.02025506376594144,0.0013650013650012838,-0.04815864022662886,0.0832684824902723,0.9455852156057496,-0.1228070175438597,-0.1228070175438597,0.2058823529411764,0.1875,0.39175257731958757,-0.4014869888475836,-1.094155844155844,-1.4044117647058822,-0.14102564102564108,0.38839645447219984,0.011191573403554811,-0.09287925696594435,0.06285714285714294,0.38983050847457634,0.10126582278481022,0.19999999999999996,0.04656803298569012,0.10325047801147225,-0.08870967741935487,0.029234191293295186
1999-06-18,0.01658400495970236,-0.05130168453292494,0.004907306434023928,0.05729166666666674,0.03196839080459779,0.07757255936675467,0.1399999999999999,0.1399999999999999,0.12195121951219523,0.10526315789473673,0.7333333333333334,0.22360248447204967,3.5517241379310347,0.7272727272727273,-0.28358208955223885,0.12478235635519441,0.011191573403554811,-0.09287925696594435,0.034050179211469356,0.057926829268292845,0.10126582278481022,0.25,0.015063731170336103,0.10325047801147225,-0.08870967741935487,-0.10270659668622006
1999-09-10,0.06571123646897403,0.11945117029862784,0.12832338578404778,0.11330049261083741,-0.014618865297598371,-0.023016650342801204,-0.1578947368421053,-0.1578947368421053,-0.15217391304347827,-0.1428571428571429,-0.08974358974358976,0.41116751269035534,-2.128787878787879,-1.8842105263157896,0.3500000000000001,-0.0737874097007224,-0.0013020833333331483,-0.09287925696594435,0.0,-0.10374639769452454,-0.10305192231470472,0.19999999999999996,-0.07534246575342463,0.0641247833622185,-0.07079646017699104,0.005505218488358832
1999-12-31,0.047782546494992806,0.15356885364095163,0.061793700408752095,0.10176991150442483,0.027198869657364844,0.40701754385964906,-0.0625,-0.0625,-0.07692307692307698,-0.02777777777777779,-0.3943661971830986,-0.45683453237410077,0.25503355704697994,0.9642857142857142,0.5092592592592593,-0.08356545961002781,-0.08474576271186451,-0.09287925696594435,0.032928942807625816,-0.08360128617363338,-0.10605391073795845,0.11111111111111116,-0.019506172839506175,-0.254071661237785,0.21904761904761894,0.04710847496292914
2000-03-24,0.03085745494265435,-0.022499999999999964,0.0778985507246377,-0.042455536431440066,-0.040577716643741435,-0.2280014250089063,0.04444444444444451,0.04444444444444451,0.08333333333333348,0.05714285714285716,-0.8372093023255813,0.880794701986755,-0.2192513368983957,-1.709090909090909,-0.23926380368098155,-0.07477203647416408,-0.015669515669515688,-0.05460750853242324,-0.02348993288590595,-0.10526315789473695,-0.0034602076124568004,0.1499999999999999,-0.0695039032989172,-0.045851528384279416,-0.0078125,0.020806100217864998
2000-06-16,0.001059602649006619,-0.00703324808184147,-0.015126050420168013,0.02156980227681249,0.028673835125448077,0.10336871250576829,0.34042553191489366,0.34042553191489366,0.35897435897435903,0.3513513513513513,11.095238095238095,-0.8345070422535211,-2.1575342465753424,-1.3247863247863247,0.10215053763440851,0.10906701708278566,0.03111432706222872,-0.0036101083032490378,0.027491408934708028,0.13725490196078427,0.11656746031746046,0.13043478260869557,0.027604871447902468,-0.006864988558352492,0.0,-0.02795859566748482
2000-09-08,0.011643291876157758,-0.05537669027688341,-0.015145051194539239,0.04809384164222874,0.05540069686411142,-0.03680468423253869,-0.12698412698412698,-0.12698412698412698,-0.13207547169811318,-0.14,0.3307086614173229,2.4893617021276597,0.21893491124260356,-1.8421052631578947,-0.07804878048780484,0.1409952606635072,0.01684210526315799,0.0126811594202898,0.05518394648829417,0.1103448275862069,0.08307418924922239,0.1153846153846152,0.04345535949433765,0.0,0.015748031496062964,-0.09880338127127031
2000-12-29,0.07729531781323562,-0.035446489434219464,0.07645657353259683,0.07274762171236704,0.07857378672829318,0.3977420755536256,0.3545454545454545,0.3545454545454545,0.326086956521739,0.37209302325581395,-0.29881656804733725,2.2378048780487805,-2.2135922330097086,0.375,-0.1164021164021164,0.007788161993769416,0.106280193236715,0.10554561717352429,0.07448494453248822,-0.0434782608695653,-0.03486464315012294,0.10344827586206917,0.001009591115598285,0.09447004608294929,0.007751937984496138,-0.10086490437324891
2001-03-23,0.004977540366638333,0.03957597173144878,-0.030382293762575507,-0.09806990088680234,0.058769513314967936,-0.23547685616651137,-0.18791946308724827,-0.18791946308724827,-0.180327868852459,-0.2033898305084746,-0.890295358649789,-1.0677966101694916,-1.104,-1.8181818181818183,0.10778443113772451,0.09582689335394123,0.0,0.032362459546925404,0.05899705014749257,0.01948051948051943,-0.04334891627709303,0.09375,0.05370650529500742,0.02736842105263171,0.007692307692307665,0.15268933748814528
2001-06-15,0.06185068857211884,0.24745071380013606,0.07677941481635187,0.022556390977443552,0.04105232726221453,-0.004469727752945962,0.07438016528925617,0.07438016528925617,0.06000000000000005,0.06382978723404253,5.076923076923077,-4.305555555555555,-11.192307692307692,7.444444444444445,0.8216216216216217,0.04184297132110948,-0.0474111041796631,-0.029780564263322873,0.04038997214484685,-0.015923566878981,-0.010661928031985846,0.08571428571428585,-0.019621919119406472,0.002049180327868827,-0.03053435114503822,0.21991067230841566
2001-09-07,0.026166097838452806,0.061580381471389556,0.03777221044517254,0.04355203619909509,0.009441821716190013,-0.03142857142857147,-0.22307692307692306,-0.22307692307692306,-0.2264150943396227,-0.21999999999999997,0.6708860759493671,-0.6386554621848739,-1.079245283018868,-0.3421052631578947,0.2967359050445104,0.017599277978339378,-0.06024885396201707,-0.05654281098546032,0.009370816599732379,-0.02265372168284785,0.017512348450830828,0.10526315789473673,-0.016353429338540337,-0.024539877300613466,-0.03937007874015752,0.017246362848058583
2001-12-28,0.009645232815964633,0.09342915811088304,0.04531104921077067,-0.023306233062330595,-0.043191196698762035,0.20859671302149185,-2.1485148514851486,-2.1485148514851486,-2.1463414634146343,-2.2051282051282053,-1.1818181818181819,7.2558139534883725,-17.476190476190474,-1.285,-0.06521739130434778,-0.2372505543237251,-0.5358885017421602,-0.5410958904109588,-0.0450928381962864,-0.2450331125827815,-0.2215357458075905,0.0714285714285714,-0.052357320099255644,-0.5136268343815513,-0.05737704918032793,0.1195302140556922
2002-03-22,-0.06083232678159656,-0.29107981220657275,-0.12861964825013328,-0.06381798002219752,0.0488786658999425,-0.17573221757322177,-1.706896551724138,-1.706896551724138,-1.7234042553191489,-1.6808510638297873,-2.145833333333333,-0.8591549295774648,-2.8265895953757223,10.0,-0.7674418604651163,0.163953488372093,-0.17567567567567577,-0.17164179104477606,0.0430555555555554,0.2192982456140351,1.550453514739229,0.06666666666666665,0.1167844985598323,-0.15517241379310343,-0.017391304347826098,-0.24272419627749575
2002-06-14,-0.0024552788495264544,0.04966887417218535,-0.029153924566768574,0.10314167160640197,0.03344298245614041,0.09390862944162426,0.5731707317073171,0.5731707317073171,0.5588235294117647,0.5625,3.2727272727272725,-2.44,-0.5300632911392404,-1.0159489633173844,0.05263157894736836,0.045454545454545414,-0.016393442622950838,0.0045045045045044585,0.038615179760319585,0.003597122302158251,0.257390531229162,0.08333333333333348,0.0361078546307152,-0.020408163265306145,0.026548672566371723,-0.048486202658920785
2002-09-06,-0.00445382090951707,-0.05741324921135649,-0.006509869802603929,0.003224073078989864,-0.001856763925729421,-0.051044083526682105,-0.20155038759689925,-0.20155038759689925,-0.18867924528301894,-0.18000000000000005,-0.2638297872340426,1.375,-0.2154882154882155,10.1,0.5549999999999999,-0.15527950310559002,0.0,0.022421524663677195,0.014102564102564052,-0.18637992831541217,-0.15538271168463846,0.05769230769230771,0.0024892509617560066,0.005208333333333481,0.01724137931034475,-0.06046730069273221
2003-01-03,-0.02331057216858956,0.16733601070950477,-0.0016909744240117819,0.1821103374397428,-0.05049162901939941,-0.5774246128769356,-1.3592233009708738,-1.3592233009708738,-1.372093023255814,-1.3902439024390243,-0.6936416184971098,-0.2748538011695907,0.22317596566523612,-1.972972972972973,-0.36334405144694537,-0.11085972850678727,0.39074074074074083,0.4342105263157894,-0.034134007585335024,-0.12334801762114533,-0.13415655085809974,0.07272727272727253,-0.02776523702031597,0.6994818652849741,-0.15254237288135586,-0.01249687578105474
2003-03-28,0.005906460945033665,-0.01089449541284404,0.016726656785941207,-0.15768010874490257,-0.008396305625524736,0.9421407907425265,-4.135135135135135,-4.135135135135135,-4.125,-4.0,-2.9245283018867925,0.846774193548387,-1.7017543859649122,-4.027777777777778,1.6515151515151514,0.008905852417302684,0.1304926764314247,0.13149847094801226,0.0,0.045226130653266416,-0.28353879622915146,0.05084745762711873,-0.014162990480613091,0.17073170731707288,-0.040000000000000036,0.17425968109339407
2003-06-20,-0.040862792091072464,-0.16347826086956518,-0.0991253644314869,-0.006993006993006978,0.03810330228619807,0.011916583912611634,0.07758620689655182,0.07758620689655182,0.08000000000000007,0.0625,-2.196078431372549,-0.8384279475982532,-3.7,-2.165137614678899,-0.7257142857142858,0.12988650693568737,-0.005889281507656108,0.002702702702702675,0.03403141361256545,0.1298076923076923,-0.01686909581646423,0.06451612903225823,0.08219500706547356,0.05989583333333348,-0.05208333333333326,-0.15756008190537774
2003-09-12,0.008495752123937939,-0.1282051282051282,0.018030513176144236,0.02004333694474547,-0.00815660685154973,0.030912659470068604,-0.264,-0.264,-0.2777777777777778,-0.27450980392156865,-0.7213114754098361,-0.2702702702702703,-0.8296296296296296,-0.9186351706036745,-0.2152777777777778,0.10546874999999978,-0.028436018957345932,-0.02425876010781669,-0.0012658227848102444,0.0680851063829786,0.09643102264927927,0.06060606060606055,-0.016539717083786765,0.01228501228501222,-0.03296703296703296,-0.1453242932071126
2004-01-02,0.013007928642220001,-0.01828298887122415,-0.014759309718437752,-0.06001062134891133,0.05208333333333326,0.361732508329367,0.8369565217391304,0.8369565217391304,0.8717948717948716,0.8648648648648647,9.794117647058824,-1.3333333333333333,1.6304347826086958,-4.741935483870968,1.0265486725663715,0.1009591115598183,0.6646341463414636,0.7016574585635358,0.057034220532319324,0.09960159362549792,0.13771517996870108,0.04285714285714293,0.03872538172161977,0.3519417475728155,0.26136363636363646,0.04430474479868285
2004-03-26,0.011617952794423347,0.06801619433198391,0.057386494584005465,-0.033333333333333326,-0.042730588848358564,-0.21286263544215311,-0.3254437869822485,-0.3254437869822485,-0.31506849315068497,-0.3188405797101449,-1.0272479564032697,-3.6666666666666665,-0.8347107438016529,-1.2241379310344827,-0.11353711790393017,0.0022925263640531934,-0.012454212454212521,-0.0016233766233766378,-0.026378896882494063,-0.05072463768115931,-0.4132049518569464,0.0547945205479452,-0.05389859394972307,-0.030520646319569078,0.02702702702702675,0.1049161530743874
2004-06-18,0.0029013539651836506,0.2016679302501896,-0.032693984306887525,0.163062536528346,0.046543277082199186,0.06660746003552398,0.4035087719298245,0.4035087719298245,0.41999999999999993,0.4255319148936172,-32.3,-2.333333333333333,7.0,0.5,-0.1921182266009852,0.06724611161939609,0.05786350148367947,0.060162601626016166,0.034482758620689724,0.09541984732824438,0.07219878105954058,0.051948051948051965,0.04368385498761551,0.029629629629629672,0.026315789473684292,0.033207938772862766
2004-09-10,-0.003254580520732908,-0.09148264984227128,0.014420910319963953,0.03266331658291466,-0.022886866059817934,-0.04079933388842627,-0.16874999999999996,-0.16874999999999996,-0.16901408450704225,-0.16417910447761186,-0.4313099041533547,-5.125,-0.15000000000000002,-1.9743589743589745,0.23170731707317072,0.022717531075868047,0.06872370266479666,0.07055214723926384,0.0,-0.010452961672474004,-0.05159597726278964,0.061728395061728225,-0.01984897518878115,0.055755395683453335,0.017094017094017033,-0.12027620841180164
2004-12-31,0.04825250937235448,0.351388888888889,0.01621501554864513,0.14647201946472022,0.08623902049507581,0.36328125,0.42105263157894735,0.42105263157894735,0.423728813559322,0.3928571428571428,1.303370786516854,0.23484848484848486,-0.9816176470588235,13.947368421052632,2.8118811881188117,0.1751886001676446,0.018372703412073532,0.02005730659025784,0.07619047619047614,0.176056338028169,0.08160442600276618,0.04651162790697683,0.036319612590798966,0.005110732538330387,0.01680672268907557,0.17882117882117887
2005-03-25,-0.027572681125980658,-0.10945529290853029,-0.019890710382513666,-0.04753820033955858,-0.036510659152168556,-0.19325055714740524,-0.2328042328042328,-0.2328042328042328,-0.23809523809523803,-0.21794871794871795,-1.148780487804878,-1.2269938650306749,58.0,-1.6919014084507042,-0.5103896103896104,0.14764621968616254,0.03479381443298957,0.0463483146067416,-0.02433628318584058,0.06586826347305386,0.10613810741687968,0.04444444444444429,-0.009133389974511408,0.023728813559322104,0.016528925619834656,-0.0650121065375302
2005-06-17,0.00415233123739478,0.07212925562608197,0.06980374665477251,-0.06016042780748665,-0.07095625635808744,0.050118389897395366,-0.0482758620689655,-0.0482758620689655,-0.015625,-0.032786885245901676,-7.459016393442623,-3.189189189189189,0.2915254237288136,-1.2391857506361323,0.24933687002652527,0.013051584835301444,-0.023038605230385922,-0.04026845637583898,-0.04421768707482998,0.0393258426966292,-0.04084778420038526,0.06382978723404253,-0.07481243301178997,-0.05794701986754969,0.024390243902439046,0.14074841382882286
2005-09-09,0.017840264650283544,0.05974165769644779,0.10506566604127587,0.028923660502607973,-0.09581166164796062,0.019917324314167706,0.07971014492753614,0.07971014492753614,0.09523809523809512,0.10169491525423746,-0.6345177664974619,-4.938271604938272,-0.6456692913385826,-4.297872340425532,-0.6581740976645436,0.006134969325153339,0.05736137667304009,0.016783216783216925,-0.059311981020166105,0.05135135135135127,0.03776617115307346,0.050000000000000044,-0.1116774791473586,-0.012302284710017597,0.023809523809523725,0.02996594778660633
2005-12-30,-0.009866511897852592,0.020822752666328048,-0.006413884172797535,-0.08202764976958521,-0.015440508628519534,0.3415622697126013,0.5906040268456376,0.5906040268456376,0.681159420289855,0.9538461538461538,1.5,-1.4545454545454546,2.4296296296296296,-1.135483870967742,0.26086956521739135,-0.03689024390243889,0.1410488245931285,0.08115543328748287,-0.0012610340479192184,0.023136246786632286,-0.07007355787843583,0.04761904761904767,-0.005738132498695925,0.030249110320284656,0.054263565891472965,0.1119682609653958
2006-03-24,0.017584994138335253,0.7218905472636816,0.07005885703436499,0.12048192771084332,-0.06396063960639609,-0.2570722329030486,-0.7257383966244726,-0.7257383966244726,-0.7327586206896551,-0.7716535433070866,-0.9472222222222222,-1.4344827586206896,-1.0280777537796977,-1.7380952380952381,-0.15270935960591137,0.07122507122507127,-0.06075013206550439,-0.12595419847328249,-0.07196969696969702,0.07286432160804002,-0.09700249791840121,0.05454545454545445,-0.08001049317943332,-0.1312607944732298,0.007352941176470562,0.5367690782953418
2006-06-16,-0.035368663594469996,-0.027737648078590027,-0.03938963804116391,0.018369175627240164,-0.027923784494086723,0.05397412199630325,1.8615384615384616,1.8615384615384616,0.4516129032258065,0.48275862068965525,17.736842105263158,-8.206349206349206,-48.53846153846154,-7.193548387096774,1.116279069767442,0.07239952718676101,0.14116985376827884,0.08442503639010179,-0.004081632653061162,0.1569086651053866,0.19502074688796678,0.051724137931034475,0.007698887938408783,0.06361829025844923,0.014598540145985162,-0.0452727976267252
2006-09-08,-0.007046458855846205,-0.03833580980683504,0.036571850757295854,0.04311482622085361,-0.08685366677931738,-0.05191160996141708,-0.24193548387096775,-0.24193548387096775,-0.22222222222222232,-0.2325581395348837,-0.5337078651685394,-1.024229074889868,-0.3802588996763754,-2.1875,-0.6263736263736264,0.0022044640396803317,0.036964021685559345,-0.00402684563758382,-0.06693989071038253,0.006072874493926905,-0.08603395061728392,0.049180327868852514,-0.0803621958121109,-0.01121495327102795,0.007194244604316502,-0.07808700351256415
2006-12-29,0.03295645898484478,0.02410383189122367,0.06379187455452606,0.06368620835090688,-0.031088082901554404,0.44321124676285617,0.5319148936170213,0.5319148936170213,0.6000000000000003,0.8484848484848484,1.5843373493975905,22.727272727272727,-0.7101827676240209,-1.25,0.4191176470588236,0.17541930162221608,0.02091254752851701,-0.03504043126684642,-0.01171303074670571,0.25955734406438635,0.1718024482904179,0.046875,-0.062153846153846115,-0.05482041587901698,0.021428571428571352,-0.03722157092614298
2007-03-23,0.01804843968327896,0.025648762824381333,0.09229480737018436,0.008723235527359208,-0.1512605042016807,-0.2555754934632145,-0.15740740740740744,-0.15740740740740744,-0.1607142857142858,-0.2786885245901639,-1.3566433566433567,-0.7471264367816092,-2.3513513513513513,-2.2105263157894735,-0.3575129533678757,0.12608187134502935,0.2858472998137802,0.1899441340782122,-0.14814814814814814,0.1389776357827477,0.14481268011527382,0.04477611940298498,-0.1663385826771654,0.17399999999999993,0.013986013986013957,0.016818873668188683
2007-06-15,0.020130390026306788,0.11003236245954695,0.06548075448550827,0.22091194968553451,-0.11296129612961292,0.10537190082644621,0.13736263736263732,0.13736263736263732,0.14893617021276606,0.15909090909090917,-4.392156862745098,-1.7424242424242424,-4.6066666666666665,-1.391304347826087,0.217741935483871,-0.00394682176983796,0.13577118030412727,0.012910798122065748,-0.08869565217391295,0.16970546984572232,-0.16645689112649475,0.05714285714285716,-0.13026367571822117,0.0,0.01379310344827589,-0.0908614624653844
2007-09-07,0.02141495683372585,-0.01563742380068911,0.07354634427173279,-0.05730843528654217,-0.16235413495687467,-0.052959501557632405,-0.36714975845410625,-0.36714975845410625,-0.35185185185185197,-0.3529411764705882,-1.115606936416185,-0.2857142857142857,-1.1515711645101663,1.1111111111111112,0.3774834437086092,-0.07653806047966638,0.1090213579853363,-0.03476245654692933,-0.14312977099236646,0.01318944844124692,-0.11551528878822193,0.04729729729729737,-0.1800904977375566,-0.03918228279386715,0.006802721088435382,0.04420844653000744
2007-12-28,-0.018441273326015417,-0.038233710285406564,0.007239576350717147,-0.01775956284153002,-0.13446396123561477,0.2618421052631579,0.3435114503816794,0.3435114503816794,0.40000000000000013,0.7575757575757573,-8.866666666666667,2.057142857142857,-6.524390243902439,1.210526315789474,0.5961538461538463,-0.13685636856368566,0.10031618281115251,-0.06362545018007204,-0.10022271714922049,0.007100591715976323,-0.1370038412291934,0.04516129032258065,-0.11810154525386318,-0.049645390070921946,-0.020270270270270285,-0.02081362346263005
2008-03-21,0.018564079624245222,0.037234042553191404,0.03660322108345526,-0.1084840055632823,-0.07627711686494054,-0.23175182481751821,-0.3125,-0.3125,-0.30612244897959173,-0.43103448275862066,-1.1419491525423728,-1.8504672897196262,-1.3090507726269316,-1.1428571428571428,-0.054216867469879526,-0.10047095761381464,0.04153605015673989,-0.09743589743589742,-0.07673267326732669,0.0,-0.08605341246290799,0.04938271604938271,-0.0932415519399249,-0.09141791044776126,-0.006896551724137945,0.16344605475040264
2008-06-13,-0.010540184453227908,-0.025101214574898778,-0.027092963533641545,-0.0015600624024960652,0.08712121212121215,0.08076009501187653,0.2975206611570247,0.2975206611570247,0.2941176470588234,0.2727272727272727,-7.3283582089552235,0.8461538461538463,-4.178571428571429,9.5,-0.6019108280254777,-0.036940081442699335,0.0057687484324053795,-0.08096590909090928,0.09383378016085797,0.04347826086956541,0.023809523809523947,0.04705882352941182,0.09868875086266393,-0.07597535934291588,0.0,-0.023598615916955
2008-09-05,0.010208610741233803,-0.001384274640088612,0.011218160221723616,0.04140625000000009,-0.004878048780487809,-0.06970172684458398,-0.4012738853503185,-0.4012738853503185,-0.38636363636363635,-0.38095238095238093,-0.5330188679245282,-0.3571428571428571,-0.7797752808988764,-0.9576719576719577,-0.06399999999999995,-0.2086982784657203,-0.025935162094763098,-0.06336939721792878,0.002450980392156854,-0.2770270270270271,-0.16596194503171258,0.050561797752809,-0.014447236180904488,-0.057777777777777706,-0.00694444444444442,-0.04103763555177531
2009-01-02,-0.022078207381370785,-0.06626004990296641,-0.019577133907595967,-0.04988747186796694,-0.03361344537815125,0.2770840364495444,-1.1063829787234043,-1.1063829787234043,-1.074074074074074,-1.0769230769230769,-0.5656565656565656,0.07407407407407418,-1.4795918367346939,-3.125,0.14529914529914523,-0.19618320610687023,-0.33358934971838206,-0.3382838283828383,-0.03667481662591687,-0.19781931464174451,-0.16032953105196446,0.048128342245989275,-0.012109623964308591,-0.33726415094339623,0.0,-0.017294900221729748
2009-03-27,-0.022352016174323253,0.02048693586698347,-0.020500532481363187,-0.0501381760757994,-0.031159420289855078,-0.3406448202959831,1.2999999999999998,1.2999999999999998,2.0,2.0,1.36046511627907,-0.646551724137931,-3.723404255319149,1.0,0.25373134328358216,-0.18471035137701797,-0.39953899346907407,-0.3915211970074812,-0.035532994923857864,-0.15339805825242714,0.30867924528301893,0.04591836734693877,-0.009032258064516241,-0.3772241992882561,-0.027972027972028024,0.07438327316486171
2009-06-19,0.004480698529411686,-0.01134710503345937,-0.004620820875237852,-0.00041562759767244106,0.05833956619296932,0.02685370741482962,-2.608695652173913,-2.608695652173913,-2.666666666666667,-2.666666666666667,-0.29064039408866993,-0.2195121951219512,0.2109375,-2.264705882352941,-0.25595238095238093,0.1997670355270822,-0.5489443378119002,-0.5450819672131147,0.05263157894736836,0.24311926605504586,0.9798154555940022,0.0,0.05338541666666674,-0.5257142857142858,-0.04316546762589912,-0.010920546027301414
2009-09-11,-0.054443554843875086,-0.1280164802825191,-0.005734571272528632,0.03575883575883565,-0.30388692579505305,-0.03551912568306015,-13.594594594594595,-13.594594594594595,-14.1,-14.1,0.7361111111111112,0.78125,0.2129032258064516,-1.1162790697674418,0.040000000000000036,0.07815533980582523,-6.121985815602837,-5.8108108108108105,-0.3075,0.023985239852398532,1.3105155840372853,0.0,-0.2639060568603214,0.0,-0.015037593984962405,-0.15811451624318784
2010-01-01,-0.04040159670981014,-0.037799527505906205,-0.06742653117275477,-0.08189482135688475,0.1593908629441625,0.3678672602185351,-1.2274678111587982,-1.2274678111587982,-1.2290076335877862,-1.2290076335877862,0.08400000000000007,-2.0701754385964914,0.8457446808510638,-4.0,-0.11538461538461542,0.1850517784781629,-0.21434505677097748,-0.2303370786516855,0.15162454873646203,0.7117117117117118,0.0,0.0,0.20906801007556663,0.0,-0.007633587786259555,0.04800336275746098
2010-03-26,0.10840791629900415,0.05752367590319185,0.13724046532174938,0.011368605159597811,-0.0630472854640981,-0.22189349112426038,-0.21698113207547165,-0.21698113207547165,-0.23333333333333328,-0.2666666666666666,-0.4095940959409594,-1.3934426229508197,-0.61671469740634,-1.2,0.026086956521739202,0.08016717325227951,-0.26612618963694046,-0.3065693430656934,-0.07210031347962387,-0.062105263157894774,0.0,0.019512195121951237,-0.154861111111111,0.0,0.007692307692307665,0.04564415209369499
2010-06-18,-0.016604116911179356,-0.02122719734660028,-0.03884500841641847,0.016428880242109756,0.14392523364485976,0.05361216730038021,0.4337349397590362,0.4337349397590362,0.4347826086956521,0.40909090909090917,1.2625000000000002,0.875,1.518796992481203,-7.0,-0.15254237288135597,0.20647203658107616,-0.31316042267050914,-0.3403508771929824,0.1385135135135136,0.3007856341189674,0.0,0.019138755980861344,0.1635168447000821,0.0,0.022900763358778553,-0.037054085155351024
2010-09-10,0.01642188042095527,0.037275499830565995,0.0014818806412502106,0.0616758826031476,0.10702614379084974,-0.04438830747022737,-0.3025210084033614,-0.3025210084033614,-0.303030303030303,-0.29032258064516125,0.08011049723756902,1.0444444444444443,-0.4746268656716418,-7.833333333333333,1.23,-0.04781341107871717,-3.2825174825174828,-3.4361702127659575,0.10385756676557856,-0.16393442622950827,0.0,0.018779342723004744,0.08898305084745761,3.120481927710843,0.0,-0.02294455066921619
2010-12-31,0.02207304585277048,0.10486769029728849,-0.004842615012106588,0.0020032051282050656,0.1697416974169741,0.37537764350453173,1.0843373493975905,1.0843373493975905,1.043478260869565,1.227272727272727,-0.3913043478260869,0.11956521739130443,-1.8352272727272727,1.292682926829268,1.2645739910313902,0.18156766687079018,0.07230392156862742,0.1353711790393013,0.15860215053763427,0.07017543859649122,-0.5366868381240544,0.041474654377880116,0.14396887159533067,0.14619883040935666,-0.007462686567164201,0.1026581865622962
2011-03-25,-0.024824668818880125,-0.11324659964518036,-0.0032441200324412334,-0.03118752499000399,-0.12555205047318607,-0.23723228995057666,-0.4161849710982659,-0.4161849710982659,-0.42553191489361697,-0.4693877551020408,-0.4159663865546218,0.7281553398058251,-3.1904761904761907,-2.280141843971631,-0.7148514851485148,0.023840373153666716,-0.019714285714285573,0.04038461538461546,-0.10440835266821336,-0.11571841851494691,-0.13306122448979596,0.039823008849557695,-0.10317460317460314,0.025510204081632626,0.015037593984962516,-0.08474450935443323
2011-06-17,0.0035388127853881457,-0.020340113371123736,0.038106861947382775,0.20387948823772173,-0.1803751803751804,0.06983441324694017,0.3366336633663367,0.3366336633663367,0.40740740740740744,0.4230769230769229,1.4604316546762588,-0.7303370786516854,-0.0031055900621117516,-0.925207756232687,-0.1875,-0.09592508225765628,0.05013115709705618,0.02957486136783727,-0.16580310880829008,0.008724100327153872,-0.1239799121155053,0.042553191489361764,-0.18331226295828063,0.017412935323383172,0.007407407407407307,-0.18623252807627044
2011-09-09,-0.03708338073029238,-0.08849557522123896,0.049640757674722424,0.06273568735001711,-0.6214788732394366,-0.03297442799461647,-2.325925925925926,-2.325925925925926,-2.3684210526315788,-2.4054054054054053,0.18128654970760238,-2.6875,0.190031152647975,-4.814814814814815,0.8803418803418803,-0.10666293393057102,-0.43713572023313907,-0.5278276481149012,-0.6024844720496895,0.07135135135135129,-0.1469007524184881,0.04081632653061207,-0.606811145510836,-0.5403422982885085,0.02941176470588225,-0.14227561556791113
2011-12-30,-0.3018310691080921,-0.5056011949215833,-0.16726820161792155,-0.17483870967741932,-2.816279069767442,0.28496868475991644,-1.7877094972067038,-1.7877094972067038,-1.8269230769230769,-1.7884615384615383,-0.49504950495049505,-2.2592592592592595,-0.4240837696335078,-2.145631067961165,-0.5363636363636364,-0.07458476966468186,0.0,-0.057034220532319435,-2.828125,1.3279515640766903,1.0671986560268794,0.03921568627450989,0.0,-0.1436170212765958,0.10000000000000009,-0.4008565806227573
2012-03-23,0.04416243654822338,0.10574018126888207,0.0490210730832461,0.13604378420641128,0.08578745198463511,-0.30896290278906036,-0.26241134751773054,-0.26241134751773054,-0.2790697674418604,-0.2682926829268293,-0.38725490196078427,0.32352941176470584,-1.9,-2.593220338983051,1.843137254901961,0.15746698272942772,0.0,0.10483870967741948,0.09401709401709413,0.0,0.3354327509142625,0.037735849056603765,0.0,0.03105590062111796,0.0714285714285714,-0.02666151468315292
2012-06-15,-0.026575919624047928,-0.0744535519125683,0.015956688987035283,-0.0908465244322092,0.32547169811320753,0.08777429467084641,0.375,0.375,0.4193548387096775,0.3999999999999999,1.3359999999999999,-0.37777777777777777,-2.984848484848485,-1.9840425531914894,-0.6379310344827587,0.11351667641895857,0.0,0.14963503649635035,0.359375,0.0,0.03392666970941716,0.04727272727272713,0.0,0.06024096385542177,0.08484848484848495,0.018062723302898043
2012-09-07,-0.023639087730980557,-0.14538745387453877,0.0042069835927640575,0.01816805450416359,0.15302491103202853,-0.01693083573487031,0.0,0.0,0.0,0.04761904761904767,0.33904109589041087,-1.0714285714285714,0.010178117048346147,-1.0,0.0,-0.018917498686284784,0.0,1.815873015873016,0.18103448275862077,0.0,-0.09932313125367853,0.04513888888888884,0.0,1.568181818181818,0.0949720670391061,-0.1606550984597388
2012-12-28,0.08132992327365729,0.273747841105354,0.06507471023600053,0.030855018587360616,-0.008487654320987637,0.3766947599853425,0.26573426573426584,0.26573426573426584,0.34090909090909083,0.2954545454545454,-0.5370843989769821,-63.0,-1.438287153652393,-inf,-0.16190476190476188,0.014729512587037918,0.0,0.056369785794814,0.0,0.0,-0.6057833687305996,0.04318936877076429,0.0,0.06858407079646023,-0.010204081632653073,0.23554006968641117
2013-03-31,0.028539892778303377,0.10237288135593214,0.035793890127179706,-0.14965741074648398,0.07159533073929958,-0.16369443705083842,-0.24861878453038677,-0.24861878453038677,-0.2542372881355932,-0.24561403508771928,-0.34806629834254144,-0.7634408602150538,-0.40804597701149425,-8.823529411764707,1.5113636363636362,0.03615729743995777,0.0,0.04055496264674496,0.09002433090024331,0.0,-0.059676750932449174,0.0414012738853502,0.0,0.006211180124223503,0.036082474226803996,0.2964843015604435
2013-06-30,-0.022382339414379837,-0.13653136531365317,-0.0037974683544304,0.046225614927905,0.08424110384894701,0.038510502864417484,0.3161764705882353,0.3161764705882353,0.3181818181818181,0.30232558139534893,3.1694915254237293,0.48863636363636354,-5.601941747572815,-1.849624060150376,-0.5113122171945701,0.05221599592460535,0.0,0.04410256410256408,0.09821428571428559,0.0,-0.021154693697664206,0.051987767584097844,0.0,0.020576131687242816,0.01990049751243772,-0.17473897911832936
2013-09-30,0.01615179551513246,0.17236467236467234,0.0024142312579416014,-0.01824077827320636,-0.056262558606831936,-0.031566043518234776,-0.1061452513966481,-0.1061452513966481,-0.08620689655172398,-0.07142857142857151,-0.6036585365853658,-0.3129770992366412,-0.8544303797468354,-1.3185840707964602,0.33333333333333326,0.01137739046235775,0.0,0.0019646365422396617,-0.04471544715447151,0.0,-0.05943268797838808,0.04941860465116288,0.0,-0.008064516129032251,0.009756097560975618,0.19416622737655942
2013-12-31,0.04845679012345672,0.15613608748481167,0.04056280897452158,0.10445912469033858,0.004258339247693366,0.018670886075949467,-0.05625000000000002,-0.05625000000000002,-0.05660377358490576,-0.05769230769230771,0.7179487179487178,1.3333333333333335,1.072463768115942,-1.5,-0.125,0.09023456199138336,0.0,-0.061764705882352944,0.02127659574468077,0.0,0.04834849210148384,0.047091412742382266,0.0,-0.004065040650406471,-0.05797101449275355,0.04679223072395544
2014-03-31,-0.01898734177215189,-0.17761429322122968,0.009867218906078667,-0.029532710280373853,0.1484098939929328,0.02298850574712641,0.13907284768211925,0.13907284768211925,0.15999999999999992,0.16326530612244894,-0.4567164179104478,-1.2,0.16083916083916083,-4.222222222222222,0.46031746031746024,0.1350164654226127,0.0,0.05120167189132707,0.15625,0.0,0.1803652968036531,0.04497354497354511,0.0,0.044897959183673564,0.01025641025641022,-0.15251616530784373
2014-06-30,0.024756189047261845,-0.017891373801916965,0.031363088057901,0.036209553158705665,0.058461538461538565,0.05800182204676596,0.11627906976744184,0.11627906976744184,0.13793103448275867,0.12280701754385981,1.6758241758241756,-6.357142857142857,0.5301204819277108,-0.8620689655172413,0.04347826086956519,0.15396518375241763,0.0,0.0029821073558649047,0.06666666666666665,0.0,0.07852998065764005,0.05063291139240511,0.0,0.001953125,0.0,-0.05224747055896495
2014-09-30,0.002489019033675044,0.009759271307742345,0.016257309941520415,0.01784386617100364,0.07093023255813957,-0.006888633754305373,0.0,0.0,0.0,0.015625,-0.4229979466119097,-0.4622222222222222,-0.20472440944881887,-6.25,-0.21875,0.14532349983238357,0.0,0.03270564915758167,0.09797297297297303,0.0,0.10401721664275465,0.04819277108433728,0.0,0.023391812865497075,0.0050761421319796,-0.008050402520126121
2014-12-31,0.0026288885643348525,0.23775773195876293,0.04327310392450223,0.11760409057706345,0.19435396308360486,0.028612716763005697,0.02604166666666674,0.02604166666666674,0.06060606060606055,0.04615384615384621,-0.02491103202846978,-0.9256198347107438,0.5396039603960396,0.09523809523809534,-0.30666666666666664,0.016098346260793317,0.0,0.062380038387716,0.22461538461538466,0.0,-0.04028589993502285,0.04597701149425282,0.0,0.040000000000000036,0.025252525252525082,0.10762173606210323
2015-03-31,-0.009031318281136236,-0.048412285268089494,0.030336458907887387,-0.009803921568627416,0.15318181818181809,-0.012924978926664776,0.050761421319796884,0.050761421319796884,0.0714285714285714,0.07352941176470584,-0.04379562043795615,1.4444444444444446,-0.2797427652733119,-1.3478260869565217,0.15384615384615374,0.13610831052858985,0.0,0.04155374887082197,0.1595477386934674,0.0,0.05145565335138791,0.04395604395604402,0.0,0.0293040293040292,0.009852216748768461,-0.03902516725071692
2015-06-30,-0.07085109510510068,0.04266958424507661,0.0014989293361884481,0.1607260726072608,0.19550650374458023,0.0500996299459151,0.1594202898550725,0.1594202898550725,0.17333333333333334,0.17808219178082196,0.8702290076335877,-18.0,2.767857142857143,0.25,0.16666666666666674,0.0021551724137931494,0.0,0.0806591500433651,0.2361863488624052,0.0,-0.05730843528654206,0.05263157894736836,0.0,0.0462633451957295,0.034146341463414887,-0.10177357865075398
2015-09-30,-0.02657807308970095,-0.09601259181532007,0.04147958092794535,-0.0022746659084447174,0.18331684800527537,-0.030089455136893428,-0.125,-0.125,-0.09090909090909083,-0.08139534883720922,-0.33061224489795915,-0.9438502673796791,-0.533175355450237,-3.25,-0.3214285714285714,-0.09728020240354207,0.0,0.04895666131621201,0.22348816827344442,0.0,-0.16530054644808745,0.050000000000000044,0.0,0.013605442176870763,0.03301886792452824,-0.09392876914559889
2015-12-31,-0.011539086624410833,-0.1967498549042368,-0.0071853828782590945,-0.07865488743231686,0.0002786291446086331,0.035774175517048645,-0.03809523809523807,-0.03809523809523807,-0.012499999999999956,-0.025316455696202556,0.06707317073170738,-1.2857142857142856,-0.12944162436548223,-1.0222222222222221,0.010526315789473717,0.012612107623318547,0.0,0.03672532517214999,0.014326647564469885,0.0,-0.033960720130932986,0.04761904761904767,0.0,-0.005033557046979942,0.041095890410958846,-0.1281059063136456
2016-03-31,0.006412364353830968,0.028901734104046284,0.011993382961124954,0.004330343334364439,0.021448467966573848,0.01780895844576369,0.08415841584158423,0.08415841584158423,0.08860759493670889,0.10389610389610393,-0.0485714285714286,9.666666666666666,-0.22448979591836737,2.0,0.03125,-0.09825629670633829,0.0,0.042066420664206516,0.01836158192090398,0.0,-0.12367640830156701,0.045454545454545414,0.0,-0.003372681281618828,0.04824561403508776,0.0245269796776455
2016-06-30,0.08642378696291453,0.3757022471910112,0.03310175725378017,-0.0009239297813365965,-0.05590400872647938,0.03446447507953332,0.1278538812785388,0.1278538812785388,0.12790697674418605,0.12941176470588234,0.39639639639639634,-0.875,-1.462406015037594,192.33333333333334,5.858585858585859,0.009975445058318044,0.0,-0.005665722379603388,-0.05617198335644946,0.0,-0.027066215563074092,0.05217391304347818,0.0,-0.006768189509306244,0.0,0.3768809849521204
2016-09-30,2.7596992481203007,0.9331291475242471,0.8948773734177216,0.6118988902589395,-2.6871750433275565,0.01025115325474113,-0.7165991902834008,-0.7165991902834008,-0.731958762886598,-0.7291666666666666,-0.2817204301075269,300.875,19.16260162601626,-0.3120689655172414,0.5876288659793814,0.06427594590487784,0.0,-0.5206552706552707,-2.0991917707567964,0.0,0.03229011425732753,0.04958677685950419,3.5984251968503935,-0.17887563884156732,-0.41422594142259417,0.199205166418281
2016-12-31,-0.03447724182065437,-0.10984948508053871,-0.019727571629873153,-0.015681774717919317,-0.08286252354048962,0.3840690005073566,2.4857142857142858,2.4857142857142858,1.423076923076923,1.3461538461538458,0.34730538922155696,-1.0322981366459627,-1.3016129032258066,-1.5513784461152882,-0.20408163265306123,0.08552255853797819,0.0,-0.2511144130757801,-0.06617647058823528,-0.7798006068487213,0.2882579403272376,0.047244094488189115,-0.050085616438356184,-0.051867219917012486,-0.2142857142857142,-0.09569179784589876
2017-03-31,-0.008906379453189728,-0.07416196974191636,-0.0013842304211254541,0.014765883038663219,-0.0352809408250887,0.019244868035190654,0.49590163934426235,0.49590163934426235,0.5079365079365079,0.540983606557377,0.16888888888888887,1.358974358974359,0.10962566844919786,-0.4545454545454546,-0.1398601398601399,0.16046297514139152,0.0,-0.07738095238095244,-0.023622047244094446,0.2440944881889764,0.22973477773627193,0.045112781954887105,-0.02658855340243349,0.07439824945295404,-0.13636363636363646,-0.08764696900290125
2017-06-30,-0.0018390804597701038,-0.09323934636334508,0.011888894812603246,0.02680451847597176,-0.05166408668730649,0.042078762812443715,0.13424657534246576,0.13424657534246576,0.14736842105263182,0.14893617021276606,0.47528517110266155,-0.7336956521739131,0.2831325301204819,1.0,-0.3252032520325203,0.13623484075711212,0.013806706114398493,-0.03010752688172036,-0.035190615835777206,0.16297468354430378,0.0993317132442284,0.04748201438848931,-0.050000000000000044,0.07331975560081472,-0.09473684210526312,-0.11682008368200847
2017-09-30,0.014865374146811217,0.040282685512367467,0.039199157007376195,0.045683386164460105,-0.07937155682513775,-0.02277825711820536,-0.0531400966183575,-0.0531400966183575,-0.03669724770642202,-0.03703703703703709,-0.20876288659793818,-1.8775510204081631,-0.47323943661971835,-1.0416666666666667,0.02008032128514059,0.038503740648379026,0.38083657587548636,0.3037694013303769,-0.059270516717325195,0.07619047619047636,-0.00469743022934499,0.04532967032967039,-0.09259259259259256,0.1954459203036054,0.08139534883720945,-0.005116543490619518
2017-12-31,-0.011883149034494167,-0.06691576086956519,0.024994930034475837,0.07168330955777469,-0.17309397163120566,0.03743598799223036,-0.4872448979591837,-0.4872448979591837,-0.4666666666666667,-0.4807692307692307,-0.15309446254071657,-20.302325581395348,1.629233511586453,-13.5,-0.24606299212598426,0.1809624435693018,0.05565339908418476,-0.027210884353741416,-0.1567043618739904,0.2553729456384324,-0.06996113270405335,0.043363994743758294,-0.16326530612244905,-0.04920634920634914,0.021505376344086002,-0.1293333333333334
2018-03-31,0.02238182729246696,0.14743356388787765,0.03467378938517096,0.0763727121464226,-0.044224068614312495,-0.14791489361702126,0.9800995024875623,0.9800995024875623,0.9821428571428572,1.0185185185185186,0.29807692307692313,-0.9409638554216867,-0.7220338983050847,-3.512,0.9399477806788512,0.13956893045953644,0.12212212212212203,0.0174825174825175,-0.03352490421455934,0.351460221550856,0.1617910447761195,0.041561712846347465,-0.06546854942233626,0.05008347245409017,-0.021052631578947323,0.06584992343032159
2018-06-30,-0.026139519686325774,-0.10628172588832485,0.00406348599292472,-0.0873396197248415,-0.20330902972518228,0.06791849780263681,0.5326633165829147,0.5326633165829147,0.5585585585585584,0.5688073394495412,-0.32740740740740737,0.3265306122448979,1.0951219512195123,-2.082802547770701,-0.4576043068640646,-0.04931839269145688,0.2997323818019626,0.14089347079037795,-0.18830525272547083,-0.016393442622950838,-0.0873586844809866,0.04957678355501827,-0.18200549450549453,0.16216216216216228,-0.021505376344086002,-0.020730706075533623
2018-09-30,-0.0004613319912766256,-0.004969826056088089,0.02409179641003667,0.02489837398373984,-0.1819781766983457,-0.05555555555555558,-0.20819672131147537,-0.20819672131147537,-0.19653179190751446,-0.19298245614035092,0.5308370044052864,-1.5076923076923077,-0.24097788125727593,-1.0294117647058822,0.02481389578163773,-0.048648648648648596,0.24250743536948072,0.06024096385542177,-0.16849816849816845,0.1719696969696971,-0.1855292792792793,0.047235023041474644,-0.18136020151133492,0.08755129958960328,-0.02197802197802201,-0.029134353385034673
2018-12-31,-0.005748332144505541,-0.03460577952194077,-0.0017667023106606727,0.06379110890761863,-0.04259896729776247,0.061002178649237404,-0.13871635610766042,-0.13871635610766042,-0.1223021582733812,-0.13043478260869557,-0.23309352517985615,3.0303030303030303,-0.3052147239263804,-6.3,-0.12832929782082325,-0.07875631313131315,0.2819002025409685,0.13068181818181812,-0.038179148311306865,0.10795087265675507,-0.14517801590044932,0.04510451045104502,-0.03692307692307695,0.15597484276729556,-0.022471910112359605,-0.09240069084628666
2019-03-31,0.0443112761647535,0.010716925351071716,0.07787247915793394,-0.09150225260214384,-0.27955056179775284,-0.06440171737913014,-0.09855769230769229,-0.09855769230769229,-0.0983606557377048,-0.09166666666666656,-0.7166979362101313,-0.33834586466165417,-0.7284768211920529,0.13207547169811318,-0.16666666666666663,-0.007538118896693424,0.2036771042803791,-0.015075376884422176,-0.2656488549618321,0.03208868144690791,-0.12899312575818844,0.04315789473684206,-0.3099041533546326,-0.013057671381936808,-0.011494252873563204,0.11251189343482393
