Quarter end,Assets,Current Assets,Liabilities,Current Liabilities,Shareholders equity,Revenue,Earnings,Earnings available for common stockholders,EPS basic,EPS diluted,Cash from operating activities,Cash from investing activities,Cash from financing activities,Cash change during period,Cash at end of period,Price,ROE,ROA,Book value of equity per share,P/B ratio,P/E ratio,Cumulative dividends per share,Equity to assets ratio,Net margin,Asset turnover,Current ratio
1993-12-31,-0.13438632612644408,-0.18441067482576912,-0.3141622711601769,-0.38225062521622455,0.12550730060441984,0.334499693189211,1.371598321492376,1.4450231988094195,1.3846153846153846,0.0,-0.3509165096234925,10.67074941364804,-3.8237454810785714,-0.7338919683047506,-0.6373517376554247,0.030368763557483636,-0.0308261405672009,0.0436432637571158,0.12554112554112562,-0.05596107055961086,0.14542836573074158,inf,0.3003179261433113,-0.0063775510204081565,-0.04316546762589912,0.32024925436727725
1994-03-31,-0.13438632612644408,-0.18441067482576912,-0.3141622711601769,-0.38225062521622455,0.12550730060441984,0.334499693189211,1.371598321492376,1.4450231988094195,1.3846153846153846,0.0,-0.3509165096234925,10.67074941364804,-3.8237454810785714,-0.7338919683047506,-0.6373517376554247,0.030368763557483636,-0.0308261405672009,0.0436432637571158,0.12554112554112562,-0.05596107055961086,0.14542836573074158,inf,0.3003179261433113,-0.0063775510204081565,-0.04316546762589912,0.32024925436727725
1994-06-30,0.306375462515321,0.22560540479255176,0.5644920601250056,0.9210747652929008,0.0789950567657125,0.334499693189211,1.371598321492376,1.4450231988094195,1.3846153846153846,0.0,-0.3509165096234925,10.67074941364804,-3.8237454810785714,-0.7338919683047506,-0.4676829700175983,0.06315789473684208,-0.0308261405672009,0.0436432637571158,0.0692307692307692,-0.05596107055961086,0.14542836573074158,1.3333333333333335,-0.1741583599774308,-0.0063775510204081565,-0.04316546762589912,-0.3620154100609141
1994-09-30,0.23164228993863079,0.27766456166317943,0.30513125522738793,0.40810662535902154,0.13777524489987014,0.5948654621284004,1.3093094145264708,1.3392470327073522,1.32258064516129,0.0,-0.89402327913161,-0.6125146736079212,-0.6446711984848262,-0.8662962056873915,-0.1174694479130417,0.07425742574257432,-0.0308261405672009,0.0436432637571158,0.13848920863309355,0.005154639175257714,0.14542836573074158,0.5714285714285714,-0.07629241630608052,-0.0063775510204081565,-0.04316546762589912,-0.09263357571925379
1994-12-31,-0.11724600898181026,-0.17825854097945226,-0.17050849341280327,-0.3003147464839303,-0.039207287826307,-0.006434399594246187,-0.6748520710059172,-0.6803348945418924,-0.8333333333333334,0.0,-54.228465651995066,-0.46756454162276084,-4.528770587311687,-14.320118497865296,1.7729776746883155,-0.004608294930875445,-0.0308261405672009,0.0436432637571158,-0.22432859399684046,-0.12564102564102564,0.14542836573074158,0.36363636363636354,0.08851084812623267,-0.0063775510204081565,-0.04316546762589912,0.17442508710801397
1995-03-31,-0.049027541799069985,-0.08803561722112341,-0.09983500032038772,-0.1517882781715092,0.01524099881181562,-0.47247161078756106,-0.3710366067053965,-0.38091932008618623,0.0,0.0,-1.415696020970893,-0.17283072546230438,-1.3650333830585955,-2.080209321340965,-0.6906608113759933,-0.17685185185185182,-0.0308261405672009,0.0436432637571158,0.016293279022403295,0.061583577712609916,0.14542836573074158,0.26666666666666683,0.06749716874292178,-0.0063775510204081565,-0.04316546762589912,0.07517949326529383
1995-06-30,0.12589107560255308,0.18216544310397986,0.1920348090847246,0.12616928897190105,0.05170666562635806,0.4045550711039976,1.503746568736553,1.5676553617695967,1.5,0.0,-0.6179466968083525,-0.00497214849153238,-0.013376188459909955,-0.9946650356976329,-0.011911361085948369,0.1361079865016872,0.002968617472434154,0.0436432637571158,0.04809619238476959,0.1187845303867403,0.14542836573074158,0.21052631578947367,-0.06577551453426689,0.006418485237484006,-0.007518796992481258,0.04972406181015465
1995-09-30,0.16317856868847458,0.24934963321657078,0.20732912241081203,0.38191082860790715,0.10705382020824161,0.5409614472791477,1.241999525897831,1.2625570432399056,1.2333333333333334,0.0,-1.1173384977713763,-0.49928614367297863,-0.8338307681303604,-13.643586833144154,0.15241783202430148,0.10891089108910879,0.03847780126849898,0.0436432637571158,0.11089866156787753,0.05679012345679024,0.11753614079195485,0.21739130434782616,-0.0483761071996367,0.03188775510204089,0.015151515151515138,-0.0959465853530308
1995-12-31,-0.11982919747499088,-0.1867129005663316,-0.20167675198437007,-0.2988588935336749,-0.006359237296720277,-0.018019794574341885,-0.25973064774063936,-0.25461468311288915,-0.6417910447761195,0.0,62.46031351082359,0.7518196143168006,-14.122089610643709,33.28144357662268,4.5340354543403665,0.029017857142857206,0.19788273615635177,0.21272727272727265,-0.20826161790017217,-0.07242990654205606,0.0714285714285714,0.1785714285714286,0.12911694510739857,0.2039555006180469,0.014925373134328401,0.1599209118399627
1996-03-31,-0.08750406694987845,-0.14916380759856618,-0.18337229114155762,-0.31608706577120405,0.019278229003371283,-0.492870151408658,-0.7332220456696006,-0.7331148360824098,-0.5416666666666666,0.0,-1.4776165438788407,-0.005375538089221088,-1.0162404759419685,-2.0682578215633436,-0.8752236730875683,0.13232104121475063,-0.028552005438477246,-0.0029985007496250438,0.023913043478260843,0.4282115869017631,0.02992125984251981,0.18181818181818188,0.11688860705981807,0.0,0.0,0.24410909455529928
1996-06-30,0.1091561736041966,0.17588436059807733,0.20843287590450466,0.41462379687446105,0.02056238420867973,0.32681833620935374,1.2182700351346831,1.2182700351346831,1.1818181818181817,0.0,-0.742554262759821,0.05794324103182458,22.875137715754683,-0.967079813495585,-0.23091340532361238,0.02030651340996159,-0.032540237928621374,-0.012030075187970057,0.02972399150743099,-0.003527336860670083,0.02803261977573901,0.15384615384615374,-0.07986373959121873,-0.004106776180698102,-0.007352941176470562,-0.16876888978440463
1996-09-30,0.13130185336014533,0.18973906371276605,0.23889093410043039,0.5311334765654532,0.01761582174751486,0.5850917534459803,1.5343098064652376,1.5343098064652376,1.5416666666666665,0.0,-3.120341829467911,0.5162518063216168,-1.5591890727865625,-4.899545759177899,1.1708140496791648,-0.03755163349605706,0.03616636528028927,0.04414003044140036,0.024742268041237248,-0.06548672566371683,0.008428358948934012,0.1333333333333333,-0.10037021801727686,0.03402061855670091,0.014814814814814836,-0.22296019779900134
1996-12-31,-0.0624728237449349,-0.1201266614628077,-0.1674378588059009,-0.23519555564050132,0.07255796035841144,-0.03378892190176919,-0.3246948043831507,-0.3246948043831507,-0.3278688524590164,0.0,2.8862677080095844,-0.34176756422991217,3.4519447653628212,6.7058261882483245,4.156085854944693,0.09481076863051108,-0.027923211169284312,-0.013848396501457638,0.07444668008048283,0.07007575757575757,0.14945919370698135,0.11764705882352922,0.1440329218106995,-0.005982053838484602,-0.007299270072992692,0.1504242575492889
1997-03-31,0.12724700209640716,0.03262856461986141,0.12400958681916108,-0.012402537360678423,0.13047982886985454,-0.41747686983692345,-2.8035538005923,-2.828585530954731,-2.7560975609756095,0.0,-1.554222089219561,0.18171992577033658,-1.2698305796868627,-2.005156976787409,-0.7110431960049938,-0.05096222380612969,-0.6502692998204669,-0.6467110125646711,0.050561797752809,-0.11681415929203542,-0.16852010265183914,0.10526315789473695,0.0027977617905676766,-0.6389167502507522,-0.044117647058823595,0.04560984869027607
1997-06-30,0.09372618200124228,0.16056252225037326,0.18353251036910323,0.3242245035884599,0.004560412636693156,0.4024916368669973,-1.3696242864962076,-1.3508897929279295,-1.3472222222222223,0.0,-0.48187188128398006,0.006246980051080264,1.2654851045316113,-0.7887883001489108,-0.5922203250402671,0.11265490048817117,-0.008213552361396204,-0.004184100418409997,0.008912655971479388,0.05811623246492981,1.8225308641975304,0.11111111111111094,-0.08150657632522929,-0.002777777777777657,-0.015384615384615441,-0.12359958506224078
1997-09-30,0.14217437690298484,0.24932229274032158,0.2012698204718646,0.24995501484908078,0.07304711590978474,0.5990720254642956,1.8961181479228917,1.9699987636853167,1.92,0.0,-1.35887449971027,-0.17256045275252963,-1.098887159375758,-1.1071787089996499,0.15565613928020472,0.14951063111711105,0.2432712215320909,0.23949579831932755,0.07243816254416968,0.14015151515151492,0.12866776016037917,0.10000000000000009,-0.060533738338034215,0.2311977715877438,0.0,-0.00047345682665556055
1997-12-31,-0.06646684425386629,-0.07151531975432879,-0.1422454259273126,-0.25255142664592656,0.032767864582241124,0.03712740629582978,-0.10918304457988082,-0.10669404783378889,-0.09589041095890405,0.0,12.19572428122614,-0.14073122201956556,18.51627740583636,67.26138096275321,9.194173475524783,0.09747504403992946,0.3322231473771857,0.31525423728813573,0.01976935749588149,0.023255813953488413,-0.09914419505893757,0.09090909090909083,0.10623556581986149,0.2850678733031673,0.0234375,0.24216945941145118
1998-03-31,-0.09464163514767243,-0.14580198689055202,-0.19083059623428322,-0.3158917833621947,0.009975467462830734,-0.5628497550978152,-0.9350737204618483,-0.9447082153267854,-0.9393939393939394,-0.9444444444444444,-1.3081102513075695,0.6225095277147956,-1.0862454991816695,-1.5792547895899012,-0.5224326459427842,0.08694489031567687,0.7424999999999999,0.7396907216494846,0.012924071082390798,0.06493506493506485,-0.2084602975443628,0.08333333333333348,0.11565762004175362,0.7904929577464788,-0.007633587786259555,0.24862958196291518
1998-06-30,0.06770381735957498,0.08615424122959281,0.16913307241192665,0.34092225589816993,-0.02067930048482647,0.22173848920251182,3.766279895808667,4.468114992040453,4.0,4.0,-0.38807477280003944,-0.10293461778610291,1.3985122210414453,-0.5043973084561082,-0.5421623217750781,-0.020182131429977823,-0.05057388809182206,-0.03777777777777791,-0.01754385964912275,-0.03201219512195119,-0.4633152173913043,0.08791208791208782,-0.08289670658682635,-0.006882989183874089,-0.03076923076923077,-0.18999809123878608
1998-09-30,0.40275559757103174,0.30135211578405374,0.726565146170632,0.9825041061886395,0.06590699875873307,0.9408816448952209,2.3065878378378377,2.3851936842826316,2.4,2.3,-1.4406393383240763,13.085496006098571,8.51836192164061,-0.9479812154389085,-0.06159961566051764,-0.116804822908817,-0.05893464299206652,-0.1039260969976904,0.08441558441558428,-0.10078740157480315,-0.08987341772151891,0.08080808080808088,-0.24015507039379713,-0.06138613861386144,-0.039682539682539764,-0.34357620887925344
1998-12-31,-0.1736571236354577,-0.3076608112959276,-0.24558396513698155,-0.3827545729528612,-0.05245792746157141,-0.07717029878238402,-0.7017704655297623,-0.708835209308208,-0.7205882352941176,-0.696969696969697,10.2291830792944,-0.911900389083084,-2.116487100064769,-8.464209401709402,0.4899746824790132,-0.1279863481228668,-0.29466077880369324,-0.30927835051546393,-0.0479041916167664,-0.19614711033274956,-0.0890125173852574,0.0747663551401867,0.14688506981740046,-0.28481012658227844,-0.04132231404958686,0.12162550258472149
1999-03-31,-0.06682777414764562,-0.13067484364445692,-0.09046068190110679,-0.17343842406417798,-0.03512200321063974,-0.5514716651480609,-1.299869008833507,-1.3448120091736744,-1.368421052631579,-1.35,-1.2344749610577646,-0.4200186965811966,-1.13534407795209,-3.32217848708223,-0.7636429532981257,-0.19569471624266144,-0.08366533864541825,-0.12064676616915426,-0.036163522012578664,-0.15468409586056642,0.14096692111959297,0.06956521739130439,0.03394989463825815,-0.09144542772861353,-0.0344827586206895,0.051785942901036996
1999-06-30,0.2764339127666924,0.4594355432873498,0.4287082998471454,0.7725018277740834,0.08386016037406563,0.5028607921215518,10.443436379928315,9.396251133729718,6.142857142857142,6.142857142857142,0.8937200790952613,1.0449699509544312,1.7648037317373704,0.3440603060916303,0.7706860499850643,0.05190592051905929,-0.9024844720496894,-0.8868458274398868,-0.26101141924959215,0.09020618556701043,0.16859946476360377,0.07317073170731714,-0.15081521739130432,-0.9042207792207793,-0.044642857142857206,-0.1766173696062321
1999-09-30,0.1298165144843093,0.26683080581264007,0.17566857238657851,0.2885986375945553,0.053380263192456257,0.7547853490925382,-1.662312684134799,-1.6559246621818111,-1.6400000000000001,-1.6400000000000001,-0.49688234903493644,-0.4729706905676099,-0.15845634229651395,-1.0174218904058077,0.04272619917899112,-0.11950655358519668,-2.1337579617834397,-1.7125,0.05298013245033095,0.1914893617021276,2.006106870229008,0.06818181818181812,-0.06773333333333331,0.0,0.0,-0.01692660211397734
1999-12-31,-0.10614542866044252,-0.26830656887078286,-0.15181085561805507,-0.26912142115502624,-0.02118282712319508,0.07242088331058749,-0.9668669134653041,-0.9668669134653041,-1.0,-1.0,-5.303829961541087,1.1291287441780966,-3.509210924496898,46.98894445906818,1.9663696960545334,-0.37215411558669,1.5449438202247192,1.8947368421052633,-0.03354297693920316,-0.4027777777777778,0.0,0.06382978723404253,0.0949656750572081,0.0,0.03738317757009346,0.0011278195488719778
2000-03-31,-0.10816454464209435,-0.24331670679707296,-0.10630764441817953,-0.07963416163968129,-0.11115832529588265,-0.6458315559204325,-39.18822479928635,-39.18822479928635,-inf,-inf,-1.387460660564119,-0.6731656899735089,-1.6644576269908868,-1.1778125171411333,-0.2184791145500029,-0.20432357043235705,1.7571743929359824,1.7878787878787876,-0.11062906724511945,-0.17607973421926904,0.0,0.06000000000000005,-0.003396029258098121,0.0,-0.027027027027027084,-0.1778445362373262
2000-06-30,0.04992564177707415,0.10711208097012115,0.0979397738708927,0.21934711352969627,-0.027907421992779624,0.1796379718461012,-1.0350685603494592,-1.0350685603494592,-1.025,-1.025,-0.3829754714251793,0.18516471707961069,-0.4496571814918844,1.6296079217694421,-0.3965999339341295,0.11744084136722166,-0.8903122497998399,-0.8913043478260869,-0.029268292682926744,0.254032258064516,0.0,0.05660377358490565,-0.07418086500655308,0.0,-0.02777777777777779,-0.0920800219238147
2000-09-30,0.00898881693937792,0.21254680400939763,0.13878276665024103,0.027353915364356052,-0.22865164199540877,0.9366211908334219,-57.097585345545376,-57.097585345545376,-80.0,-80.0,-1.8723409902198866,-0.0145329257551422,-1.5174961247979948,-0.6025761343906902,-0.26121687369403124,-0.07058823529411773,20.64963503649635,19.580000000000002,-0.22864321608040206,-0.041800643086816636,0.0,0.0535714285714286,-0.23556058890147225,0.0,-0.00952380952380949,0.18029982895663554
2000-12-31,-0.10951907307671349,-0.2874998830464548,-0.17690927530772227,-0.28303241896213893,0.07264092814037082,-0.005456624507580998,-1.2111462718113435,-1.2111462718113435,-1.2151898734177216,-1.2151898734177216,3.8188944835734313,0.10438737152020194,3.234521381683768,-5.031347777318614,1.425392683817774,0.06582278481012671,-0.055293324342548744,-0.09620991253644318,0.061889250814332275,0.3791946308724834,0.0,0.0,0.20481481481481456,0.0,-0.028846153846153855,-0.006222828403375735
2001-03-31,-0.018983877440448937,-0.013405104319333727,-0.028886035421102796,-0.054879935996038354,0.0015551301477159107,-0.5353068113497312,-1.000001124732876,-1.4785597795523562,-1.4705882352941178,-1.4705882352941178,-1.4723546018841698,-0.13691326287727312,-1.6220550803215494,-2.157687407559272,-0.6803678315238673,0.2866191607284243,-0.278372591006424,-0.38602150537634405,0.0,0.2116788321167884,0.0,0.0,0.020903781125115373,0.0,0.02970297029702973,0.04391833933779399
2001-06-30,0.03891824009952005,0.07827580499740172,0.05770580759116739,0.13307252694627647,0.0011335819196174324,0.16711296430893996,-0.875,-0.8573694879403038,-0.875,-0.875,-0.7787554828836014,0.3642581356867072,-0.6505833892830573,-0.7877490354816268,-0.45179660469311644,0.057230769230769196,0.09099901088031648,0.04728546409807355,0.0030674846625766694,0.058232931726907466,0.0,0.0,-0.03643480879253236,0.0,0.028846153846153966,-0.04839769926047677
2001-09-30,0.14900271712242064,0.38374908763041526,0.15109613484261653,0.39751832294121736,0.14455462575513223,0.8878979147010415,-47.0,-42.16065911431514,-47.0,-47.0,-0.6071730637560917,0.15211854127921076,0.04027316161196515,-1.7454632140409427,0.6143664047151276,-0.005820721769499548,-1.7221214868540344,-1.2642140468227425,0.1406727828746177,-0.009487666034155517,0.0,0.0,-0.003750000000000142,7.23728813559322,-0.009345794392523366,-0.009843709524220534
2001-12-31,-0.1010997299672951,-0.18838526912181308,-0.18567118774006486,-0.28975211742667506,0.07962462808408421,-0.004765722512923398,649822.1086956522,-0.3095403708059149,-0.30434782608695654,-0.34782608695652184,0.0,0.0,0.0,21.019706599512332,8.379862178073232,0.024590163934426368,0.21845574387947275,3.151898734177215,0.07506702412868638,-0.10153256704980829,-0.5884966988318945,0.02824858757062154,0.20106649937264764,0.2798353909465021,-0.009433962264150941,0.1426702712130461
2002-03-31,-0.15677842451626567,-0.21078459482862433,-0.17913581335161488,-0.3052184089854544,-0.12074205991746711,-0.5377280025120228,-1.0000019737812929,-2.856419139283074,-2.84375,-2.966666666666667,8.19126467421951,-0.5426455880546734,-0.8683323765070015,-1.6714869469400053,-0.5998988005267563,0.08171428571428563,-0.7480680061823802,0.02286585365853666,-0.1271820448877805,0.006396588486140553,-0.1283554458500462,0.0,0.04256986158265863,-0.742765273311897,0.028571428571428692,0.13592307105243062
2002-06-30,0.03157808958082109,0.04734821305848169,0.0341700048605611,0.0966010636715866,0.027677810321264706,0.08417971277008673,-1.0677966101694916,-1.0764332702180406,-1.0677966101694916,-1.0677966101694916,-0.8957940589199862,0.4627484078876698,-1.1658135860979462,-0.7976047580427142,-0.3034648809909851,0.10670892762810347,0.2842535787321063,0.025335320417287477,0.028571428571428692,0.26906779661016955,3.6350442477876106,0.0,-0.0037575150300601656,0.33125000000000004,0.0185185185185186,-0.04488040849234076
2002-09-30,0.13407376236896784,0.36040191824617485,0.11294877712673346,0.5120071141092939,0.1660631755853481,1.0752519752773346,15.0,13.33108591275922,15.0,14.75,-6.013835737415366,0.11272555602182122,44.32888719512195,-1.3276120001068576,0.14273327203528896,-0.08544152744630062,0.7372611464968155,0.03488372093023262,0.16388888888888897,-0.11185308848080133,-0.30319230181762646,0.0,0.028161931103847015,0.7699530516431925,0.04545454545454519,-0.10023916713562186
2002-12-31,-0.004349272404970628,0.015243759917793254,-0.0628805122576035,-0.10379977333445667,0.08024689336045543,3.8336575968633824e-05,359531.671875,-0.1798922565882798,-0.34375,-0.33333333333333337,0.0,0.0,0.0,42.652831573368125,5.4524635245588575,-0.04853862212943627,0.4546287809349221,-0.2261235955056179,0.07637231503579933,-0.18233082706766923,-0.4742437527400263,0.027472527472527597,0.0851063829787233,0.48806366047745353,0.01739130434782621,0.13282776952544761
2003-03-31,-0.1060085535687818,-0.19195726683198244,-0.20798590215752288,-0.315179411349062,0.021852599064441813,-0.5535858898057369,-0.8572669703913818,-0.8572669703913818,-0.8333333333333333,-0.8333333333333333,-3.56881698620778,-0.2523688304341677,-1.1227226486636457,-1.4657537829010352,-0.39357146352358807,0.15469007131102575,0.9168241965973536,0.13067150635208713,0.019955654101995624,0.0735632183908046,-0.12236814675839058,0.0,0.1428893396439035,1.0534759358288772,-0.008547008547008517,0.17991718426501024
2003-06-30,0.023822285852882485,0.028576164858305386,0.012226296410332127,0.02453812771233732,0.035091337479821405,0.0318147602991079,-0.36388271473373324,-0.36388271473373324,-0.2857142857142857,-0.2857142857142857,-0.7540834412069657,0.8870393139758503,-1.960334315270261,-0.6279162572442698,-0.24148194615080276,-0.004750593824228044,-0.06344510190664054,0.07223113964687,0.03695652173913033,-0.025695931477516032,-0.5710213776722091,0.0,0.011043186748175948,0.00954861111111116,-0.017241379310344862,0.0039188161665788535
2003-09-30,0.12792310590674782,0.29050317594941033,0.14110023836470043,0.23902365651630442,0.11540036456504232,1.216758518271924,11.925090943901973,11.925090943901973,11.2,11.2,-1.3837334076871732,-0.18858909030156212,11.728135254672564,-0.0222046166200478,-0.31129111682660715,-0.05918854415274455,-0.07722007722007707,0.9356287425149701,0.1383647798742138,-0.09230769230769231,-0.0669988925802878,0.0,-0.011117612638970265,-0.02579535683576961,0.0,0.04154043346539282
2003-12-31,-0.02021919879062739,-0.06536952710708421,0.011066203797740037,0.024025507391980838,-0.050635980478292986,0.0213970530435732,-0.20799463765271398,-0.20799463765271398,-0.180327868852459,-0.19672131147540983,24.519904879337677,-0.1635884448287932,1.110826519002595,-5.140987835327707,1.8716946441650846,0.0,-0.05591479650057063,-0.03248259860788871,-0.046040515653775316,-0.12106537530266348,0.01721068249258151,0.213903743315508,-0.030966469428007848,-0.04324801412180057,0.00877192982456143,-0.08726296358449415
2004-03-31,-0.08993582283111101,-0.16775914710529571,-0.17335467499648105,-0.27105166697780136,-0.003561919140735559,-0.5514777885178122,-0.9579503053313757,-0.9579503053313757,-0.96,-0.9591836734693877,-1.3220087453796854,-0.2298754369553444,-1.1110987201954226,-1.4854522971913529,-0.3164049724078041,-0.051243023845763624,-0.06446414182111204,-0.050359712230215736,0.009652509652509744,-0.005509641873278293,-0.10560093348891486,0.0,0.09485039690616737,-0.05166051660516602,0.0,0.14169271312128462
2004-06-30,-0.04805013282978354,-0.09157155923670546,0.016587881347041922,0.026098432486440393,-0.10357342911624956,0.02952580466717203,1.6192594239964415,1.6192594239964415,2.0,2.0,-0.6109449856917784,0.009397775220560067,-6.841809664929975,0.16378038682364804,-0.5386608830065218,-0.036363636363636376,0.01808785529715773,0.015151515151515138,-0.08604206500956024,-0.04432132963988911,0.004566210045662045,0.0,-0.05818925450827295,-0.0009727626459143934,0.01739130434782621,-0.11471361855172046
2004-09-30,0.1547657674163434,0.3838547299051247,0.17444525052725246,0.44096648491484136,0.13559536937456662,1.0739513085788346,9.860963701974104,9.860963701974104,9.333333333333334,9.166666666666666,-0.7888842975206611,-0.3277598327949839,-1.0702932910040788,-0.9237125012074534,-0.08907350352112675,-0.04938956714761378,-0.017766497461928932,-0.02238805970149249,0.13389121338912124,0.03768115942028971,-0.05714285714285716,0.0,-0.016778523489933028,-0.020447906523855974,0.0,-0.03959495512975986
2004-12-31,0.05399550613585302,0.05250743538043756,0.04675396239478058,0.09180425072474208,0.061291051534945185,0.10969851768647065,0.11146073564476411,0.11146073564476411,0.09677419354838723,0.09836065573770503,-37.518496770405164,0.1290276992651216,-17.350832266325224,-26.500154416306362,2.493492178534759,0.06771745475773505,0.11843238587424643,0.12468193384223913,0.05719557195571956,-0.05865921787709494,0.06749311294765836,0.19823788546255505,0.007026701465569385,0.11530815109343928,0.008547008547008517,-0.03598712039901519
2005-03-31,-0.1266189452226557,-0.21525131297044153,-0.26042232608365534,-0.35507949126056426,0.006335788402439091,-0.5767785950878171,-0.9771158276037911,-0.9771158276037911,-0.9705882352941176,-0.9701492537313433,-1.334929670066587,-0.7286268619351608,-1.04423364419449,-1.4579560249244576,-0.3268677036915377,0.08747949699289248,-0.025798998844820842,-0.007541478129713397,0.017452006980802626,0.029673590504451175,-0.056129032258064426,0.0,0.1521132376395533,-0.004456327985739805,0.0,0.21677909489815983
2005-06-30,-0.05840649169641543,-0.09122541676733509,0.0497797869391583,0.10290442127036115,-0.1374106178944141,0.13242287261211572,-15.443983402489627,-15.443983402489627,-12.5,-12.5,-0.530190727409964,2.9231242312423125,-18.336444837853062,0.10219182719262054,-0.5352156085182669,-0.02966314731020614,-0.21383399209486165,-0.20592705167173253,-0.12006861063464835,-0.04610951008645536,-0.03007518796992492,0.0,-0.08375151410278592,-0.21844225604297218,0.016949152542372836,-0.17600516712417258
2005-09-30,0.12524938669535413,0.2903623048541799,0.15110120119679604,0.22857814982678226,0.1022740057411462,0.8787796437395061,-3.3975549810080117,-3.3975549810080117,-3.4347826086956523,-3.391304347826087,-0.557608134115256,-0.7591315253174479,-0.49737746008169326,-0.5486090783014296,-0.5197925559985521,-0.07150259067357512,-0.07088989441930615,-0.06124401913875588,0.10136452241715399,0.05438066465256797,0.18040873854827355,0.0,-0.02058545797922573,-0.06758304696449025,0.0,0.050297210791037994
2005-12-31,-0.0066358879123830095,-0.005890894825935078,0.07168799662056125,-0.030568672179513645,-0.07932842888595104,0.10610301024220581,0.2388445852693053,0.2388445852693053,0.23214285714285698,0.23636363636363633,-15.060557451941586,6.163195574357306,1.0872604700558712,-5.37964045756081,4.740668925955547,-0.11997767857142871,0.018939393939394034,0.010193679918450327,-0.04247787610619469,-0.20057306590257884,-0.06805970149253737,0.18382352941176472,-0.07308137292711137,-0.011056511056511065,0.025000000000000133,0.025436905280179056
2006-03-31,-0.11606968668528539,-0.21933056994818656,-0.24782566568894293,-0.38487887724382086,0.026271177166652393,-0.5695181797661113,-0.891925777331996,-0.891925777331996,-0.8840579710144927,-0.8823529411764706,-1.2647490195613147,-0.3577739920499716,-0.6535866453705219,-1.4787549473076087,-0.3953578809582514,0.043119847812301826,0.08709506107275633,0.07467204843592334,0.02402957486136792,0.08960573476702516,0.03331197950032028,0.0,0.161015186186811,0.05465838509316767,0.016260162601626105,0.26910480349344956
2006-06-30,0.08252518875393933,0.1543317413247034,0.2471268338610857,0.15901363945442193,-0.04780643761462955,0.20710735655394164,0.23897911832946628,0.23897911832946628,0.25,0.25,-0.7661411812562697,0.35064016410836807,-2.6018570552774087,-1.055209373779984,0.036099802410852755,0.01823708206686936,0.3004396678065462,0.27699530516431947,-0.019855595667870096,-0.006578947368421018,-0.03843769373837569,0.0,-0.12040852893746645,0.28150765606595973,0.0,-0.0040143369175627
2006-09-30,0.1640785273551455,0.32725981450100927,0.2068342055829926,0.4361292771728815,0.11973861542716246,0.8694749152878647,5.39446227929374,5.39446227929374,5.3,5.199999999999999,-0.8564521359709897,-0.1080182256206138,-1.2414626173067878,-4.334787400128571,-0.11619070474362048,0.06507462686567167,0.021788129226145925,-0.003676470588235281,0.11049723756906094,0.08940397350993368,-0.1843971631205673,0.0,-0.03809329802403749,0.0,0.0,-0.07581210114677794
2006-12-31,0.017587050799027892,-0.012255068445676698,-0.0185047438684508,0.05634855791053228,0.05792747488319416,0.1779187091412,0.19800020918313987,0.19800020918313987,0.19047619047619047,0.19354838709677424,-128.70620250564798,5.290080145612541,11.90975432571655,-9.993142857142857,1.1822908087070645,0.21188340807174888,-0.025000000000000133,-0.020664206642066363,0.026533996683250516,0.09118541033434635,0.1549407114624506,0.20186335403726696,0.03960186361711138,-0.03584558823529416,0.008000000000000007,-0.06494989875915058
2007-03-31,-0.09852409781988436,-0.1700886062359086,-0.27269343734021423,-0.464981169274322,0.082083491233363,-0.5541320781737087,-0.9582227468290775,-0.9582227468290775,-0.96,-0.9594594594594594,-1.2625725412370348,-0.8881400547934976,-1.334050373568584,-1.338915708583476,-0.18361298392769454,0.1947271045328398,-0.07956259426847656,-0.06254709871891495,0.08077544426494354,0.1615598885793872,0.14784394250513344,0.0,0.2004481564473417,-0.05529075309818876,-0.007936507936507908,0.5511937812326484
2007-06-30,0.04038266545199787,0.02942298049939085,0.047734816987469175,0.08711221975768835,0.03525835450629988,0.06632172844889483,0.906210816684778,0.906210816684778,1.0,1.0,-0.49455190239361047,3.7140234489089163,-0.7579249617151608,0.09135099726683382,-0.24545492416660486,0.060394889663182516,-0.09053666530110616,-0.049035369774919624,0.034379671150971625,-0.01918465227817745,0.09600477042337507,0.0,-0.004921092821992268,-0.03229061553985868,-0.016000000000000014,-0.05308372409349604
2007-09-30,0.10338350232270743,0.17839486348429823,0.43848617360868736,0.9021027037245473,-0.1329915006576763,0.8337603790051116,9.38195053499386,9.38195053499386,9.166666666666666,9.166666666666666,-0.2764545856634777,-0.1121604517573751,-8.910295745690338,0.9281592542305528,-0.6272338110557067,-0.11683096020445416,-0.00990990990990992,-0.01775147928994092,-0.06936416184971095,-0.1442542787286063,-0.09249183895538626,0.0,-0.21418826739427022,-0.012513034410844504,0.0,-0.3804717623043774
2007-12-31,-0.06299983640609741,-0.09633079639861686,-0.0964752702659214,-0.10300155361100327,-0.023822743284486525,0.19039320690926775,0.3874382259767688,0.3874382259767688,0.47540983606557385,0.4918032786885247,-10.810281446001055,-0.5211496475889501,0.9989123654452103,-2.340334952779859,2.255310233216773,-0.11037618850764785,0.08871701546860788,0.0843373493975903,-0.009316770186335477,-0.04571428571428571,-0.10431654676258995,0.193798449612403,0.04166666666666674,0.06124604012671586,0.016260162601626105,0.00744401732869604
2008-03-31,-0.07573955015706113,-0.15086488829651024,-0.15867968830353862,-0.47370177193620344,0.014103007618537333,-0.5799652384646805,-1.1420073308247787,-1.1420073308247787,-1.1444444444444444,-1.1428571428571428,-1.225716880602697,-1.0613536526971041,-0.9434742426424696,-1.4425346454725432,-0.3065922578755099,-0.1045539033457249,-0.07020476389469288,-0.09682539682539681,0.012539184952978122,-0.09580838323353291,-0.19879518072289148,0.0,0.09729166666666655,-0.09452736318407973,0.0,0.6134092423232995
2008-06-30,0.04314946418906085,0.0800048870150285,0.09592868104069141,0.40540995070863883,-0.004281242812941066,0.21008616347891174,-1.2526047249496206,-1.2526047249496206,-1.2307692307692308,-1.2307692307692308,0.003066916255412444,-14.123515439429928,-3.4488799235587644,-0.12968130734567562,-0.384813951218107,0.009859885832900872,0.02112359550561793,-0.019332161687170446,0.0,-0.0033112582781458233,0.12113617376775254,0.0,-0.04556673628251362,-0.03846153846153855,0.016000000000000014,-0.23154022298134314
2008-09-30,0.19223464000656132,0.35225728204334583,0.34667632573036533,0.6797091230906576,0.03947564440021489,0.7496051440493838,19.20690825765934,19.20690825765934,21.000000000000004,21.000000000000004,-0.4838904262458247,3.868080155138979,4.796525911153502,-1.2594944605250025,0.16232014505459058,-0.00411099691675243,-0.003961267605633867,-0.017921146953405076,0.046439628482972006,-0.0033222591362125353,0.01713859910581217,0.0,-0.12810821563556796,-0.014857142857142791,0.0,-0.19495872209467047
2008-12-31,-0.15365374136236176,-0.25771363921060797,-0.1755563591872834,-0.3542353553188272,-0.12558731013609736,-0.0032666860194778824,-0.2591243941570278,-0.2591243941570278,-0.25757575757575757,-0.25757575757575757,-9.056590404394576,-0.5343410898004494,-3.0885746482244185,1.7387534657114925,0.3824719563835597,-0.23735810113519096,-0.2713212549712771,-0.281021897810219,-0.12573964497041412,-0.27,-0.2637362637362637,0.16233766233766223,0.033310517910107196,-0.2563805104408352,-0.03149606299212604,0.149514563106796
2009-03-31,-0.12172946578627475,-0.23177702830089864,-0.19468987108194835,-0.3881088022451257,-0.03357934189364398,-0.595018858665424,-1.289034642660756,-1.289034642660756,-1.2857142857142858,-1.2857142857142858,-1.1947629690411319,-1.2656636744191352,-0.9886564391986096,-2.2453742173327873,-0.34454276713065046,-0.08322056833558855,0.021224984839296468,0.006345177664974555,-0.03384094754653133,0.04566210045662111,0.28358208955223874,0.0,0.10024287922278652,0.012480499219968744,-0.008130081300813052,0.2554898648648649
2009-06-30,0.0905089176704339,0.17918252998282647,0.12038461949234569,0.35871055440764654,0.06043079251022587,0.14325917779763397,-1.4210763739065626,-1.4210763739065626,-1.4285714285714284,-1.4285714285714284,-0.3715148947659992,-1.6276673393156154,-17.080079974744816,-1.0836990536692634,0.04399662115434011,0.049446494464944646,0.04453681710213786,0.034047919293821005,0.05604203152364273,0.0873362445414847,0.05968992248062022,0.0,-0.027493477824603763,0.06471494607087824,-0.024590163934426257,-0.13214766229397923
2009-09-30,0.11423440461285517,0.25035010831620563,0.11936546286711613,0.2760336069634881,0.1087765193781407,0.99496880973773,9.705761796078066,9.705761796078066,9.5,9.5,-1.229646748590772,-0.22552842191668376,-1.800397882323685,-6.555886150564195,-0.2341388977607438,0.2060478199718705,-0.019897669130187645,0.007317073170731714,0.10447761194029859,0.14056224899598369,0.17264081931236297,0.0,-0.00495253817581498,0.00723589001447178,0.0,-0.02010561503803099
2009-12-31,-0.04179378629310848,-0.05506692825427262,-0.1292122805530298,-0.20633184505996982,0.0520809345146398,0.09110735960934768,0.428716248553354,0.428716248553354,0.4126984126984128,0.4126984126984128,39.765345289165566,1.7273449920508743,2.2466232789351475,-9.015591055604393,2.4505248395208175,0.1259475218658892,0.34048723897911826,0.3946731234866827,0.04504504504504503,0.021126760563380254,0.1584529008109794,0.13966480446927365,0.09788469514724163,0.399425287356322,-0.008403361344537785,0.19054682092356368
2010-03-31,-0.05801397536478503,-0.0991552947817268,-0.1520168779222303,-0.31819424361422755,0.025536657804518414,-0.5498596511328159,-0.9243496082270791,-0.9243496082270791,-0.9213483146067416,-0.9213483146067416,-1.1935414701767935,0.13497846432850813,-1.0851121162059796,-1.3089783039762808,-0.21943299758190937,0.10357327809425176,0.07832107312851577,0.11979166666666674,0.02298850574712641,0.05517241379310356,-0.20301561658589118,0.0,0.08877975066112587,0.12320328542094461,0.0,0.32126245847176094
2010-06-30,-0.006104748251027692,-0.01012986053625864,0.0320592327298157,0.4208803970634998,-0.0341525075685134,0.15728193509241195,1.0761210852588357,1.0761210852588357,1.0,1.0,-0.47885792311749054,0.7765571946243617,-4.933573985856732,0.3342064249753167,-0.37507211337196966,0.040825903331769275,0.014847512038523414,0.04961240310077519,-0.021067415730337102,0.019607843137254832,-0.09189189189189195,0.0,-0.028278972935461444,0.027422303473491727,0.016949152542372836,-0.30333794317324614
2010-09-30,0.28668472705539316,0.5652924952249843,0.4738819047619047,0.4068054375779018,0.13967710088852092,0.7997551308145385,4.4922346097915655,4.4922346097915655,4.571428571428571,4.5,-0.5642439694057658,-1.130703628157975,-4.422241110852019,-2.27109491104574,0.7628916308323652,0.0013525698827774324,0.03716884143930388,0.041358936484490405,0.14203730272596848,0.022435897435897356,-0.044642857142857095,0.0,-0.11426530976611327,0.07651245551601416,-0.025000000000000022,0.11265508684863534
2010-12-31,-0.05923303744655828,-0.09510814161768899,-0.038789608178639745,-0.0660826406497047,-0.07999532399859721,0.15902296492851287,0.14799726048675788,0.14799726048675788,0.15384615384615374,0.1558441558441559,-18.20313962698927,-8.062914721061686,-2.2762202640654294,-0.2287791452958554,0.3337459463117294,0.09320126069338142,-0.01372474266107504,-0.036170212765957444,-0.05276381909547734,-0.043887147335423204,0.010903426791277315,0.1356209150326797,-0.021971376738560755,-0.03388429752066113,-0.008547008547008517,-0.031059930257075652
2011-03-31,-0.08041666136001901,-0.14718171703428673,-0.11634552331194925,-0.2296683211358812,-0.04229311294598159,-0.5519737318985538,-0.9489304516827396,-0.9489304516827396,-0.9444444444444444,-0.9438202247191011,-1.0437881958978652,-0.8404259020842757,-0.6792001143579507,-1.722944182071134,-0.18090378519470807,0.016474464579901094,-0.004638577502898977,-0.0345842531272994,-0.039787798408488007,0.0721311475409836,0.016949152542372836,0.03309352517985609,0.04142621599340468,-0.02395209580838331,-0.008620689655172376,0.10708905256109813
2011-06-30,-0.03700459468849915,-0.08017190752520609,-0.05430033708722237,-0.13613224824907588,-0.0200713986938178,0.2204230471836075,3.849099777202385,3.849099777202385,3.5999999999999996,3.5999999999999996,3.419606156199216,2.835695595290013,1.2252250801269144,1.7221565412495687,-0.6012094956654657,0.06807131280388967,0.04699029126213583,0.0266768292682924,-0.006906077348066253,0.11314984709480136,0.07954545454545459,0.03203342618384397,0.017613299030279084,0.01840490797546024,0.008695652173912993,0.06475146475146465
2011-09-30,0.08415681854089185,0.17448960966409088,0.1888405461956837,0.5562747269257093,-0.014752613113298785,0.7205963499006169,2.7352382371568007,2.7352382371568007,2.782608695652174,2.7391304347826084,-0.4846431699957823,1.1177055797163242,-1.0336296038949446,-0.7401594897342947,-0.39173094753343085,-0.03376327769347498,0.06824925816023719,0.05270972531551621,-0.0013908205841447474,-0.027472527472527486,-0.07859649122807011,0.031039136302294157,-0.09120964605211979,-0.002581755593803692,0.051724137931034475,-0.24531383129792683
2011-12-31,0.09039409534674614,0.15842352190040687,0.10468194293323796,-0.2570669343985401,0.07410474916189802,0.07754507794832799,0.23199188816303473,0.23199188816303473,0.22988505747126453,0.2325581395348839,-11.353678113884605,-0.2530770572997061,12.595379869431092,-7.799042274141402,4.378646688614238,0.06517471535139374,0.06458333333333344,0.049365303244005565,0.07242339832869082,0.06779661016949157,0.017517136329017413,0.030104712041884918,-0.014979670447250126,0.05780845556514236,-0.008196721311475419,0.5592718035563085
2012-03-31,-0.023138641782144753,-0.2728850044443386,-0.05283147693508894,0.09078107433816385,0.01167737875119279,-0.5689159486180873,-0.9788734864818918,-0.9788734864818918,-0.9813084112149533,-0.9811320754716981,-0.8261959630230913,11.639573749281196,-1.3087870568741886,-1.52440723617333,-0.42690924708186984,0.14559528197567273,-0.023483365949119372,-0.03696236559139765,0.006493506493506551,0.06878306878306883,0.05763473053892221,0.039390088945362,0.03562893764935926,-0.007340946166394802,-0.024793388429752095,-0.3333936706187589
2012-06-30,0.00707836468243106,0.006018839675060228,0.030865555875937645,0.09081900351469185,-0.019034579688370856,0.2480071603286771,11.289947630604164,11.289947630604164,13.000000000000002,13.000000000000002,-2.355970053525824,-0.8405199561537575,0.044226464104448304,-0.29451809877721835,-0.5255306349776836,0.043436293436293516,0.008350033400133627,-0.01605024424284729,-0.01935483870967747,0.034653465346534684,0.0573248407643312,0.03789731051344747,-0.02601216698133002,0.02136400986031206,-0.0423728813559322,-0.07775162925416368
2012-09-30,0.13069489845278026,0.2990378882130589,0.139248294887087,0.3376310405666567,0.12082756938354566,0.7932133206640828,2.8032073000893805,2.8032073000893805,2.7857142857142856,2.714285714285714,-0.827530454899229,-0.8419584035373932,-0.44094591277309547,-0.7812850889425117,-0.24225249206916277,0.036386062288005006,0.03643590592911572,0.03191489361702127,0.11315789473684235,0.05741626794258381,0.013386880856760541,0.036513545347467646,-0.008615119534783555,0.06999195494770727,-0.03539823008849541,-0.028854647168514935
2012-12-31,0.034544494566282946,0.08693313726514829,0.01607933765463687,0.03778703742901546,0.056196274060232865,0.08570970673052858,-0.16247878733224574,-0.16247878733224574,-0.16981132075471705,-0.16346153846153855,-35.326709716023835,2.77278880866426,6.5274435760077285,-12.68270019736988,3.7349687162126237,0.08449866111276405,-0.11409395973154368,-0.10859106529209606,0.05200945626477527,-0.02488687782805432,0.0033025099075296716,0.03522727272727266,0.020855963502063757,-0.0909774436090226,-0.01834862385321101,0.047347145022738735
2013-03-31,-0.051037991905662605,-0.11282232228081102,-0.09083281089538209,-0.4764255727815423,-0.006147939188351992,-0.5586666991739457,-0.8743441660140956,-0.8743441660140956,-0.875,-0.8735632183908046,-1.0453562946230779,-0.019197416422462754,-1.2226759221450934,-1.07232141501268,-0.05704752000994229,0.08998628257887509,0.0032467532467532756,0.01156515034695449,-0.00786516853932584,0.03480278422273786,0.18367346938775508,0.03951701427003296,0.04724409448818889,0.028949545078577277,-0.01869158878504673,0.6944565060066579
2013-06-30,0.0004393194278482504,-0.008986480191207957,0.04115774906429315,0.15574538655031933,-0.04157880025772687,0.1742687368296294,0.9045986860896886,0.9045986860896886,0.909090909090909,0.909090909090909,2.5784585328358447,0.019451219512195195,-3.4714111072301783,4.728329768107193,-0.34655723804140015,0.12559778504908126,-0.05537576411362832,-0.051829268292683084,-0.039637599093997666,0.13452914798206272,0.08120133481646286,0.03801478352692711,-0.04186141028246293,-0.029742765273311877,-0.01904761904761909,-0.14253580478915762
2013-09-30,0.08067000925699985,0.16319882474870973,0.12615238611713675,0.4171627065334733,0.029684252466585015,0.8877290312537154,4.764792496046245,4.764792496046245,4.809523809523809,4.761904761904762,-0.84183582142985,-0.35093307015969855,1.381851844000198,-0.04567083550022566,-0.5061341232705442,-0.022137745974955325,0.0631899505138942,0.0562700964630225,0.048349056603773644,0.01976284584980248,0.008744855967078191,0.03662258392675488,-0.047295864262990484,0.051367025683513035,0.009708737864077666,-0.1791798107255519
2013-12-31,-0.03832425736475087,-0.07134468358849877,-0.13557682765532042,-0.2882155033165281,0.08090968293337242,-0.04247696266494971,-0.12673235013102002,-0.12673235013102002,-0.11475409836065564,-0.12396694214876025,-29.850186736079674,0.5256295067615822,-0.054639637100482696,-2.519008157327431,1.5567422212709214,0.008689686713926337,0.05871822413175809,0.07838660578386603,0.07424071991001124,-0.03875968992248069,-0.06272310045894958,0.035328753680078595,0.12399821905609976,0.09850275807722597,-0.019230769230769273,0.3046644281726607
2014-03-31,-0.08815061620038178,-0.1656054349431748,-0.1297447638333824,-0.35562705262353933,-0.047368662232486036,-0.5522573177564433,-1.0303805832920332,-1.0303805832920332,-1.0277777777777777,-1.028301886792453,-0.9405912241181311,-0.5523307612158918,-0.4700514050074377,-1.2243553982189,-0.1366049021570107,-0.06347766946270683,-0.05884342238755502,-0.04304869442484116,-0.043979057591623016,-0.127016129032258,-0.13220892274211093,0.03601895734597149,0.04476133887898581,-0.04806312769010035,0.0,0.29488372093023263
2014-06-30,0.10329192814199128,0.023674695653377098,0.2712256058176954,0.3462341949382317,-0.04712453797969163,0.12267789219141867,-3.5249598858976645,-3.5249598858976645,-3.666666666666667,-3.666666666666667,-3.3066955000165077,15.70026310463469,-2.4920114173368235,1.6699891520265986,-0.42244113706932485,-0.05858145727426778,-0.05497664390945012,-0.06342182890855452,-0.04271631982475366,-0.01616628175519641,-0.005015673981191182,0.034766697163769456,-0.13630331753554492,-0.036171816126601364,-0.02941176470588236,-0.23960727969348672
2014-09-30,0.06251790539038682,0.15168813866665198,0.08187150917979924,0.3327030804617941,0.039391618079481105,0.9029608793393658,10.715304501323919,10.715304501323919,11.125,11.125,-0.5337388628475328,-0.8391907832016416,-1.4093669378845008,-0.32448547239451553,-0.49408838382376497,-0.09668295191565945,-0.11673003802281368,-0.11889763779527562,0.035469107551487467,-0.05633802816901412,-0.04599873976055446,0.033598585322723196,-0.021729587357330993,-0.08600469116497267,-0.030303030303030276,-0.1358254078226364
2014-12-31,-0.023457772609877692,-0.04123533881536878,-0.011193012838589311,-0.10073629116037708,-0.03871232928509172,-0.013583493616381337,-0.5481774129389216,-0.5481774129389216,-0.5463917525773196,-0.5567010309278351,-16.853053581569537,0.3087067926045015,1.009530734923405,-3.770911363236931,2.7061547381108584,-0.13692001138627963,-0.28798966853207064,-0.31277926720285976,-0.03646408839779003,-0.16666666666666652,-0.036988110964332965,0.032506415739948835,-0.01570563159075611,-0.29170230966638155,-0.03124999999999989,0.06617834627017971
2015-03-31,-0.09149401833905924,-0.1854174781721376,-0.08815298272583305,-0.2699951972039094,-0.09576846403494521,-0.5372293208610377,-1.388025158239457,-1.388025158239457,-1.3863636363636365,-1.3953488372093024,-1.0514196310488986,-0.11672457147244564,-0.3786252249557326,-1.4069780881154879,-0.2971666752431431,-0.12467018469656999,-0.060459492140265914,-0.10273081924577365,-0.09633027522935789,-0.09253731343283589,0.25514403292181065,0.0314830157415078,-0.004558924093913785,-0.0905797101449275,-0.010752688172043001,0.11586970639505068
2015-06-30,-0.0015092469828569266,-0.025245643914581395,0.02701826777073202,0.11917407395293722,-0.03831409003754904,0.07087842956210189,-0.8048885298313766,-0.8048885298313766,-0.8235294117647058,-0.8235294117647058,2.533477687817737,-0.24873956884561887,-0.015389632574463463,0.32454925158099623,-0.560035905275674,-0.0045214770158250595,-0.05662805662805659,-0.073913043478261,-0.03934010152284262,0.10197368421052633,0.10218579234972691,0.030522088353413634,-0.03686741470116783,-0.07569721115537864,0.0,-0.12904707936410698
2015-09-30,0.09047981551385242,0.2583375433153787,0.1538316980954788,0.6203665612347893,0.003193638615029304,0.8134538006298626,-20.714914985463835,-20.714914985463835,-23.000000000000004,-23.000000000000004,-1.098234601386528,-0.3522273647671391,-1.202104001387947,-0.9718710534366314,-0.03580569469637718,-0.10333080999242994,-0.22783083219645306,-0.25508607198748035,0.0013210039630118242,-0.06567164179104479,-0.021318790282598088,0.029618082618862118,-0.08012363290537317,-0.23275862068965503,-0.03260869565217395,-0.22342969684180913
2015-12-31,-0.014563585697034198,0.00428622724355443,-0.03861592737756714,0.14149159474416595,0.023551860465206742,0.11594849908034077,-0.03853716083366099,-0.03853716083366099,-0.06060606060606066,-0.06060606060606066,50.90642799023596,0.7088887400361712,-11.545341033244888,-57.06218627997769,2.081889008170606,0.002954833262980072,0.2508833922261484,0.22268907563025198,0.02110817941952514,0.0,0.35258358662614,0.02876608629825883,0.03876970793486678,0.21348314606741559,0.011235955056179803,-0.12019383180109589
2016-03-31,-0.08908464906544478,-0.2505287214372339,-0.10858963090343376,-0.2500328153371594,-0.06005269525841417,-0.5652448513409716,-1.3390918386317159,-1.3390918386317159,-1.3387096774193548,-1.3387096774193548,-1.0932735566598215,-0.2847287550956412,-0.5028232490675508,-1.485985306333597,-0.32829458319425997,0.117003367003367,-0.021892655367231617,-0.03608247422680422,-0.060723514211886376,0.09584664536741228,-0.07977528089887642,0.02796173657100809,0.03184871858671312,-0.030864197530864224,-0.011111111111111072,-0.0006691717712462575
2016-06-30,-0.006262078139436689,-0.012548221858739494,0.03648007556188415,0.11271710726223039,-0.06659596302401505,0.1010778710350484,-0.7380172425608904,-0.7380172425608904,-0.7142857142857143,-0.7142857142857143,0.6959990140387438,0.26313385941838385,-0.5558515982584751,-0.038214843776654184,-0.4700704342780153,-0.0045214770158250595,0.002888086642599097,-0.01426024955436711,-0.0674002751031636,0.058309037900874605,0.03378103378103381,0.027201145311381403,-0.06076681938750905,-0.01751592356687892,0.011235955056179803,-0.11254764602863909
2016-09-30,0.12092925865964266,0.3013294774233144,0.16905873061458943,0.19831608934251466,0.04548828781878611,0.8757129605254912,-13.360050224965994,-13.360050224965994,-12.5,-12.333333333333334,-0.4006857233456429,0.16895399788861742,-3.5269110895137237,-0.9265213458434579,-0.06517874280607794,-0.10333080999242994,0.05255579553635714,0.03616636528028927,0.041297935103244754,-0.038567493112947604,-0.07637795275590542,0.026480836236933758,-0.06726572528883179,0.03565640194489461,0.0,0.08595971907829814
2016-12-31,-0.02332322183614144,-0.04506326318165654,-0.03483580564399713,-0.08507285639105333,-0.003144849377612946,0.021622600002784598,-0.26414814814814813,-0.26414814814814813,-0.26086956521739124,-0.26470588235294124,-11.205632716049383,0.32602187252573245,-2.579757428664266,-28.635512213961572,1.9268367391589725,0.002954833262980072,-0.09439124487004114,-0.11343804537521818,-0.004249291784702458,-0.034383954154727836,-0.01662404092071612,0.025797691785471866,0.02064409578860449,-0.08763693270735529,-0.033333333333333326,0.0437199358631748
2017-03-31,-0.0882173040906441,-0.21043725578762906,-0.09325082745718805,-0.08935402003091186,-0.07967540250736982,-0.598987134757959,-1.651333084069142,-1.651333084069142,-1.6470588235294117,-1.6600000000000001,-1.3348699310367174,-0.5830106824648971,-0.4012231928102792,-1.8518662152672236,-0.560812667978485,0.18265993265993274,-0.10271903323262832,-0.12598425196850382,-0.07965860597439556,0.18694362017804145,0.3385348938014736,0.025148908007941895,0.009439050701186558,-0.10463121783876494,-0.02298850574712641,-0.13298852929127414
2017-06-30,0.041708488651020836,0.07808466139534276,0.10674501509856449,0.28551673031645963,-0.06703066552764714,0.3247052138474045,-0.5047734277715467,-0.5047734277715467,-0.5151515151515151,-0.5151515151515151,-0.2289600407688015,0.3766193086474998,-2.360907421168487,-0.7816193780708878,-0.2788573583285108,-0.1925266903914591,-0.10942760942760943,-0.13963963963963977,-0.06800618238021627,-0.12250000000000005,-0.06994818652849744,0.024531956100710017,-0.1044616617686348,-0.13601532567049812,0.0,-0.16136081743547348
2017-09-30,0.00515606491823295,0.21079081669349176,0.16084275073363408,0.3034201418439717,-0.30363184765442663,0.6018674632649104,9.75786000891663,9.75786000891663,9.9375,9.9375,-0.2011219222435099,0.11633727733714738,-0.16420609082667104,-0.1164876234834542,-0.3416438206939124,-0.20625826355222565,-3.7835538752362945,-3.528795811518325,-0.3051409618573797,-0.14814814814814803,-0.09122562674094703,0.00945179584120992,-0.3072792362768497,0.0,-0.03529411764705881,-0.07106134234805273
2017-12-31,0.006261448164132322,0.026872847266430577,0.04643667690544273,-0.2931621684445679,-0.1265702328650563,0.03196062993639259,-0.533718360804115,-0.533718360804115,-0.5257142857142858,-0.5257142857142858,-4.730624427281057,-0.11548204874355761,0.5082618905276393,-10.54343320543752,4.952417984865533,-0.11382565241532483,1.0505942275042446,0.7795031055900621,-0.12649164677804303,0.2742474916387958,0.0,0.0,-0.131782945736434,0.0,-0.024390243902438935,0.45276724791508727
2018-03-31,-0.1497816062603481,-0.2860012315255105,-0.13238659816167198,-0.39205741090514057,-0.2186869510240923,-0.5602558364315499,0.1065474984268513,0.1065474984268513,0.08433734939759052,0.08433734939759052,-1.3842089897481389,-0.4920169865358659,-2.027783112738388,-1.615312396635309,-0.5119405571240738,-0.010025062656641603,0.44278854114919675,0.21815008726003504,-0.21857923497267762,0.13385826771653542,0.0,0.0,-0.0813492063492064,0.0,0.012499999999999956,0.1744598684897194
2018-06-30,-0.04725560840785126,-0.07670581139413146,0.015699422254226603,0.11169808109775436,-0.3241791573448852,0.1868735636078218,-0.22593195888874962,-0.22593195888874962,-0.22222222222222232,-0.22222222222222232,0.03340858942323144,0.7601257209513317,-1.2127816918207988,-0.4604169796397084,-0.5659852218619239,-0.044303797468354444,0.0,0.20391595033428844,-0.3251748251748252,0.2222222222222221,0.0,0.0,-0.29049676025917937,0.0,0.024691358024691246,-0.169473450344368
2018-09-30,0.08477449627402467,0.2358950983666097,0.09704221761574461,0.36134658228886196,0.0036733532036790084,0.7097287177608511,-1.0260572529064338,-1.0260572529064338,-1.0285714285714285,-1.0285714285714285,-0.38191157287442956,-0.45772353233556085,2.4999813146978584,-0.9347372516922829,-0.08510712754695848,0.07218543046357628,0.06358315161253292,-0.4053946846489488,0.0,0.5890151515151516,0.0,0.0,-0.07458143074581425,0.0,0.0,-0.09212990209191585
2018-12-31,-0.04348535939998299,-0.07206556176867829,-0.050137734181854854,-0.1615759807711229,0.004584264942002703,0.06040553730179332,1.3754380375915898,1.3754380375915898,1.0,1.0,-5.027241582448253,0.5656041008928268,-2.4653145553942086,-20.805252878289473,1.8423667224480038,-0.2211241507103151,-0.23146649401100672,-0.3282188125416945,0.005181347150259086,-0.2216924910607867,0.0,0.0,0.05016447368421062,0.0,0.03614457831325302,0.10672402616536036
2019-03-31,-0.030723576871400926,-0.19441686079134857,-0.002219064276344551,-0.19666088672593496,-0.225475566310412,-0.5478222191315119,-13.319318715214914,-13.319318715214914,-14.25,-14.25,-1.2738253317900687,-0.5836766555357995,-0.984154974478178,-1.5563372788589551,-0.3606069832341151,0.05233941316415547,-0.10025273799494527,-0.2313803376365442,-0.22680412371134018,0.04747320061255733,0.0,0.0,-0.20125293657008625,0.0,0.0,0.0028221512247070812
2019-06-30,-0.007031762956118626,0.01078367947417691,0.01346275622555515,0.06788542626275884,-0.18741912029885233,0.24783168854081117,-0.41221328340173524,-0.41221328340173524,-0.41509433962264153,-0.41509433962264153,0.07727296302059017,0.2763020833333334,-11.350655323062773,-0.13244143412913878,-0.4892885424367349,-0.12057272042200451,-0.25795880149812744,-0.3294573643410852,-0.18666666666666665,0.13742690058479545,0.0,0.0,-0.18137254901960775,0.0,0.011627906976744207,-0.05346997291987465
