Quarter end,Assets,Current Assets,Liabilities,Current Liabilities,Shareholders equity,Revenue,Earnings,Earnings available for common stockholders,EPS basic,EPS diluted,Cash from operating activities,Cash from investing activities,Cash from financing activities,Cash change during period,Cash at end of period,Price,ROE,ROA,Book value of equity per share,P/B ratio,P/E ratio,Cumulative dividends per share,Equity to assets ratio,Net margin,Asset turnover,Current ratio
1993-12-31,0.012288952406275033,-0.06517803258901633,-0.007081980871708526,-0.13266787658802182,0.030076026840502923,0.12989977728285074,0.32415776499589155,0.32415776499589155,-0.32307692307692315,-0.03846153846153855,0.04113588110403388,0.27987543791358505,-0.38808139534883723,0.1694915254237288,-0.09526372443487618,0.061683599419448676,0.0010887316276537717,0.008447729672650395,0.031602708803611934,-0.021212121212121127,0.09213951067152526,inf,0.017648187224247103,-0.012236573759347391,0.015625,0.07780548628428918
1994-03-31,0.012288952406275033,-0.06517803258901633,-0.007081980871708526,-0.13266787658802182,0.030076026840502923,0.12989977728285074,0.32415776499589155,0.32415776499589155,-0.32307692307692315,-0.03846153846153855,0.04113588110403388,0.27987543791358505,-0.38808139534883723,0.1694915254237288,-0.09526372443487618,0.061683599419448676,0.0010887316276537717,0.008447729672650395,0.031602708803611934,-0.021212121212121127,0.09213951067152526,inf,0.017648187224247103,-0.012236573759347391,0.015625,0.07780548628428918
1994-06-30,0.04868219090379289,0.06584893479664289,0.07571281226509097,1.0055450931157144,0.01565884755833391,0.12989977728285074,0.32415776499589155,0.32415776499589155,-0.32307692307692315,-0.03846153846153855,0.04113588110403388,0.27987543791358505,-0.38808139534883723,0.1694915254237288,-0.12314098750743607,0.008202323991797655,0.0010887316276537717,0.008447729672650395,0.02188183807439814,-0.021212121212121127,0.09213951067152526,1.0,-0.03147973609802057,-0.012236573759347391,0.015625,-0.46861021132191893
1994-09-30,0.03605140808691165,0.12174439733494857,0.045340787207072575,0.06609630131983923,0.027666057282144996,0.09663430739663914,0.0853242320819112,0.0853242320819112,0.09090909090909083,-0.03846153846153855,0.39357634463420843,0.26368613138686126,0.16508313539192399,-2.5990338164251208,0.22455902306648579,-0.06101694915254241,0.0010887316276537717,0.008447729672650395,0.03426124197002145,-0.08049535603715163,0.09213951067152526,0.5,-0.008174386920980936,-0.012236573759347391,0.015625,0.052249637155297624
1994-12-31,0.02682672549256626,-0.00013498920086396637,-0.03185436229090233,0.19950088079859074,0.02072462049335866,0.02008627662442697,-0.11692395654659804,-0.11692395654659804,-0.10416666666666663,-0.03846153846153855,0.11651728553137009,0.21468110709987975,0.08358817533129459,-1.0181268882175227,-0.003324099722991636,0.006498194945848468,0.0010887316276537717,0.008447729672650395,0.0269151138716357,-0.026936026936026924,0.09213951067152526,0.33333333333333326,-0.005886970172684469,-0.012236573759347391,0.015625,-0.16634482758620683
1995-03-31,0.04573312046145128,-0.0006750371270419775,0.11873143315937384,-0.36421490637620857,0.05245882592151507,-0.04792740407911544,-0.09129168015539013,-0.09129168015539013,-0.09302325581395343,-0.03846153846153855,-0.3351900393184797,-0.3110758866653458,-0.625587958607714,-31.5,0.1017231795441913,0.154232424677188,0.0010887316276537717,0.008447729672650395,0.05040322580645151,0.12110726643598624,0.09213951067152526,0.25,0.006316620607974777,-0.012236573759347391,0.015625,0.5714758438120449
1995-06-30,0.031237907623034467,0.27911375303971897,0.04574487935810767,0.21039461020211747,0.0100046918554908,0.14172026095405532,0.35268970431065205,0.35268970431065205,0.3076923076923077,-0.03846153846153855,0.3220798422868407,0.4653436870865688,-3.35678391959799,5.601092896174864,0.6094853683148336,0.13424487259167184,0.017400761283306032,0.008447729672650395,0.011516314779270509,0.08024691358024683,0.09213951067152526,0.19999999999999996,-0.020596312279325235,-0.004817618719889949,0.01538461538461533,0.05685407454200897
1995-09-30,0.016660412757973697,-0.03538234051542033,0.011364884155045551,0.027194656488549684,0.02666994575835835,0.04559085751337322,0.05372662628390845,0.05372662628390845,0.0980392156862746,-0.03846153846153855,0.26356011183597383,0.12109911678115792,-2.1524520255863537,-1.0115894039735098,-0.004388714733542298,0.059726027397260184,0.010689470871191986,0.008447729672650395,0.024667931688804767,0.04857142857142849,0.018589132507149664,0.22222222222222232,0.010014019627478277,-0.0006915629322269412,0.0,-0.060968320382546404
1995-12-31,0.0344188918042907,0.04653454505638899,0.025093643124694642,-0.07369561851679829,0.04617861943228241,0.002092942134025888,-0.0832291927018245,-0.0832291927018245,-0.0892857142857143,-0.03846153846153855,-0.00280277327039391,0.1915266106442577,-1.2016651248843664,-13.285714285714286,0.05415617128463479,0.1085832471561532,0.008461131676361866,0.010471204188481575,0.03888888888888897,0.08174386920980936,0.06176883481516149,0.13636363636363646,0.011302795954788891,0.008304498269896321,0.0,0.12985359643539152
1996-03-31,0.010464105458461548,-0.023749738439003965,0.0037864244767187305,0.18201571118168136,0.01688015977001256,-0.06169019532005415,-0.17775354416575795,-0.17775354416575795,-0.17647058823529416,-0.03846153846153855,-0.2983727810650888,-0.27387599177196587,-0.3302752293577982,-1.308139534883721,-0.01583034647550774,0.12826492537313428,-0.009963293130571649,-0.00829015544041456,0.019607843137254832,0.08564231738035244,0.08241516086381662,0.15999999999999992,0.006274509803921635,-0.011667810569663706,0.0,-0.17408450704225342
1996-06-30,0.028601878543133896,0.09516664880505843,0.015879924557169023,-0.12151206636500755,0.04066800100075052,0.09855729596042861,0.3938992042440319,0.3938992042440319,0.40476190476190466,-0.03846153846153855,0.152224330592452,0.13233508700930807,1.006849315068493,-4.056603773584905,0.04916540212443099,-0.01033484911120297,-0.004766949152542277,0.0052246603970742544,0.04020979020979021,-0.027842227378190088,-0.025244299674267,0.10344827586206917,0.011691348402182333,0.008333333333333304,0.0,0.24670304683947242
1996-09-30,0.03256269739223794,-0.06468343282121536,0.037183698375809815,-0.051936903101191145,0.028284309600798085,0.0407864620464522,0.04804947668886772,0.04804947668886772,0.05084745762711873,-0.03846153846153855,0.28398902104300094,0.2987848463187992,-3.2218430034129693,-6.567901234567901,-0.26091987272201334,-0.06015037593984962,-0.0053219797764768595,0.0010395010395010118,0.030252100840336027,-0.09785202863961828,-0.09649122807017552,0.125,-0.004044684129429821,0.007575757575757791,0.0,-0.013496261170891755
1996-12-31,0.050951756321366615,0.15348399246704325,0.08500757319714092,0.20843237125070746,0.019148040774338293,0.01723267719374144,-0.06945074897866543,-0.06945074897866543,-0.06451612903225812,-0.03846153846153855,0.052444064414992164,0.08654375343973575,-2.9293394777265744,-1.8248337028824833,0.2911937377690803,0.03511111111111109,0.0021401819154627244,-0.0031152647975077885,0.027732463295269127,0.005291005291005346,0.006472491909385036,0.11111111111111116,-0.030361632179462528,0.0061517429938482415,-0.015151515151515138,-0.04547975596228515
1997-03-31,-0.007379500747728085,-0.08380952380952378,-0.0031726620365029046,-0.044724394698637204,-0.01156201968296211,-0.07229940459313866,-0.15975609756097564,-0.15975609756097564,-0.15517241379310343,-0.03846153846153855,-0.27975626269465137,-0.38039761934911986,-1.5788216560509554,-1.4045698924731183,-0.09123976962715974,-0.013739802490339237,0.008542445274960064,0.0010416666666666075,-0.007936507936507908,-0.03947368421052633,-0.045016077170418,0.07499999999999996,-0.004188272836058937,0.008831521739130377,0.0,-0.04086771257021116
1997-06-30,0.01763270887777635,0.06613206613206613,0.018679906947675518,0.21472693401313858,0.01658272796899296,0.08213630806845962,0.27198838896952116,0.27198838896952116,0.26530612244897966,-0.03846153846153855,-0.16544463244970864,0.005926834253014546,-1.6973865199449794,-1.079734219269103,0.008005336891260928,0.10622551153678716,-0.002117522498676583,-0.01144640998959423,0.019200000000000106,0.11506849315068512,0.07215007215007208,0.09302325581395343,-0.0010014019627478943,-0.004040404040403955,-0.015384615384615441,-0.12237479806138929
1997-09-30,0.023357248604942482,-0.002135760052001112,0.0006816864923822052,-0.10372104286060213,0.04613997237537526,0.061215844100826144,0.024418073938840656,0.024418073938840656,0.048387096774193505,-0.03846153846153855,0.6769542689794998,0.14729784640390076,-4.386587771203156,2.3333333333333335,0.026472534745201948,-0.012199921290830362,-0.012201591511936338,-0.01473684210526316,0.04395604395604402,-0.03194103194103204,-0.025123373710183916,0.08510638297872353,0.022253408179631062,-0.015551048005409074,0.0,0.11343764381040033
1997-12-31,0.014984253458118602,0.06300018611576408,0.06610125231331665,0.34388508645533133,-0.034142615527306464,-0.017764471057884257,-0.08465137001559364,-0.08465137001559364,-0.09230769230769242,-0.03846153846153855,-0.029957012358946766,0.18824154418275185,-0.8841001747233547,2.9,0.10058027079303677,-0.08645418326693233,-0.0032223415682063328,-0.011752136752136821,-0.03007518796992481,-0.12436548223350252,-0.09802116889093415,0.07843137254901977,-0.0484408707589723,-0.010989010989011061,0.0,-0.20913411861954956
1998-03-31,0.009577063289751386,0.03344130263503464,-0.010191801829625424,-0.36873848215781535,0.030548149487098275,-0.05002370791844479,-0.11852032124604528,-0.11852032124604528,-0.10169491525423724,-0.03846153846153855,-0.2779393435812214,-0.3570789865871833,2.899497487437186,-0.6025641025641026,0.036321031048623276,0.14348015699956385,-0.003232758620689613,-0.005405405405405461,0.027906976744185963,0.17971014492753623,0.1382653061224488,0.07272727272727253,0.020816158285243302,-0.005555555555555536,0.0,0.6373138228377322
1998-06-30,0.02353362800143355,0.11689961880559085,0.07571388607949037,0.08572186836518036,-0.02963165972374482,0.13401547292238591,-0.0138045278851463,-0.0138045278851463,-0.018867924528301883,-0.03846153846153855,0.2926735711545838,0.127260083449235,1.7912371134020617,-3.3306451612903225,-0.08168456755228948,0.2120518688024411,-0.05135135135135138,-0.0652173913043479,-0.02564102564102566,0.1769041769041768,0.19722097714029596,0.0847457627118644,-0.051887744801130675,-0.07681564245810046,0.015625,0.02872646026172987
1998-09-30,0.01974047194635431,-0.05180128934395145,0.028385961051820896,0.0613541921290639,0.009975484935097256,0.010752012072434702,0.3499440089585666,0.3499440089585666,0.3653846153846152,0.3799999999999999,0.18991097922848654,-0.00781410651860992,0.5701754385964912,-0.28719723183391,-0.06340412434595255,0.011013215859030812,0.027350427350427253,0.0034883720930234396,0.023219814241486114,0.03757828810020869,0.06439535754399106,0.0625,-0.00958262350936967,0.0037821482602118373,0.0,-0.10657772261867826
1998-12-31,0.02927420571541539,0.04735242361222203,0.003695886866957876,0.1502072777521879,0.05869127516778527,0.001772939346811775,-0.27727084197428453,-0.27727084197428453,-0.6338028169014085,-0.6376811594202898,-0.04127182044887778,0.13575129533678765,-0.3354895618935607,-0.7524271844660194,-0.016759776536312887,0.056333644568938634,-0.05490848585690511,-0.05793742757821563,0.05446293494704979,0.03219315895372232,0.037988040801969714,0.07352941176470584,0.028596000860030113,-0.059532780708364874,0.0,-0.08942524743879143
1999-03-31,0.007040900911829517,0.1920727050557507,0.049478182505305446,0.045452725161186924,-0.0392299808763088,-0.057627223895426405,0.15552367288378766,0.15552367288378766,0.15384615384615374,0.15999999999999992,-0.06762908050461702,0.17518248175182483,-1.8323008849557523,-52.1764705882353,0.8723262032085561,0.22746022392457266,0.02699530516431925,0.006150061500614923,-0.038737446197991354,0.165692007797271,0.27753303964757703,0.06849315068493156,-0.04598662207357862,0.007211538461538547,0.0,0.1401601830663617
1999-06-30,-0.003929992923001224,-0.08994810686142607,-0.003868775564850435,-0.145637018309967,-0.0040029032045220125,0.12256597805673608,0.2865656816488702,0.2865656816488702,0.26666666666666683,0.27586206896551735,0.06834983958711116,-0.5027950310559006,-4.179691653375864,-1.5839080459770116,-0.27204569796501255,0.018002880460873838,0.09542857142857164,0.08679706601466997,-0.0014925373134327957,0.058528428093645335,-0.008753315649867477,0.0641025641025641,0.0,0.08194112967382661,0.0,0.06522829904666327
1999-09-30,0.03131204208531946,-0.018936994016191533,0.01686070223573477,0.05577474892395973,0.04852600198741297,0.010889025857767631,0.0440069484655472,0.0440069484655472,0.05263157894736836,0.05405405405405417,0.16242329285807555,1.1246096189881323,-0.6773114863735161,-1.1115485564304461,0.04168710152035304,-0.007545390238151262,0.01773604590505995,0.017997750281214753,0.04783258594917772,-0.006319115323854652,-0.10248862724110241,0.06024096385542177,0.016652059596844904,0.01544117647058818,0.01538461538461533,-0.07081174438687399
1999-12-31,0.0252311059862802,0.12822904707233063,0.03407381748903848,0.39047902157295744,0.015016058547886013,-0.02070146913651938,-0.10112775004621921,-0.10112775004621921,-0.10000000000000009,-0.1282051282051282,-0.28585869931483765,-0.09260620314567103,-0.8766839378238342,-1.311764705882353,-0.012476459510357807,0.043953433119505725,0.07124551512045096,0.059668508287292754,0.01854493580599148,-0.0031796502384738856,0.007751937984496138,0.05681818181818188,-0.00991379310344842,0.06372194062273717,-0.015151515151515138,-0.18857722203447103
2000-03-31,-0.007296313241069052,-0.042803536220823,0.006602551105861165,-0.15438414317564064,-0.023653660611467897,-0.00862759050075601,-0.07260386672151375,-0.07260386672151375,-0.05555555555555547,-0.02941176470588236,0.04922931739540726,-0.3238295804309088,11.655462184873949,8.716981132075471,-0.1227651966626937,-0.16431497496586256,0.015789473684210575,0.013555787278414888,-0.014005602240896309,-0.1802232854864434,-0.2183431952662721,0.0,-0.0165433173704832,0.001361470388019148,0.01538461538461533,0.13202832153269473
2000-06-30,0.018281237248021,0.11302325581395345,0.0694281460723356,0.3328517769430801,-0.04377809182773529,0.06483641366110415,0.16633399866932796,0.16633399866932796,0.17647058823529416,0.18181818181818188,0.0010493179433368471,0.3076185912793483,-0.7380478087649402,-1.8368932038834953,0.11711956521739131,-0.03404139433551201,0.005652378709373629,-0.012345679012345623,-0.032670454545454586,-0.01945525291828787,-0.061317183951551835,0.0,-0.06086764054891536,-0.00747790618626798,0.0,-0.16501103752759372
2000-09-30,-0.015477891084300976,-0.05360873977672975,-0.011079447747260884,-0.09278127032300021,-0.02144658910335473,0.052912430489243434,0.042973949420041846,0.042973949420041846,0.04999999999999982,0.0512820512820511,0.19976040730757716,-0.09252473433492125,3.651457541191381,-2.417633410672854,-0.14862563853077115,-0.14547504933746824,0.022482435597189765,-0.0010416666666667185,-0.013215859030836996,-0.11706349206349198,-0.15725806451612911,0.23655913978494603,-0.006127739806740529,-0.017808219178082174,0.015151515151515138,0.043181317470808445
2000-12-31,0.038352503998544174,0.04863432788746613,0.033337473605763224,-0.2948327359617682,0.04523001101509183,-0.04251800480128032,-0.17593436645396532,-0.17593436645396532,-0.2142857142857142,-0.19512195121951215,-0.23190214677983023,0.5225116091257824,-1.5732970027247957,-2.1734860883797054,0.20485714285714285,0.02375453645661496,-0.005038937242327068,-0.02502606882168923,0.049107142857142794,0.038202247191011285,0.010047846889952305,0.0,0.006639791320844024,-0.03207810320781024,0.0,0.48701161562829975
2001-03-31,-0.010805451149491496,0.003007699711260914,0.0031492655720364304,-0.03833283917150243,-0.029724914171483152,-0.021701582349008208,-0.16305309734513274,-0.16305309734513274,-0.12121212121212133,-0.12121212121212133,-0.1771205719857003,-0.35008619546479247,-1.1663498098859315,-1.2608089260808926,-0.04434432060706661,-0.0360941024814696,-0.023941068139963217,-0.04385026737967923,-0.019858156028368712,-0.08225108225108224,-0.029369966840360084,0.0,-0.0190812720848057,-0.047550432276657006,0.014925373134328401,0.04303365999147868
2001-06-30,-0.0029604833746713632,0.00029986805805437555,-0.03005176380368102,-0.2600863284002819,0.03501366059031663,0.055756471224762905,0.16547713454929958,0.16547713454929958,0.1724137931034484,0.1724137931034484,0.1394154818325435,-0.010406039583758409,1.334285714285714,-1.5508021390374331,0.0255583126550869,-0.057840187228351714,-0.05094339622641508,-0.04697986577181201,0.03907380607814748,-0.037735849056603765,-0.031234748657881783,0.0,0.03794428434197883,-0.05446293494705001,0.0,0.35198801742919383
2001-09-30,0.04300069672725226,0.06115474548833855,0.032770008729884115,-0.004821715578308239,0.05643966030183378,0.04633850303438969,0.23724200498979364,0.23724200498979364,0.23529411764705865,0.23529411764705865,0.712478336221837,-0.10845360824742267,5.039167686658507,5.048543689320389,0.15073796273893048,0.011355571327182457,-0.027833001988071593,-0.017605633802816878,0.058495821727019504,-0.026960784313725505,0.04785894206549113,0.1826086956521742,0.012956964368348034,-0.010399999999999965,0.0,0.06627052069694828
2001-12-31,0.01027558472649992,0.027911181422679343,0.040350555418218415,0.34483789927024766,-0.028345553598492557,-0.02778851854716058,-0.501558203483043,-0.501558203483043,-0.47619047619047616,-0.5238095238095237,-0.37577168302803365,0.5279833487511563,-0.9724361572760438,-1.9229534510433388,-0.1208999158957107,-0.033333333333333326,-0.10582822085889565,-0.10752688172043001,-0.02499999999999991,-0.08564231738035266,-0.04038461538461535,0.014705882352941124,-0.0381452718136136,-0.10994341147938558,0.0,-0.2356663833002739
2002-03-31,-0.015039162173556053,0.019018303743197906,-0.03276074842290033,0.006805141662589609,0.00932717844947506,-0.04616200450749042,-0.06914306730415598,-0.06914306730415598,-0.09090909090909083,0.0,-0.12354085603112841,-0.3786892689571666,7.125,-1.3408695652173912,0.04687873714422386,-0.011978221415608004,-0.0920526014865638,-0.08433734939759041,0.0161943319838056,0.011019283746556585,0.09118236472945895,0.0,0.024697221562574256,-0.08174386920980936,0.0,0.01211072664359869
2002-06-30,0.05106417488150794,0.052322131722315035,0.02858456100866169,-0.05888849620074221,0.08068372855516914,0.0735809195530106,0.9656262346898459,0.9656262346898459,0.95,0.95,0.22567517573066964,0.3702801461632157,-0.43981900452488687,0.9489795918367347,0.08727438885081096,0.0602498163115357,0.008186397984886629,0.014619883040935644,0.07835325365205836,0.043596730245231585,0.14233241505968763,0.0,0.028041714947856233,0.02670623145400608,-0.014705882352941235,0.118192918192918
2002-09-30,0.011337819880834932,-0.08303859757035215,-0.002111037490176715,-0.124113974557574,0.028203988559944326,0.047875508143238044,-0.021708542713567813,-0.021708542713567813,-0.02564102564102566,-0.02564102564102566,0.5099607606399035,0.13244444444444436,5.720516962843296,-2.37434554973822,-0.11031729354906494,-0.20235620235620233,-0.05871330418488441,-0.050432276657060515,0.032019704433497775,-0.2610966057441253,-0.23553054662379425,0.0,0.01668169522091989,-0.048169556840077066,0.0,0.046844289146101836
2002-12-31,0.0159789772606862,-0.041086701324836494,0.05694873378628773,0.29819390106650956,-0.033886200253723575,-0.03652087966394857,-1.7063899732895007,-1.7063899732895007,-1.7105263157894737,-1.7105263157894737,-0.31394302848575717,0.34474097331240183,-1.185576923076923,0.7714285714285714,-0.2196504487482286,-0.23718505647263255,-0.4193762441937625,-0.4172989377845221,-0.03341288782816243,-0.25795053003533563,-0.21083070452155628,0.17391304347826098,-0.049002217294900285,-0.41295546558704455,-0.014925373134328401,-0.26129133201209964
2003-03-31,0.018330865021588982,0.07368543779876413,-0.0074070827489480795,-0.04078768112950504,0.05260239862268867,-0.025518054985638083,-1.9522978475858057,-1.9522978475858057,-1.9629629629629628,-1.9629629629629628,-0.19565850815850816,-0.5777492411860845,-1.4248704663212435,-2.6946236559139782,0.47699757869249404,-0.1600227790432801,0.05142857142857138,0.05729166666666674,0.050617283950617376,-0.1333333333333333,0.40373084610259835,0.0,0.033574259734203915,0.06896551724137923,0.0,0.11931657723806821
2003-06-30,0.02798045055489773,0.03377131067434025,-0.011723407073784609,0.046223369916074786,0.07783435134960315,0.12661525909940252,0.43830177153329264,0.43830177153329264,0.4230769230769229,0.4230769230769229,0.2423474008331823,-0.2289189936411391,10.420731707317072,-0.7944162436548223,0.06639344262295088,0.24813559322033907,-0.05760869565217386,-0.044334975369458074,0.07755581668625156,0.18681318681318682,0.1495016611295681,0.0,0.04849988720956455,-0.0532258064516129,0.0,-0.011984357259997469
2003-09-30,0.005627089734546509,0.01811974789915971,0.011661416795121005,0.08330248056275447,-0.001320301783264699,0.052279947673331995,0.16245487364620947,0.16245487364620947,0.16216216216216206,0.16216216216216206,0.5019682169412452,-0.05163140910720687,0.7050186865990389,2.919753086419753,0.2440430438124519,0.21564367191743616,0.04036908881199541,0.04639175257731942,0.0010905125408942062,0.12962962962962954,0.24855491329479773,0.24691358024691357,-0.0068846815834767705,0.035775127768313375,0.015151515151515138,-0.0601378958120532
2003-12-31,0.011532014218854636,-0.02739231364457051,-0.0031136137793971175,-0.05604921394395079,0.028612880517830508,0.011277360919948576,-0.7703690171720863,-0.7703690171720863,-0.7674418604651163,-0.7906976744186047,-0.028732284993205237,0.7561436672967863,0.08141537498042895,-2.2173228346456693,-0.23880135928328694,0.11751563896336026,0.41463414634146334,0.4458128078817736,0.034858387799564294,0.11475409836065587,0.04695767195767209,0.0,0.016897746967071026,0.4111842105263157,0.014925373134328401,0.030430648009781347
2004-03-31,0.011471061817583506,0.22801527527315169,-0.0069186012168468425,0.05692332448306381,0.03225698762299811,-0.03417921587566408,3.0692124105011933,3.0692124105011933,3.0999999999999996,3.4444444444444446,-0.13541874875074955,-0.6828848223896663,-0.6510786158969162,-4.084087968952135,0.9675324675324675,0.0899640143942424,0.08855799373040751,0.10902896081771729,0.03368421052631576,0.05514705882352944,-0.2514213518635503,0.0,0.02066467831273977,0.08741258741258728,0.02941176470588225,0.16176664469347402
2004-06-30,-0.01335120207298035,0.006565023970975581,-0.047481319008141565,-0.2102919346857991,0.023762168105817993,0.0748460122281065,0.1548387096774193,0.1548387096774193,0.14634146341463405,0.17499999999999982,-0.05178592070280896,0.9436524100475221,1.3767634854771784,-1.0813758389261745,-0.040016501650165015,-0.0007336757153338924,0.050395968322534346,0.06912442396313345,0.026476578411405383,-0.03484320557491294,-0.1088607594936708,0.0,0.037570444583594265,0.04608788853161849,0.014285714285714235,0.2746255106672719
2004-09-30,0.03396118273322557,0.24771508260030028,0.04424357383165889,0.4227877385772123,0.023558121352361017,0.04159441742440273,0.31775859150160835,0.31775859150160835,0.3191489361702129,0.2978723404255319,0.5491893209801293,0.08662242403073694,-0.41759776536312854,-17.13659793814433,0.6726471852170177,-0.010646108663729725,0.10075394105551738,0.11781609195402298,0.02281746031746046,-0.036101083032491044,-0.08191287878787878,0.2722772277227723,-0.010058338362502472,0.10450819672131151,0.014084507042253502,-0.12304131054131051
2004-12-31,0.05692090985371112,-0.017195130339087927,0.019308251792161668,0.19258130081300817,0.0957440241964107,0.017175223826055186,-0.48882322713257964,-0.48882322713257964,-0.5,-0.4918032786885246,-0.2544853635505193,1.052073288331726,0.4571342925659472,-1.2828621625938348,-0.1137516860427773,0.11799628942486096,0.08717310087173114,0.11053984575835485,0.08244422890397662,0.09363295880149813,-0.010314595152140282,0.0,0.03678114204430005,0.10853432282003705,0.0,-0.1758375634517767
2005-03-31,-0.021679389312977082,-0.021100146966197775,-0.07623936638310358,-0.2418122425791791,0.030708023800302797,-0.0414146857473604,0.8293541090726313,0.8293541090726313,0.8387096774193548,0.806451612903226,-0.1629723453662656,-0.5532581453634084,0.0925735445381608,-0.8684359119141728,-0.016886505290621856,0.08496515101227997,0.049255441008018375,0.08101851851851838,0.034946236559139754,0.0034246575342467,-0.04846274101094317,0.0,0.05350842806742451,0.07280334728033488,0.01388888888888884,0.29108154717910817
2005-06-30,-0.009315561430564778,0.08725647899910638,0.0018497348448762718,0.1521054997752136,-0.018923867300650432,0.060985258599150605,-0.27132847918670144,-0.27132847918670144,-0.26315789473684204,-0.2500000000000001,0.20113493064312737,0.2755960729312763,-0.27584259084918095,-9.759656652360515,0.15046074456321423,-0.08779443254817976,-0.053493449781659375,-0.03854389721627405,-0.0051948051948051965,-0.11945392491467577,-0.1626506024096387,0.0,-0.009674418604651125,-0.04290171606864279,0.0,-0.056292338517317075
2005-09-30,0.03199742034002595,0.24993424513413998,0.056078987614602616,0.34453043704474506,0.010835201871788103,0.04541083658771128,0.38650075414781293,0.38650075414781293,0.40476190476190466,0.38095238095238093,0.5362729658792651,0.32462891698735574,-0.3632345293811753,2.6085252327290545,0.4719338715878507,0.046277665995975825,-0.044405997693194976,-0.03006681514476628,0.003481288076588207,0.054263565891472965,0.07390451275343368,0.26070038910505855,-0.020665038512117206,-0.03667481662591687,0.013698630136986356,-0.070367000303306
2005-12-31,0.07704463503282621,0.53866589510232,0.1136980956525655,-0.02379858272667912,0.04339289896804943,-0.017364044226689912,-0.1725591514821866,-0.1725591514821866,-0.18644067796610164,-0.1724137931034483,-0.22913961593658172,0.42539946046897703,-7.215598203348305,1.66571622539036,0.85468634365069,0.07660256410256427,0.07060953530476777,0.06659012629161887,0.04509973980919346,0.06985294117647056,0.09378806333739331,0.0,-0.03107615576443501,0.07614213197969555,-0.013513513513513487,0.5761827079934747
2006-03-31,-0.012921490689857595,-0.09938971229293814,-0.02751520949692443,-0.08411168644550704,0.0013798931738202569,-0.025541588660069503,0.02760887428101899,0.02760887428101899,0.04166666666666674,0.02083333333333326,-0.45460992907801423,-0.721647983694861,-1.578964656418342,-1.2329241583048949,-0.10733733921697497,0.041381363501041823,-0.047914317925591976,-0.05920344456404725,0.009958506224066355,-0.003436426116838587,-0.04510022271714931,0.0,0.014452583646802575,-0.053459119496855445,0.0,-0.016697716138825647
2006-06-30,0.00580042092745936,-0.07731146669703703,-0.02078382741109719,-0.02840294308591218,0.031100415375486357,0.09241506400831234,0.33391971853510305,0.33391971853510305,0.3600000000000001,0.3673469387755104,0.4294538361508453,-0.49947698744769875,0.471008737092931,0.1211458561119616,-0.13481107517551472,-0.03201829616923946,0.09769094138543521,0.0949656750572081,0.04765817584223497,-0.04137931034482767,0.0023323615160351086,0.0,0.025175644028103017,0.09634551495016619,-0.013698630136986356,-0.050312258788857034
2006-09-30,0.03547509488462697,0.20051429746965654,0.08267830737991977,0.27409655326020377,-0.007187298176958401,0.055668215996985015,0.011029852535667128,0.011029852535667128,0.014705882352941124,0.014925373134328401,0.7174209688423925,3.428422152560084,-0.9273372415921012,-2.9354398283596645,0.30157427668368597,0.07531010041346708,0.02157497303128375,0.012539184952978122,-0.015686274509803866,0.02877697841726623,-0.045956951716114136,0.308641975308642,-0.04130972777460484,0.012121212121211977,0.01388888888888884,-0.05778040490616232
2006-12-31,-0.05856136390175548,-0.3787720410576281,-0.11353403603238599,-0.3426785831348469,-0.004379665470846228,-0.1448023799405015,0.472192576781691,0.472192576781691,0.46376811594202905,0.47058823529411753,-0.11501026286168314,0.327748938178386,30.002123142250532,-3.1631563035372365,-0.501155812921755,0.14831090359791288,0.21119324181626187,0.22703818369453055,0.023107569721115384,0.16433566433566438,0.09878048780487814,0.0,0.05758538522636991,0.2290419161676649,-0.013698630136986356,-0.0548933500627351
2007-03-31,0.015494180637959154,0.07009075111025287,0.0103940142272676,0.018749376682956065,0.01996985438243537,0.08615103265947077,-0.38590414820781316,-0.38590414820781316,-0.37623762376237624,-0.38,-0.3054017656740985,-0.2820330549138085,-0.9187097657855088,-1.1406941532727697,0.14135929601198272,0.05859842143027971,0.028770706190061057,0.03952901597981495,0.028816199376947127,0.03603603603603611,-0.13540510543840178,0.0,0.0045061960195269535,0.02131546894031655,0.0277777777777779,0.05036508463325595
2007-06-30,-0.01623831577518786,0.124246017425375,0.014788603947032408,0.1191385217816936,-0.043210502949197704,0.09999816987244015,-1.9334994753410282,-1.9334994753410282,-1.9523809523809523,-1.967741935483871,0.1657690650581647,0.10420792079207919,3.0395956192080877,-1.9811258278145696,-0.12151410761154857,0.09737912336195209,-0.41483050847457625,-0.41585760517799353,-0.0416351249053748,0.06666666666666665,0.04942233632862658,0.0,-0.0274766355140188,-0.4311270125223613,0.027027027027026973,0.004581720515048682
2007-09-30,0.023407564778633594,0.01905351492639973,0.05726425675092739,0.22734429671098666,-0.00780871951583284,-0.018234755843939743,-2.5051285654067725,-2.5051285654067725,-2.5,-2.4833333333333334,0.46068557701191915,-2.0304864380183814,0.3033368091762252,-3.901113736078299,0.39699360440689047,0.05394276302244183,0.11730629978276608,0.11772853185595555,0.0,0.09782608695652173,0.8415902140672782,0.35377358490566047,-0.030559292715740982,0.1058700209643606,0.0,-0.16969411024612724
2007-12-31,-0.009500026959991414,-0.19408257396782536,-0.04037890069836869,0.06870501033425991,0.020837926496034775,-0.08300428748157063,0.18857356235997003,0.18857356235997003,0.22222222222222232,0.1797752808988764,-0.1873616294515782,-2.6525995214270175,0.24009920793663486,-2.177408096789204,-0.3379114452798664,0.1560851728853292,0.01620220349967605,0.00991325898389106,0.048183254344391635,0.15594059405940586,0.028894055131185592,0.0,0.030729579698651976,-0.0037914691943127243,0.026315789473684292,-0.24595132114783602
2008-03-31,0.0520657192336611,0.20762723694128815,0.1697786974114046,-0.18121596087584746,-0.05664995615125856,0.037644841159838016,-0.2569117185045554,-0.2569117185045554,-0.2454545454545456,-0.22857142857142854,0.15085233906748652,-0.5820718704751875,-0.8184516129032258,-1.9296512202351548,0.47489022359057187,-0.08043257857384245,0.10076530612244894,0.06380368098159495,-0.04144687264506397,-0.12205567451820132,-0.10361523563589414,0.0662020905923344,-0.10348143873821891,0.06945765937202664,-0.012820512820512886,0.47500627982918875
2008-06-30,-0.012958411486967192,-0.10225171074533013,-0.036837131537818535,-0.1786713001927619,0.014388589030261745,0.08201538790339824,0.2583236444350492,0.2583236444350492,0.2650602409638556,0.28395061728395055,-0.14643219479201897,-0.4507086614173228,4.944207533759773,-1.6161122329684345,-0.19837793443296148,0.07405365674384412,0.7514484356894555,0.7151095732410611,0.022012578616352085,0.12195121951219523,-0.020885848037450416,0.06045751633986929,0.027891010512765435,0.7330960854092528,-0.012987012987012991,0.09306880108991811
2008-09-30,-0.07820440151631813,-0.2759766178250457,-0.051378327892979136,-0.0517982282163163,-0.1073753898342179,0.031603377610982086,0.0006719865602689001,0.0006719865602689001,0.01904761904761898,0.009615384615384581,0.35213946117274175,1.8503440366972477,0.17666048902971254,0.4754183198205968,-0.3651227321237993,0.048246364414029186,0.06119748594111796,0.04034969737726968,-0.09923076923076912,0.023913043478260843,-0.40529606472968005,0.13559322033898313,-0.031726153203924135,0.010780287474332573,0.03947368421052633,-0.23642595622030071
2008-12-31,0.01162633644222022,0.251102575046237,-0.00025857267881290724,-0.11525187380163848,0.025360875294982987,-0.11205782394332486,-0.17292033912532523,-0.17292033912532523,-0.17757009345794394,-0.18095238095238098,-0.13836146272855132,0.27881713940856967,-0.9023473224265827,-1.6736817490938853,0.3874394835933297,-0.10380283988901595,-0.030548628428927582,-0.05494505494505497,0.026473099914602782,-0.004246284501061459,-0.14038342609771193,0.0,0.013580513041603792,-0.06856272219400705,0.012658227848101333,0.4139971434401142
2009-03-31,-0.02286949036417618,-0.01910393450079595,0.003223046773968896,-0.12805863115173965,-0.05226936469744292,-0.0876190476190476,-0.005886532020704327,-0.005886532020704327,0.0,0.011627906976744207,-0.23097327076106922,-0.42016674532011955,3.264828303850156,-1.1469975702880943,-0.04104875448289236,0.04625751229284303,0.04019292604501601,0.03488372093023262,-0.043261231281197965,0.019189765458422103,0.09928057553956826,0.0678426051560379,-0.029987239472564875,0.0310796074154851,0.0,0.12496392496392494
2009-06-30,0.05021466635024052,0.042487827498260966,0.05519748801850932,0.28496542997876095,0.04427151090821635,0.11222279119234257,0.1165900969882594,0.1165900969882594,0.13636363636363646,0.12643678160919536,0.2559476430529761,-0.1782419967444384,0.22715627668659266,-3.1475796930342383,0.09192904432202953,-0.01862489120974764,0.0034003091190106804,-0.011235955056179692,0.05565217391304356,0.025104602510460206,-0.03403141361256545,0.06353240152477757,-0.00570050427537816,-0.00370174510840815,-0.012499999999999956,-0.18868650590046177
2009-09-30,0.029626357974602113,0.001612454823463949,0.057653876272513616,0.24508528222261305,-0.004152635791190407,0.07074302309108949,0.1529669927768127,0.1529669927768127,0.15999999999999992,0.1734693877551019,0.2831490740088727,0.45691647408385605,0.3799582463465554,-0.7778999450247388,0.018698509673238828,0.0062078751330258974,0.013863216266173817,-0.0006684491978610207,0.006589785831960571,-0.0469387755102042,0.022357723577235866,0.1254480286738353,-0.03285556780595378,0.026539278131634703,-0.025316455696202556,-0.1955731225296442
2009-12-31,0.005071095090514843,-0.05176529366048632,-0.04097661525339402,-0.15582984973449332,0.06401255534663663,-0.012122314650966692,-0.035051546391752564,-0.035051546391752564,-0.025862068965517238,-0.03478260869565197,-0.2437712655032378,0.2293224563788805,-0.13024998198977022,-11.024752475247524,-0.1840072694229895,0.06451612903225823,0.04071710726223032,0.038127090301003363,0.06710310965630106,0.05781584582441113,0.03711066931742879,0.0,0.05859553123575001,0.03464322647362983,0.012987012987013102,0.12332940251572322
2010-03-31,-0.01321096182286785,0.016392003044229053,-0.029781977641899826,-0.1403285709505805,0.005907124890443871,-0.06081963370944521,-0.10437212360289283,-0.10437212360289283,-0.10619469026548667,-0.0990990990990992,0.03243831640058059,-0.28036866359447,-0.33040669261989564,-1.5217283950617284,0.11765033407572378,0.06441463818513005,-0.0026277372262774046,0.006443298969072142,0.006134969325153339,-0.002024291497975894,-0.0006389776357826893,0.0583864118895967,0.019384018953263027,0.0009995002498750516,0.0,0.18231125885749266
2010-06-30,-0.03856418647068294,-0.08806842726722919,-0.010516398451823172,0.005254349433697847,-0.06977501983452339,0.05978503056986506,0.12479354009910071,0.12479354009910071,0.1287128712871286,0.1299999999999999,-0.12230266394882972,0.0007684426229508379,0.38829787234042556,-2.617605300520587,-0.1702784835350969,0.06860609831985065,0.03044496487119419,0.03329065300896272,-0.05945121951219512,0.0628803245436107,0.03580562659846542,0.055165496489468335,-0.03253750264103106,0.014977533699450873,0.012820512820512775,-0.0928597854236034
2010-09-30,0.08694211763393023,0.31896415600821104,0.12784039733395103,0.2646352795415827,0.038532417490366955,0.06044907913548059,0.13264806656877148,0.13264806656877148,0.1491228070175441,0.14159292035398252,0.5571394250020021,0.14154082416176084,-0.2979595473581039,-3.4268578115857227,0.4980486340438306,0.030426554083563984,0.0181818181818183,0.0173482032218093,0.04619124797406804,0.09541984732824438,-0.004938271604938205,0.11026615969581743,-0.0443328237606464,0.015740285292670908,0.012658227848101333,0.04298531810766715
2010-12-31,0.02588189999518753,0.04597150724290677,-0.010821016844735243,-0.10458316749839269,0.07306163750751593,-0.01440149724817208,-0.1052290406222991,-0.1052290406222991,-0.0992366412213741,-0.10077519379844968,-0.11242542686689982,0.8585201793721973,0.2820154841985023,-1.1301989150090417,-0.043286573146292584,0.09734388245267023,-0.005580357142857095,-0.009744214372716331,0.08675445391169623,0.04878048780487787,0.06389578163771703,0.0,0.04593235831809883,-0.004842615012106588,-0.012499999999999956,0.16813951669664506
2011-03-31,0.003283794941079332,-0.12459654343596205,0.016469638429156275,0.4545423462235443,-0.012340954749832544,-0.016494745819989998,-0.026805119536343902,-0.026805119536343902,-0.016949152542372947,-0.008620689655172376,-0.1000695329702167,-0.37362769936059836,0.49717849717849716,3.139814814814815,-0.18730624214495184,-0.03604995493755625,0.017676767676767735,0.005535055350553542,-0.0071275837491090455,-0.1129568106312292,-0.046647230320699506,0.05222602739726012,-0.015730828053309942,0.0029197080291971655,0.0,-0.3982057976836044
2011-06-30,0.023466187866659105,0.052612311071596585,0.014387346396922851,-0.07176606097646976,0.03453810815298608,0.12988415472216763,0.16641852770885035,0.16641852770885035,0.1724137931034484,0.17391304347826098,0.057755456828278984,-0.12731124807396,-0.25583548237783504,-1.2909863565197943,0.06706531264498161,0.07225858154133835,0.003859939343810126,0.003058103975535076,0.04020100502512558,0.0786516853932584,0.03792048929663583,0.049633848657445245,0.01087680355160936,-0.002426006792819013,0.012658227848101333,0.13405273111580818
2011-09-30,-0.016918953491913635,0.09849952799721762,0.059233118197782986,0.2860109400324149,-0.10797977636295542,0.0377820256610768,0.06885548149198706,0.06885548149198706,0.0808823529411764,0.07407407407407396,0.320672023374726,0.5444714191127786,-0.1307090812155678,1.4504227517294388,0.1540096618357487,0.07897359242650737,0.028014281790716966,0.01402439024390234,-0.1000690131124915,0.03819444444444464,0.03123158515026514,0.10155038759689927,-0.09266578831796224,-0.010700389105058439,0.02499999999999991,-0.14577202275848544
2011-12-31,0.022071102160948097,-0.004274180782016801,-0.01793096893760593,-0.3089677444763893,0.07887121200761715,-0.047946639130374114,-0.08671133815431564,-0.08671133815431564,-0.08843537414965974,-0.08965517241379306,-0.17745206489675514,0.2843669619891398,-0.06265971583358887,-1.1665621079046424,-0.022228734092431313,0.06638189794504723,0.029388191290408594,0.016837041491280846,0.08358895705521485,0.18394648829431426,0.03314285714285714,0.0,0.0556631171345594,0.001966568338249708,0.012195121951219523,0.4408589802480476
2012-03-31,0.010436527543278507,-0.03365886895298664,0.003978558793959142,0.0390972301379231,0.01878361662798289,-0.040467849971418945,-0.07983437454598286,-0.07983437454598286,-0.0746268656716419,-0.06818181818181823,-0.0846688333520117,-0.3353360035603026,0.2338058887677208,-0.12241054613935964,-0.0199511923620328,0.06820396232543025,0.006747988580327213,0.0005913660555882938,0.02123142250530785,-0.01412429378531066,0.03539823008849563,0.049261083743842304,0.008253094910591674,-0.0058881256133463955,0.012048192771084265,-0.07005658723200758
2012-06-30,-5.399859603649748e-05,0.057652533609100276,0.03339456026390053,-0.0066092584466871385,-0.04265884519627572,0.056410961415085614,0.06339306860345784,0.06339306860345784,0.07258064516129048,0.07317073170731714,-0.09207223752678295,0.14763977234683634,-0.5636379706558247,-5.195278969957082,0.08540474422262023,-0.0604033647511909,0.004640371229698292,-0.014775413711583973,-0.03534303534303529,-0.08022922636103158,-0.07425213675213682,0.04694835680751175,-0.04251932696680316,-0.011352418558736366,-0.011904761904761862,0.06470689064106949
2012-09-30,0.014763413375574519,-0.06493189040243552,0.03332590569665195,0.1460398089611572,-0.010758740586101934,0.03419656154658113,0.0801781737193763,0.0801781737193763,0.09022556390977443,0.08333333333333326,0.3481221765221496,0.05557176196032665,2.2774964553372494,-2.5657289002557544,-0.12319890525637933,-0.02836802933879834,-0.01898896587118304,-0.02099580083983188,-0.006465517241379337,0.007788161993769416,-0.023081361800346145,0.09417040358744377,-0.02517216813108525,-0.008986520219670502,-0.012048192771084376,-0.18409401915801327
2012-12-31,0.04617954441307326,0.16972836806958336,0.0076477904154379495,-0.18023269819092813,0.10151900375249379,-0.028004585873273258,-0.04048109965635738,-0.04048109965635738,-0.04137931034482767,-0.034965034965035,-0.07467240172051615,0.6037031919303579,-0.6251158766454483,-1.5148644233910487,0.07234335551985316,-0.014986678507992846,-0.01203243526026676,-0.014093137254902133,0.10267534345625462,-0.007727975270479082,-0.011222681630242204,0.0,0.05286236297198532,-0.0015113350125945946,-0.012195121951219412,0.426992896606156
2013-03-31,-0.035683099487092584,-0.1484935291846976,-0.059588212751768066,-0.11342599394669561,-0.004276298582413518,-0.0498842076494872,-0.09017978654824155,-0.09017978654824155,-0.08633093525179847,-0.08695652173913038,-0.08821144802983627,-0.5480785800448045,1.5863831190240685,-3.9619289340101522,-0.19982021317580578,0.06525414177842892,-0.009001853322742837,-0.005593536357986206,-0.003934426229508237,-0.034267912772585674,0.05316606929510148,0.04508196721311486,0.032623785284590534,-0.0015136226034307976,0.0,-0.03961559734513265
2013-06-30,0.00965894771391218,0.10519660240503903,0.020486250767374425,-0.07029929402406287,-0.0037758894682233812,0.07244182701769786,0.09943316013226267,0.09943316013226267,0.09448818897637778,0.09523809523809512,-0.10498547631750543,0.06024785510009534,-0.6653706418509784,-1.8763924592973438,0.21885197667576106,0.05194667795175634,-0.010152284263959421,0.0012499999999999734,-0.0006583278472679366,0.056451612903225756,0.04651162790697683,0.04313725490196085,-0.013443871835088439,0.0030318342597273062,0.0,0.1888272982506658
2013-09-30,0.031866230908995874,0.022020249994602947,0.05723783495049961,0.36267379679144396,-0.0003823159115927677,0.0338236539710326,0.09001074113856067,0.09001074113856067,0.1007194244604317,0.10144927536231885,0.35812690422572535,0.05304801294731165,1.4792380952380952,-0.35003666585187,0.1167047050561798,-0.015287136679070779,-0.009176788124156565,-0.0006242197253434334,0.0039525691699604515,-0.015267175572518998,-0.026016260162601612,0.08485499462943058,-0.031115148762207667,0.006045340050377712,-0.012345679012345734,-0.2500302773404385
2013-12-31,0.030237994109920008,0.0667497518007647,0.011291841619903487,-0.17065641106140284,0.05570758791683428,-0.031433487178086694,-0.08224937590329784,-0.08224937590329784,-0.08496732026143794,-0.08552631578947378,-0.08632040965618137,0.7206284153005464,-0.5025353411186233,-0.04324934185784124,0.09998820893762539,-0.017465018894903372,-0.011441024244075115,-0.008744534665833803,0.06102362204724421,-0.02170542635658923,-0.03394546466332771,0.0,0.024613220815752568,-0.005007511266900355,0.0,0.28631408962454596
2014-03-31,-0.007022276342409706,-0.042335795330785575,-0.01916901913991642,-0.021703470031545713,0.008619774261853674,-0.055391078779676306,-0.1375805297065139,-0.1375805297065139,-0.12857142857142856,-0.1294964028776978,0.01804109954630362,-0.39638745533942044,1.0928185328185327,-1.2158018867924527,-0.019616250401972346,-0.0058212058212058215,-0.02617801047120416,-0.027095148078134845,0.010513296227581792,-0.06339144215530901,-0.007488479262672709,0.040099009900990135,0.015785861358956765,-0.014594866633115156,-0.012499999999999956,-0.02109095474232614
2014-06-30,0.03881041873458524,0.2227736079234126,0.069446230231339,0.09367341674190643,0.00044588393393496517,0.07184752921510973,0.15131142098273576,0.15131142098273576,0.14754098360655732,0.15702479338842967,-0.2203638651496881,0.011344952318316448,-1.0376355988487935,-17.8816029143898,0.33777972155404923,0.047156001672940207,-0.017260894170911145,-0.02396373056994827,0.006731946144430845,0.0372250423011844,0.05687753917585603,0.03855306996668251,-0.036936936936937004,-0.00561797752808979,-0.025316455696202556,0.11805065726194286
2014-09-30,-0.04657946141670588,-0.11892723675533079,0.03556879083682851,0.23230238523454316,-0.1565469300336121,-0.027096648425860126,-0.22975993079085866,-0.22975993079085866,-0.2214285714285713,-0.2214285714285713,0.23261600537995974,0.2723134449682978,-31.24313725490196,-1.9115235217954252,-0.2301531084836267,-0.042036944583125346,-0.05960264900662249,-0.08560053085600527,-0.14893617021276595,-0.04893964110929849,-0.045579352004393336,0.0760769935838681,-0.11529466791393816,-0.07087827426810478,-0.012987012987012991,-0.2850424409268182
2014-12-31,-0.0482887664904722,-0.1967027483494549,-0.04317500859570711,-0.3425447411235525,-0.056693502814493035,-0.05938085901160706,0.027236989891426422,0.027236989891426422,0.04587155963302725,0.02752293577981657,-0.17993343881281032,-0.6179401993355482,0.14872925311203322,-0.11470170454545459,-0.26466841248496,-0.035230352303523005,-0.008573178199632658,-0.04426705370101591,-0.04500000000000004,0.13379073756432258,0.04602991944764101,0.0,-0.008987575997885355,-0.041459369817578806,0.0,0.22188352318305804
2015-03-31,-0.06201030296312282,-0.14160793214669698,-0.03153350756020157,0.0014556570471997432,-0.11281839824482243,-0.0933173062292687,-0.2605922551252847,-0.2605922551252847,-0.26315789473684204,-0.2500000000000001,0.1306632958552325,0.16789297658862878,-0.10074500507958006,-0.4075411151223426,-0.2132441407189951,0.025605012964563523,-0.0021618282890673024,-0.054669703872437414,-0.10994764397905754,0.07413010590015112,0.08360836083608358,0.036201022146507666,-0.05414777273939708,-0.05709342560553632,0.0,-0.1428571428571429
2015-06-30,0.08683712945801036,0.6622689824092629,0.17514685119239792,0.0032341291471347233,-0.07387335245060644,0.09041937270301559,0.48170055452865057,0.48170055452865057,0.5,0.5,-0.10944395410414831,-0.0077319587628865705,-1.6826084227703508,-6.334461746784021,1.445864937607047,0.02759928368271347,0.06809037449705979,-0.02248995983935742,-0.05798319327731083,0.15492957746478875,0.11269035532994942,0.034936292642827826,-0.1477721376198533,-0.01712538226299687,0.0,0.6568627450980389
2015-09-30,-0.05689612251379916,-0.247747898596832,0.010772132693648295,0.07088525065198503,-0.2131541819352517,0.018067931729689013,0.08882235528942117,0.08882235528942117,0.11904761904761907,0.11111111111111094,0.28668648827221666,0.20779220779220786,-3.7386906951084957,-1.6540593137877058,-0.386644991871952,-0.029318298308559698,0.18806143146913934,0.08134757600657339,-0.1926851025869759,0.030487804878048808,0.002281021897809987,0.03375694996028611,-0.16578424884182674,0.07280647168637211,0.0,-0.29752218934911234
2015-12-31,0.15107025288611786,1.1464185549570405,0.25156898461238875,-0.002063250465076938,-0.1470432501383908,-0.041390152832156746,-0.07867399938893982,-0.07867399938893982,-0.06382978723404242,-0.06428571428571417,-0.292030399507035,-0.26929510155316605,-2.4166386893171286,-4.384864165588615,2.133741080530071,0.1477452740521703,0.18268292682926845,-0.0022796352583586144,-0.1314917127071824,0.4213017751479291,0.07055075102412389,0.034191317710334346,-0.25902419674732247,0.033642691415313175,-0.02631578947368418,1.150829165569887
2016-03-31,-0.10921038411964568,-0.47613813128694393,-0.029769082163185412,-0.031080531453362203,-0.45498666741912275,-0.06897639285320045,-0.08920577018736531,-0.08920577018736531,-0.06060606060606066,-0.06106870229007644,0.24689925291941694,-0.16317854807063437,-2.4107024362498812,-1.8361169501242118,-0.5693058356645632,0.09873021715126962,0.33223345019591677,0.051028179741051005,-0.4402035623409669,0.2647793505412157,0.05569727891156462,0.03306092124814253,-0.38811563169164875,0.06565656565656575,-0.013513513513513487,-0.45933790233753524
2016-06-30,-0.019200837983867625,-0.0009897854145221041,0.0859971134957438,-0.06698849127225659,-0.8343256536370697,0.06116296007723698,-0.005188421627525974,-0.005188421627525974,0.024193548387096753,0.016260162601626105,-0.27380606131115115,-0.20398593200468929,-0.8090246278936934,-0.9583809480276089,-0.05501344370260719,0.038606481869190246,0.46455108359133135,-0.010144927536231974,-0.8295454545454546,0.8558262014483213,-0.03946838501812311,0.03200287666307089,-0.8311461067366579,-0.013691416535018486,0.0,0.07073736630637772
2016-09-30,-0.01989953690434887,-0.147525066381326,0.049359358897451244,0.6784268146370727,-3.53765625,0.025395051875498842,0.1669869155457957,0.1669869155457957,0.1968503937007875,0.19999999999999996,0.8031880807433516,0.7236131566028474,1.4416783954961296,3.7298187808896213,-0.27535166240409203,-0.022093210772455962,0.0,-0.0036603221083455484,-3.6133333333333333,4.736431358637815,-0.020125786163522008,0.031010452961672597,0.0,0.0005339028296851289,0.0,-0.492098726282966
2016-12-31,-0.04503353659475051,0.12703098486785525,-0.025880214593532846,-0.2252552103111667,0.3572440120682223,-0.061518344982176454,-0.04375098008467937,-0.04375098008467937,-0.03289473684210531,-0.020000000000000018,-0.6264048687308428,-0.5132440900028482,-0.4965954533991426,0.00928828515035418,-0.4602726430493669,-0.033970976253298146,0.0,0.0558412931667891,0.37244897959183665,0.0,-0.052203679931536295,0.03176748901655979,0.0,0.01547491995731054,0.027397260273972712,0.45473465140478697
2017-03-31,0.03534049555342822,0.21833106463721497,0.027774601091843598,-0.0713894415131332,-0.07870979449258264,-0.05855131118446155,-0.003935716628402752,-0.003935716628402752,0.006802721088435382,0.0,0.8359096313912009,-1.8080748976009362,-0.5797609675803335,-2.3675370988151387,0.9717181624979565,0.06000341413451693,0.0,0.0382741823242867,-0.07434944237918206,0.0,0.028893905191873515,0.03078938748771698,0.0,0.03468208092485536,0.01333333333333342,0.3119456366237481
2017-06-30,0.02070030479167384,-0.002488488624052043,0.018585052897271304,-0.1482286459465334,-0.01487098680323029,-0.3710953328987473,0.14841949292064527,0.14841949292064527,0.16216216216216206,0.15646258503401356,-0.214119170984456,-2.062997827661115,0.9865463215258856,-1.0166554508748318,-0.0082082746040959,0.1438924229003946,0.0,0.06568364611260047,-0.008032128514056214,0.0,0.0956559894690654,0.02986971719097542,0.0,0.1950228542407315,-0.10526315789473684,0.1711466114170439
2017-09-30,-0.006881153691299713,-0.187051336444633,0.03597444934427263,0.3633944519374477,0.7382785164450665,-0.14155647691618112,0.3502257902659307,0.3502257902659307,0.36046511627906974,0.3647058823529412,0.38824789846711716,-9.002043596730244,1.4089155593656235,-15.080808080808081,0.11653569637184424,0.10340701112206108,0.0,0.11886792452830197,0.7651821862348178,0.0,0.022426912294753798,0.06016661524220934,0.0,0.3238419039524012,-0.16176470588235303,-0.4037243947858473
2017-12-31,0.03820992886890506,0.11208066300649233,0.0287064477817367,-0.22715362814822737,-0.060271451575799384,-0.8664947948960611,-0.6290810638636726,-0.6290810638636726,-0.6239316239316239,-0.625,-0.34146631047788656,-1.514173831616583,-0.7341281138790036,-1.7439024390243902,-0.07764300688828996,0.05767145135566176,0.0,-0.11073636874648674,-0.05733944954128445,0.0,-0.06698002350176269,0.0,0.0,0.31043338683788124,-0.3157894736842104,0.4388663335415366
2018-03-31,-0.0023902708875064294,-0.07844646343294792,0.036955413428572115,-0.023939666505223833,0.44394124847001226,11.561476411635297,0.9685129526263061,0.9685129526263061,0.9772727272727273,0.9770114942528736,0.48309744884161177,-0.40546357615894035,0.7483603265961718,-1.0202507232401157,0.0017046838217387172,-0.018215815187888174,0.0,0.01833122629582795,0.4622871046228709,0.0,0.0743073047858942,0.029394644935972103,0.0,0.07643312101910826,-0.05128205128205132,-0.05583591079277228
2018-06-30,-0.030083415127405977,-0.11278593689528038,0.003061779265745246,0.052775217976891,0.23993388149529538,0.041837747377843515,0.08790170132325148,0.08790170132325148,0.10344827586206895,0.10465116279069764,-0.1862387551665451,0.36675020885547194,0.19751952227836478,-202.07142857142858,-0.34217990275526744,0.0031332555139151896,0.0,0.019863438857852245,0.2545757071547421,0.0,-0.03477921062915201,0.02855527283008219,0.0,-0.1112881201638598,0.1351351351351351,-0.15724137931034488
2018-09-30,0.04113010725073685,0.2749334190467445,0.059308495464140965,0.220987779012221,0.1609297555973337,0.002895085825286303,0.09423244001871289,0.09423244001871289,0.10416666666666674,0.10526315789473695,0.8457573946818047,0.4696414017929911,-0.5090141925584963,-2.126110124333925,0.585771481367416,-0.01714845663890252,0.0,-0.055995130858186304,0.16843501326259958,0.0,-0.045748987854250966,0.05964815832875181,0.0,-0.18028169014084516,0.1428571428571428,0.04418985270049092
2018-12-31,-0.036486490454781695,-0.2701013848120869,-0.043497207825433426,-0.18010863870736482,-0.07864440714895626,-0.038440049167504764,-0.1355890795822391,-0.1355890795822391,-0.1367924528301887,-0.1333333333333333,-0.38828861640564927,0.22542631360044374,2.009375,-2.7965299684542586,-0.6636240046610993,0.0988908275174476,0.0,0.14635718891038052,-0.07150964812712834,0.0,0.13534153585065778,0.0,0.0,-0.11965010934083098,0.3125,-0.10978317659352133
2019-03-31,0.4161810601258107,0.22481002664561345,0.3570013514343633,0.1365730620480914,0.04673718522306025,-0.5660468719736587,-0.061400409807108036,-0.061400409807108036,-0.049180327868852514,-0.05494505494505497,0.33672929346387925,-0.12738997624165627,-1.0954915195569401,-1.8329528826455954,1.6433025404157044,0.03186844343634809,0.0,-0.09448818897637801,0.0488997555012225,0.0,-0.09828101644245146,0.03009079118028546,0.0,0.15046132008516677,-0.2063492063492064,0.07761719609713169
