Quarter end,Assets,Current Assets,Liabilities,Current Liabilities,Shareholders equity,Revenue,Earnings,Earnings available for common stockholders,EPS basic,EPS diluted,Cash from operating activities,Cash from investing activities,Cash from financing activities,Cash change during period,Cash at end of period,Price,ROE,ROA,Book value of equity per share,P/B ratio,P/E ratio,Cumulative dividends per share,Equity to assets ratio,Net margin,Asset turnover,Current ratio
1993-12-31,0.012821126972612618,0.040404635495363106,0.043129819868529706,0.06390454716272087,-0.04510151197311407,0.005536822557787202,-0.372739916550765,-0.372739916550765,-0.36250000000000004,-0.07500000000000007,1.1776846516500785,-3.6989528795811517,-0.5463553988305138,-9.779431664411367,-0.40110725141120274,0.058232931726907466,0.3155893536121672,0.34246575342465757,-0.024691358024691357,0.041474654377880116,-0.9626697735288954,1.0,-0.05727012408526888,20.448275862068968,0.0490196078431373,-0.022132054592401307
1994-03-31,0.012821126972612618,0.040404635495363106,0.043129819868529706,0.06390454716272087,-0.04510151197311407,0.005536822557787202,-0.372739916550765,-0.372739916550765,-0.36250000000000004,-0.07500000000000007,1.1776846516500785,-3.6989528795811517,-0.5463553988305138,-9.779431664411367,-0.40110725141120274,0.058232931726907466,0.3155893536121672,0.34246575342465757,-0.024691358024691357,0.041474654377880116,-0.9626697735288954,1.0,-0.05727012408526888,20.448275862068968,0.0490196078431373,-0.022132054592401307
1994-06-30,-0.02649783726746824,-0.006485352164282254,-0.030354335676020416,-0.009628936260398069,-0.02031872964231285,0.0,0.0,0.0,0.0,-0.07500000000000007,1.1776846516500785,-3.6989528795811517,-0.5463553988305138,-9.779431664411367,5.880007250317202,0.018026565464895672,0.3155893536121672,0.34246575342465757,-0.0042194092827004814,0.041474654377880116,-0.9626697735288954,0.0,0.006412419844751938,20.448275862068968,0.0490196078431373,0.003206337231233647
1994-09-30,0.020724909105842126,0.08511808172516,0.023173783152190097,-0.012486669829052777,0.02085652988621245,-0.027293536738869473,0.47893569844789363,0.47893569844789363,0.5098039215686274,-0.07500000000000007,-0.8464351005484461,3.067895247332687,0.18862540588408927,-1.046300863131936,-0.03957109360592248,0.06803355079217144,0.3155893536121672,0.34246575342465757,0.016949152542372836,0.07522123893805333,-0.9626697735288954,0.625,0.0,20.448275862068968,0.0490196078431373,0.09879676630945666
1994-12-31,-0.08396807282098595,-0.14280903181155302,-0.05770070220422696,0.08549613909375253,-0.14762272124406672,0.07363088130224282,-0.16426161919040483,-0.16426161919040483,-0.1688311688311689,-0.07500000000000007,1.7260338345864663,-1.0650929899856938,-0.6391556291390729,-9.50266311584554,0.35032231518310253,0.02006980802792313,0.3155893536121672,0.34246575342465757,-0.1479166666666667,0.00411522633744843,-0.9626697735288954,0.3076923076923077,-0.06941649899396374,20.448275862068968,0.0490196078431373,-0.21028317221319193
1995-03-31,0.10654207457462728,-0.09213689693081262,0.1413387025881485,-0.05519880219597406,0.03728621618247652,0.07243442973883574,0.141271442986882,0.141271442986882,-0.421875,-0.07500000000000007,0.08757110842958116,409.87545787545787,-12.450103234686855,-4.392921462688904,-0.8802462113517247,0.06159110350727115,0.3155893536121672,0.34246575342465757,0.03422982885085579,0.24180327868852447,-0.9626697735288954,0.2941176470588234,-0.06270270270270284,20.448275862068968,0.0490196078431373,-0.03910735564944212
1995-06-30,-0.013537445997799713,0.039781953603601705,-0.03294002595061718,0.013811804479504142,0.036083471234230835,0.03740957869203165,-4.54504371745751,-4.54504371745751,-4.513513513513514,-0.07500000000000007,0.6195382258149733,-0.9603722953757277,-1.298010458616337,-1.2615679305808774,1.9226463104325702,0.0298146655922642,0.3155893536121672,0.34246575342465757,0.03782505910165468,-0.0033003300330032292,-0.9626697735288954,0.2272727272727273,0.05036524413687049,20.448275862068968,0.0490196078431373,0.02559188275084545
1995-09-30,-0.1463130454493936,-0.09146483487531165,-0.16670632363390014,-0.03606338708220724,0.03259489732420651,-0.13137574768896143,-1.24364694471387,-1.24364694471387,-1.2384615384615385,-0.07500000000000007,-0.3043747757152644,1.0611923509561305,-0.02400161355385233,-1.2078701252867479,-0.45040338963375703,0.29107981220657275,0.3155893536121672,0.34246575342465757,0.029612756264236983,0.24503311258278138,-0.9626697735288954,0.18518518518518512,0.2097364568081992,20.448275862068968,0.0490196078431373,-0.057491480707925535
1995-12-31,0.01400542745164679,0.030680132302817187,-0.007775118431254335,0.01651891891891899,0.058134162558706626,0.04582446475522728,0.8287079162875342,0.8287079162875342,0.8387096774193548,-0.07500000000000007,-0.48131126014163106,-2.9217419777341194,-0.5914445133292002,-10.65025466893039,2.4010983208364136,0.15696969696969698,-0.8786127167630058,-0.8673469387755102,0.055309734513274256,0.12234042553191493,-0.9626697735288954,0.15625,0.043267776096822974,20.448275862068968,0.01869158878504673,0.013995801259621965
1996-03-31,-0.018945816535887672,-0.10146428585991629,-0.018501938526719663,-0.004034259298648646,-0.019789123575710832,0.014748271003508728,-0.1423684537877845,-0.1423684537877845,-0.14035087719298245,-0.07500000000000007,2.212206148282098,-2.094848639745556,5.604619794301129,-2.0081808585503165,-0.7117528334109611,0.16343635411210067,-3.428571428571429,-3.5384615384615388,0.0,0.10426540284360208,-0.9626697735288954,0.16216216216216206,-0.0008700696055684576,20.448275862068968,0.02752293577981657,-0.0978835978835978
1996-06-30,-0.020705016902735518,-0.043928915028408566,-0.03850977964741953,-0.0051219807365116,0.013165998489338193,0.006965210249522347,0.10820219015157018,0.10820219015157018,0.10204081632653073,-0.07500000000000007,0.09271821431587246,-0.8374747107952483,-0.20427856632288366,-1.1971032196143443,0.48669611117095757,-0.012606933813597565,19.5,20.78787878787879,0.02096436058700224,-0.012875536480686844,-0.9626697735288954,0.11627906976744184,0.03483309143686508,20.448275862068968,0.03571428571428559,-0.03901568277444856
1996-09-30,0.0021900506014802534,0.034370312707664885,-0.0068634862952633435,-0.014446865373675788,0.018534660733128483,-0.10245318048270513,-0.18454289640730315,-0.18454289640730315,-0.16666666666666674,-0.07500000000000007,-0.5225779861415214,0.096712416214491,-0.5967917869746551,-0.4400177069499779,0.1833200492717919,0.018695850433196437,0.050215208034433134,0.07510431154381059,0.02053388090349073,-0.0021739130434782483,-0.9626697735288954,0.12500000000000022,0.016269284712482568,0.07877813504823172,-0.008620689655172376,0.04962186546371239
1996-12-31,-0.005602545622671262,0.3951871584135245,-0.09111922348646384,-0.027204513030504307,0.14493341140789462,0.053178029922682946,2.5927293154642483,2.5927293154642483,2.577777777777778,-0.07500000000000007,0.20513650588108345,-29.655995343422585,3.8531190324633995,22.63794466403162,3.661992529545037,0.1486123545210385,0.44080145719489994,0.5135834411384219,0.14688128772635833,0.12418300653594772,0.07011543394613096,0.09259259259259256,0.1512558653049958,0.5111773472429209,0.0,0.43420553659461514
1997-03-31,0.018712906490167658,0.045136250760603236,0.0014897850017361325,0.02629722921914368,0.04278024024339078,0.06322578799839818,-0.5883758850990641,-0.5883758850990641,-0.7950310559006211,-0.07500000000000007,0.24194126074498556,-1.3815482114927586,-0.7887497130865331,-1.379790649454886,-0.2983253431404742,-0.024551831644582967,-0.0012642225031606058,0.05555555555555558,0.04210526315789487,-0.14922480620155043,-0.352776667998402,0.1186440677966103,0.02373531527211714,0.050295857988165604,0.008695652173912993,0.018332451965450414
1997-06-30,0.021420402070491118,0.06121010328614851,0.016632659515404047,0.010682781741097047,0.027845808980957232,0.0008787858407872662,0.06506403299327101,0.06506403299327101,0.09090909090909083,-0.07500000000000007,0.731182408074982,-0.6881122231686542,0.18199456732634856,-1.9279267379914586,0.3945191119763394,0.028765481422293293,-0.008544303797468289,0.0380566801619433,0.03703703703703698,-0.011389521640091105,-0.024691358024691246,0.10606060606060597,0.006323185011709587,0.04600938967136159,-0.008620689655172376,0.05002596503375467
1997-09-30,0.40447180382204784,-0.23701988090436765,0.6951570496646089,0.11898474600661957,0.01861254702841597,0.03435006786691819,-0.2311102053293932,-0.2311102053293932,-0.2499999999999999,-0.07500000000000007,-0.6875871978010537,27.598276009217376,-17.61759684832567,-4.178828999810211,-0.8993127332277376,0.17203883495145633,-0.025534631343759995,-0.07566302652106094,0.017857142857142794,0.12903225806451624,0.110759493670886,0.08219178082191791,-0.2748429136606936,-0.008976660682226245,-0.06956521739130417,-0.3181668315199473
1997-12-31,0.015834724478414275,0.043524057166622,0.0031863021631239885,0.03004825854491333,0.04377580589462937,0.07789119918232656,0.4798224107083693,0.4798224107083693,0.5555555555555554,-0.07500000000000007,0.8108378324335133,-0.950475400344986,-1.0693914321613998,-0.8956818962043076,-0.9317424343420877,0.09642147117296229,-0.2538486734359646,-0.30379746835443033,0.04944178628389162,0.07755102040816331,0.06837606837606836,0.08860759493670889,0.02759948652118105,-0.2617753623188406,-0.05607476635514019,0.013056092843326761
1998-03-31,-0.006064927145339016,-0.02785671984237248,-0.028267205786504768,-0.07701503531754583,0.04107389964700103,0.04541071342472791,-0.09927458355722729,-0.09927458355722729,-0.09523809523809523,-0.07500000000000007,1.3255668433451118,-0.10075323892738774,1.236305659947614,-2.285448562026041,17.546875,0.1946207313387729,-0.010535557506584747,-0.0630303030303031,0.04103343465045595,0.1382575757575757,0.5504,0.08139534883720945,0.047470331043097946,-0.01717791411042946,-0.04950495049504955,0.053221957040572976
1998-06-30,-0.011529172327762183,-0.05440954475444637,-0.03956314876480205,0.17302379060212036,-0.033523088401912315,0.03755774715011562,0.10961968680089496,0.10961968680089496,0.18421052631578938,0.0,-0.23242747028378785,-0.5805803122696509,0.1911188063349798,-1.5056767586821014,-0.4784119629317607,0.07918036933974193,0.017746228926353247,-0.03880983182406195,-0.026277372262773713,0.03660565723793696,0.048159614723082056,0.07526881720430101,-0.022361359570661765,-0.012484394506866447,-0.02083333333333337,-0.19385905279854976
1998-09-30,0.00786827207419738,0.03915300181117587,0.01934781346187342,0.009865395869910643,-0.11137162283874547,-0.0893509360715371,-0.1572132616487455,-0.1572132616487455,-0.20000000000000007,-0.05405405405405406,-0.38232019135598816,-2.2727272727272725,-0.2081658828559213,-1.193484481620075,0.1774682010902484,-0.09681200187529293,0.06364428945074097,0.044414535666218,-0.10944527736131926,-0.07223113964687,-0.1512963570725303,0.07000000000000006,-0.11832875876791704,0.031605562579013924,0.010638297872340496,0.028952916373857995
1998-12-31,0.00680494235102147,0.02550065506269883,-0.010109872579712409,-0.034020285990790544,0.012989562016551437,0.03696351647636442,0.35149646483440544,0.35149646483440544,0.33333333333333326,0.34285714285714297,-0.299816391253547,-2.1055736881747427,-0.5328276011014523,-6.845278725824801,-0.8810013717421125,-0.13470023358422,0.06270491803278677,0.038659793814433074,0.01683501683501687,-0.02941176470588236,-0.17865429234338748,0.06542056074766345,0.006226219301279645,0.030637254901960675,0.010526315789473717,0.06174019942630782
1999-03-31,0.35837855468464874,0.10580827668020265,0.5457763299510208,0.013892911393901475,0.10402286984832854,0.04000015690951031,-0.13121976163316684,-0.13121976163316684,-0.10416666666666663,-0.12765957446808507,1.7997043959187566,42.07278301351198,-21.261889627275355,-6.840988711560919,43.24351585014409,0.06658668266346734,0.033551870420362784,-0.06327543424317628,0.10927152317880795,0.04991087344028511,0.020715630885122405,0.07017543859649122,-0.18734960467514605,0.017835909631391145,-0.08333333333333326,0.09056992152322141
1999-06-30,-0.031789684048564415,-0.11916501622930076,-0.059764720337784016,0.0030314071267214526,0.036205239747507,0.019308164951097773,0.05654910128129664,0.05654910128129664,0.04651162790697683,0.07317073170731714,-0.5738151598235726,-0.9832710324720173,-1.1093910424604714,-1.655626270367532,-0.6408076860446181,-0.03515185601799775,0.003731343283582156,-0.0596026490066226,0.03731343283582089,-0.13073005093378598,-0.05811808118081174,0.05737704918032782,0.07021996615905257,0.010514018691588856,-0.06818181818181823,-0.12185914828359101
1999-09-30,0.023110223718487255,0.11111935200546497,0.023422642118383408,0.02701713090100699,0.023070430200078818,-0.03639727649496749,-0.22767398011655815,-0.22767398011655815,-0.22222222222222232,-0.22727272727272718,-0.2822264844561656,0.3543964702174598,-0.7618104077588904,-1.011791014433828,0.02103545199020762,0.030020402215097608,-0.05018587360594795,-0.07887323943661961,0.027338129496402797,-0.0078125,0.03623898139079329,0.054263565891472965,0.0,-0.02196531791907519,-0.060975609756097504,0.08194519075765716
1999-12-31,-0.0012161031002732026,0.0209210900748662,-0.01595066505441356,-0.06346700168641695,0.029533173934165102,0.021985069353773312,0.41258392054596893,0.41258392054596893,0.40000000000000013,0.4117647058823528,0.4630629627567777,-0.06422338568935426,0.24978108581436076,28.396551724137932,0.6056300506171743,0.06564799094510443,-0.043835616438356206,-0.06269113149847094,0.03361344537815136,0.03740157480314954,0.07230623818525528,0.0588235294117645,0.03083003952569152,-0.010638297872340385,-0.051948051948051965,0.09014154457412471
2000-03-31,0.012695597172950546,0.04268813060055887,0.021880323732060836,0.037470315606286775,0.05039422800640048,0.07821019129820495,-0.02525629443418831,-0.02525629443418831,-0.020408163265306145,-0.02083333333333337,0.5681671169285796,0.8700733557130425,1.6227885794359782,-1.5535190615835777,-0.2087827000718987,-0.15772703133297927,-0.004093327875562824,0.029363784665579207,0.06639566395663965,-0.18406072106261862,-0.16306743058616147,0.05555555555555558,0.03719325153374253,0.010752688172043001,0.027397260273972712,0.005011389521640153
2000-06-30,-0.022548075813347834,-0.046871132438506824,-0.021408940096332985,0.0446060387204994,-0.04673422575577335,-0.01134023133514317,-0.8899097356544166,-0.8899097356544166,-0.875,-0.8936170212765957,0.5179433673840779,-0.03064955787514123,0.31645907770394355,-3.266225165562914,0.5980008388088913,-0.02648171500630514,-0.23468968351829012,-0.2266244057052298,-0.041931385006353294,-0.08837209302325577,-0.06003159557661908,0.05263157894736836,-0.02476894639556393,-0.23522458628841614,0.0,-0.08760199456029005
2000-09-30,0.009379950867254738,0.0010457099920706536,0.010910638732914979,-0.014385240074602512,0.11865660639631015,-0.1186757329328948,5.028184480234261,5.028184480234261,4.500000000000001,5.3999999999999995,-0.6500103901916591,0.6141289437585733,-0.850979099025974,-1.8783167738164814,-0.3286820349066095,0.0,-0.0569280343716434,-0.02254098360655743,0.1259946949602122,0.04591836734693877,0.29075630252100826,0.04999999999999982,0.10841546626232001,-0.012364760432766575,0.0,0.015650229785119762
2000-12-31,-0.006040826325038995,-0.022251739011625693,-0.022690431297119784,-0.01942914683162633,0.034253909605450605,0.04346017550455561,0.4597729066731435,0.4597729066731435,0.45454545454545436,0.4687499999999998,0.27581639643754285,-0.5202260559190958,2.76868085106383,-0.26829917487356936,-0.35824591125301364,-0.030440414507771907,-0.05637813211845111,-0.016771488469601747,0.03769140164899887,-0.13902439024390245,-0.015625,0.04761904761904767,0.04035567715458277,-0.015649452269170583,-0.013333333333333308,-0.0028127675186497836
2001-03-31,-0.002947734820169523,-0.0015141438012085118,-0.007979869237604076,-0.14250069229704154,0.008560311284046662,0.04376974027168745,-0.21450854789734208,-0.21450854789734208,-0.20833333333333326,-0.21276595744680848,-0.03318536550440321,0.23656009210875917,-0.43584300618761573,-1.1007639141506003,0.056249365417808894,0.1362725450901805,-0.11104405552202778,-0.08315565031982941,0.011350737797956922,0.09348441926345608,0.1450617283950617,0.045454545454545414,0.011505588428665225,-0.07472178060413348,0.0,0.164336521952416
2001-06-30,-0.0017316546328010052,0.03132794784580506,-0.007191509805829277,0.2493852410763242,0.010549779799292391,-0.008486744740311525,-0.3710019063757678,-0.3710019063757678,-0.368421052631579,-0.3783783783783784,1.22690413596475,-1.7257556224036672,2.5564806660795774,45.66245487364621,2.484956262616553,0.06584362139917688,0.10251188051595395,0.14883720930232558,0.010101010101010166,0.0544041450777204,0.15402387370042359,0.048913043478260754,0.012349691257718565,0.16323024054982804,-0.013513513513513487,-0.17453128291552567
2001-09-30,-0.0036418090248144797,-0.017091403796868243,0.004882612222795846,-0.07963522398668843,-0.022480062870053663,-0.11567949154802293,-0.2706684627041589,-0.2706684627041589,-0.29166666666666663,-0.26086956521739124,-0.9464766718765588,-1.4587979867758807,-0.31320907617504057,-2.2355421453715523,-0.8810062337948916,-0.12437948152233858,-0.11576354679802947,-0.10728744939271251,-0.013333333333333197,-0.13267813267813278,-0.23790457123790454,0.04663212435233155,-0.018940609951845988,-0.10044313146233375,-0.013698630136986356,0.06801071838713812
2001-12-31,-0.01172696056086131,-0.026703296319209202,-0.018361831840043807,-0.05348580723110097,0.0033459787730192314,-0.03747649342653592,0.004732771557197202,0.004732771557197202,0.0588235294117645,0.0,14.756446101273687,0.0647451064745106,0.2748279252704031,-1.2152473387601752,1.5936485859990728,0.06362204724409448,-0.24164345403899723,-0.23809523809523814,0.0022522522522521182,0.0764872521246458,0.19220665499124356,0.03960396039603964,0.015379581151832689,-0.2183908045977011,-0.01388888888888895,0.028315412186379785
2002-03-31,-0.00702402748581632,0.009667213709344313,-0.028468631965326008,-0.08125274304117502,0.04063928395826122,0.12428257511476626,1.0546875,1.0546875,1.0,1.0588235294117645,-0.5086947949526814,-0.09111111111111114,-0.47286283584008226,-1.0120727272727272,-0.0074179998212530185,0.13532721350310917,-0.028466483011937438,-0.014880952380952439,0.035955056179775235,0.13421052631578934,0.4979801689313257,0.042857142857142705,0.048018047051240575,-0.00630252100840345,-0.014084507042253502,0.09887301034042051
2002-06-30,0.03876599837242001,-0.03182540839880632,0.004149224497713044,0.0341421732709406,0.11059657841835513,0.009664172894646272,2.1385596063520467,2.1385596063520467,2.1666666666666665,2.1428571428571432,1.4679561780167742,1.4298733051789285,0.6313710188752866,-207.25301204819277,1.5414190527642715,0.08294209702660416,0.8752362948960302,0.933534743202417,0.11388286334056397,0.044083526682134666,0.106398627114489,0.041095890410958846,0.06918819188191883,0.9556025369978858,-0.014285714285714346,-0.06375555085641782
2002-09-30,-0.0799081535941446,0.04624721264019449,-0.04012820364769398,0.004661587607268647,-0.1545408170299596,-0.04144529542997766,-2.234437911990023,-2.234437911990023,-2.2280701754385968,-2.2363636363636363,-0.5341875477650043,-0.06888035126234904,-0.10520808419038508,-1.6694900403060926,-0.406058458813109,-0.05852601156069359,-0.8523185483870968,-0.8515625,-0.1567672833495618,-0.15333333333333332,-0.5160647019720808,0.03947368421052655,-0.08110440034512512,-0.8551351351351351,0.02898550724637694,0.041445511010728575
2002-12-31,0.07039492340223141,-0.07304424157303369,0.08095716721552448,0.05798490475619977,0.04789704929948235,0.006594364597579894,-1.2788465701626521,-1.2788465701626521,-1.2785714285714285,-1.2794117647058822,0.9522463085139805,10.927596031044306,-2.8830899796184304,-0.20373440362970074,-0.5443808160343593,0.12381683294960344,0.7815699658703072,0.7894736842105265,0.04387990762124705,0.3307086614173229,6.736263736263736,0.03797468354430378,-0.020970266040688523,0.7611940298507462,0.014084507042253502,-0.12383430926046424
2003-03-31,0.028117216606242224,0.14477058451421798,0.023428077673360637,0.031323929523453975,0.038420324845380494,0.10514041897255177,0.31918637751669166,0.31918637751669166,0.3076923076923077,0.3157894736842106,-0.5410184887172336,-0.9879088385731112,-1.3604748132507674,-1.425706771860618,0.5086410054988217,-0.08946050534941952,0.3084291187739463,0.30000000000000004,0.03871681415929218,-0.1282051282051283,-0.4962713068181819,0.04065040650406515,0.009910485933503743,0.2881355932203391,0.01388888888888884,0.10990099009901
2003-06-30,-0.02832012822983987,-0.11179752230192974,-0.07468420631162265,-0.11805675080568101,0.072081542124103,0.07901112964454149,0.16913841807909602,0.16913841807909602,0.17647058823529416,0.1399999999999999,1.4197670341657251,4.318119891008174,1.14289230163418,1.7724581724581725,0.9347392172177384,0.07100000000000017,-0.8316251830161054,-0.832579185520362,0.06283280085197007,0.03167420814479627,-0.1881095053460229,0.03515625,0.10319721430832529,-0.8388157894736842,0.041095890410958846,0.007136485280998972
2003-09-30,0.013990190162181726,0.08113504874659583,0.005472479475530978,0.049041214808932754,0.02991023733687448,-0.09156935583281967,-0.33551461458438203,-0.33551461458438203,-0.35,-0.33333333333333326,-0.6787789995653084,-0.16882285128730623,-0.3946479843803836,-2.1968248073530776,-0.5782273257378667,0.07306255835667597,15.982608695652175,16.56756756756757,0.03006012024048088,0.010964912280701844,6.391895803183792,0.03396226415094361,0.015781922525107683,16.46938775510204,0.0,0.030558015943312533
2003-12-31,-0.009406097248735423,-0.05171807806814421,-0.025245516312144112,-0.015957071468435502,0.01949614439750036,0.028272270510140363,0.019493964951265097,0.019493964951265097,0.025641025641025772,0.026315789473684292,1.116930633520449,-0.18492834026814609,0.3909842908097443,-1.0224963152587077,0.03084122088695107,0.047639765064172224,-0.028673835125447966,0.007692307692307665,0.01945525291828809,0.015184381778741818,-0.948470965973609,0.03649635036496335,0.029096045197740228,-0.016355140186915862,0.026315789473684292,-0.03631284916201116
2004-03-31,0.0046032271789278045,0.040857706605038624,-0.02549710024855012,0.25640240026857986,0.05711699169643092,0.06838600608462109,0.6660722246990638,0.6660722246990638,0.675,0.6666666666666667,-0.07573928072543035,0.06296086216676122,-0.09885973048175023,0.3172413793103448,0.03940988342102547,0.05440199335548179,0.039536109646810536,0.09160305343511443,0.055343511450381744,0.03632478632478642,0.04863221884498481,0.04225352112676051,0.05242931649739235,0.0653206650831355,0.025641025641025772,-0.17157190635451514
2004-06-30,0.011150803477262716,0.09625300670639536,-0.018719565604056743,-0.037622288001701865,0.05919075976467636,0.03170390548584057,0.10293461778610302,0.10293461778610302,0.10447761194029836,0.10769230769230753,0.7882319790972898,0.6894343649946639,-0.6469395168614155,126.35078534031413,4.828585607940447,0.041354864119732104,0.02738336713995948,0.06573426573426588,0.05515370705244127,-0.014432989690721487,-0.03731884057971013,0.04054054054054057,0.047470005216484035,0.0624303232998884,0.0,0.1391468173866237
2004-09-30,0.016804383847217386,0.04992134108670321,0.03553591724549898,0.18725688145114994,-0.011105260475939738,-0.0653195275845333,-0.30923305027631753,-0.30923305027631753,-0.31081081081081074,-0.3055555555555556,-0.4105774327092495,0.32638450200042124,1.8737889050844552,-1.1021213616181549,-0.08460058239531354,-0.009455370650529482,0.021224086870681225,0.0459317585301835,-0.0025706940874035134,-0.060669456066945626,-0.07866014301844182,0.038961038961039085,-0.027390438247011928,0.03777544596012605,0.012499999999999956,-0.11565268753691671
2004-12-31,0.011199810004421051,-0.058263823591859,-0.024686003155105496,-0.012140518497999686,0.06719089235166398,0.01969791908274865,0.08160318451451753,0.08160318451451753,0.0980392156862746,0.08000000000000007,-0.6658079568376796,1.4345134148277503,-0.6664379270221081,4.655998389694042,-0.5227234675844108,-0.0185185185185186,0.02174963750604153,0.05269761606022594,0.06786941580756012,-0.015590200445434355,-0.07066993464052285,0.03749999999999987,0.055299539170506895,0.05257836198179966,0.0,-0.04675394068928673
2005-03-31,-0.018282905016072215,-0.07461004054998532,-0.031093352296135746,0.008106573748675627,-1.6095025027751397e-05,0.03722250325068832,0.2710806422514884,0.2710806422514884,0.26785714285714257,0.2777777777777777,2.5887571812959056,-0.8647864362569286,5.104114490161002,-0.17997081746681376,-0.8981135017149985,-0.027426570706088227,-0.014664143803216567,0.008343265792610133,0.012067578439259874,-0.09049773755656121,-0.08791208791208793,0.04216867469879526,0.01868025230470649,0.007684918347742542,0.0,-0.08197869955156944
2005-06-30,0.007846195642624343,0.059791309916607416,-0.022037562995253945,0.0010806965704983629,0.049134073716400994,0.08784781206937753,0.1489440218008402,0.1489440218008402,0.14084507042253525,0.14492753623188426,0.35072645848953377,0.5350856040511214,-0.5147265693687357,-2.17932471139658,10.3955623565417,-0.0484,0.00048007681228989796,0.022458628841607542,0.050874403815580393,-0.05970149253731338,-0.06409638554216857,0.040462427745664886,0.0409621338413908,0.0076263107721641354,0.012345679012345512,0.05861700503739886
2005-09-30,0.36946894940548836,0.4608581421698221,0.6310744376585056,0.11576250341623395,0.0325500477887537,0.17423786542141562,-0.3468313773934527,-0.3468313773934527,-0.33333333333333337,-0.3417721518987342,-0.8936495791889824,57.09095193213949,-11.395446447443911,-1.6790314270994333,-0.619444071438163,0.042664985287936164,-0.02927063339731284,-0.07861271676300574,0.032526475037821356,-0.007936507936507908,0.013903192584963975,0.03888888888888897,-0.2459391443605582,-0.07095553453169356,-0.012195121951219412,0.3093006488824801
2005-12-31,-0.0007971404788718051,0.005413376976062478,-0.014499114847771333,-0.016758214280611305,0.027078467381033144,-0.010972031824529438,0.10273480349510167,0.10273480349510167,0.09259259259259256,0.1153846153846152,3.6486105233460293,-0.9874069447035886,-1.0712820900117932,-1.2036093648385,0.33142201834862384,0.01028018544648246,-0.015818091942659485,-0.06524466750313673,0.02783882783882774,-0.021333333333333315,0.002031488065007636,0.03743315508021383,0.02760922330097082,-0.05498981670061098,-0.012345679012345734,0.022466960352423015
2006-03-31,-0.016444092926251708,-0.05814208285632516,-0.0593914494039216,-0.16889177681498202,0.06739199935191653,0.02316423262164391,0.3940589304702775,0.3940589304702775,0.38983050847457634,0.3793103448275863,1.3214784244704738,-0.2849473910242646,1.9633659331703344,-0.8799574128293851,0.029881401974425126,0.08120510774142065,-0.0025113008538423243,-0.03221476510067112,0.057020669992872364,0.05177111716621252,0.06436898124683221,0.04123711340206193,0.08532624741659278,-0.020474137931034475,-0.012499999999999956,0.13334769495906929
2006-06-30,0.016720516761620452,0.02443089151031863,0.05775885161432637,0.15886837319904878,-0.05387372857810813,0.07968115384225816,0.19487709455968116,0.19487709455968116,0.20731707317073167,0.19999999999999996,0.012313403571148518,4.0438438438438435,-0.3746098100961208,32.63414634146341,0.9758749356664951,-0.046687580734452894,0.04128902316213501,-0.012482662968099856,-0.02090357383681729,-0.0984455958549223,-0.08571428571428574,0.03960396039603964,-0.06936887921653967,-0.0033003300330032292,0.0,-0.11604257745675728
2006-09-30,0.012500765678023162,0.07171857619577304,0.015557464000041765,0.15011014212860974,0.006622222476880157,-0.07188221167376496,-0.3720063425382508,-0.3720063425382508,-0.3535353535353535,-0.35416666666666663,-0.5953592273126388,-0.6615265539414146,-0.2547329536709251,-1.5433449798932033,-0.2683554195291896,-0.07452574525745248,0.01740812379110257,0.02528089887640439,0.011707988980716344,-0.054597701149425304,-0.12916666666666665,0.03809523809523818,-0.005846243788365957,0.025386313465783683,0.0,-0.06816471347166975
2006-12-31,0.006716242737218492,0.0009384433085100063,-0.017795194278078186,0.021132369670289197,0.05427427720864575,0.02611297259325518,0.14857686253934932,0.14857686253934932,0.140625,0.16129032258064502,0.9772792545553179,1.7669305189094109,0.47917035463503854,-0.5264498908032031,-0.17369053446664595,0.11336540472704448,0.021387832699619747,0.03424657534246589,0.049693669162695686,0.10030395136778125,0.07535885167464129,0.0366972477064218,0.04733901793590123,0.02583423035522059,0.0,-0.019730010384215957
2007-03-31,0.013205375608996262,0.05904489503177768,-0.0064083273907086236,0.0007946922632211528,0.04865920603833085,0.00925196268678774,0.2935449795871756,0.2935449795871756,0.28767123287671237,0.2777777777777779,0.2451341144572481,0.46567069294342023,-0.5630796848509025,-9.247758134768127,1.7336816027574322,0.09017471350742068,0.016751977664029694,0.018543046357615944,0.04734111543450048,0.03867403314917128,0.04115684093437144,0.039823008849557695,0.034811903425042034,0.02098635886673672,0.0,0.058145009416195936
2007-06-30,-0.00834104378110867,-0.07668582758437803,-0.05551050530845558,-0.10685716800721812,0.07244531912675356,-0.013417660364099526,0.13694850912622214,0.13694850912622214,0.13829787234042556,0.14130434782608692,-0.4806029733898459,-0.09893732379093467,0.4077607852088565,-1.3584542263365538,-0.22732914360014977,0.03963467172152324,-0.026544622425629272,0.011703511053315907,0.07244582043343661,-0.005319148936170137,0.0010683760683760646,0.038297872340425476,0.08166033640803039,0.03288797533401855,-0.025316455696202556,0.033815350389321486
2007-09-30,-0.0018287510089949333,0.03143557794273599,0.013429878655261573,0.08773194204041235,-0.02484394521850075,0.0003957124555442615,-0.35221493186318287,-0.35221493186318287,-0.3457943925233645,-0.35238095238095235,0.5423737272908764,-0.7943101954366034,1.3111846158835165,0.19048444405927722,-0.3502549719530852,-0.5498093817337975,-0.017865538316878204,0.015424164524421746,-0.011547344110854452,-0.5802139037433155,-0.5618996798292422,0.03893442622950838,-0.023074993729621185,0.011940298507462588,0.012987012987013102,-0.051753819668603485
2007-12-31,0.009467775003367374,-0.028881763406865768,0.00819470049339377,0.065633866093322,0.01146337050662094,-0.020393380371525938,0.08058136050344622,0.08058136050344622,0.08571428571428585,0.10294117647058809,0.3123806750153706,0.8387549730868242,-0.03161217903746316,-1.3085826599694257,0.16634619157869945,-0.25699558173784975,-0.018669219722355246,0.0037974683544304,0.01810747663551404,-0.24840764331210197,-0.2704019488428746,0.035502958579881616,0.0017971758664954152,0.011799410029498691,-0.012820512820512886,-0.08873255418132298
2008-03-31,0.008548445305525565,0.031842694398800164,0.018359662478145466,-0.011379438007393827,-0.006781331564889914,0.012050625244482527,0.2780165839318893,0.2780165839318893,0.30263157894736836,0.2933333333333332,-0.2177332856632106,1.520936744304442,-0.5959111523247895,2.7169143665958955,0.5301123746719603,-0.2547076313181368,-0.007317073170731714,0.0025220680958386588,0.012048192771084487,-0.27118644067796605,-0.26210350584307185,0.040000000000000036,-0.015120451050743222,0.010689990281826933,-0.012987012987012991,0.04370564064251026
2008-06-30,-0.030256859844379314,-0.13836886679121552,-0.027434920926248774,-0.20599423403923645,-0.034777676228373466,-0.040516682459727726,-0.5842591788907212,-0.5842591788907212,-0.5757575757575757,-0.5670103092783505,-0.21841707117190945,2.2045741404553945,-1.2167879809243787,-1.4972074130489972,-0.1722591142970228,0.5458776595744681,-0.18280098280098278,-0.1911949685534592,-0.011904761904761973,0.5348837209302326,0.5248868778280544,0.04029304029304015,-0.004683840749414414,-0.18365384615384606,0.0,0.08518253400143161
2008-09-30,-0.0005535001602237077,0.003043985214220113,0.0030351519345162004,0.17706036733560948,-0.00634634545696855,-0.03725323048454665,-0.027245680881048062,-0.027245680881048062,-0.023809523809523836,-0.023809523809523836,-0.10170790232492488,-0.8472106249901533,-8.24859411180946,0.14551953025274456,-0.23839124428859848,1.3797849462365592,-0.10102224894768497,-0.1057542768273716,-0.004589787722317773,1.4015151515151514,1.9109792284866471,0.03873239436619724,-0.0057516339869280175,-0.08951707891637228,-0.02631578947368418,-0.14786719437115214
2008-12-31,-0.0095667677120983,-0.0354400136526537,-0.015477119059284616,-0.05151658649652324,6.38687879619404e-05,-0.011332530679897812,-0.3269839566453828,-0.3269839566453828,-0.31707317073170727,-0.31707317073170727,-0.1362544613796045,0.03588368735821823,-0.45820878494010264,-1.5225094718074437,0.16355074991280083,0.049159587926983495,-0.18595317725752503,-0.18956521739130439,0.004034582132564912,0.056782334384858135,0.16004077471967393,0.035593220338983045,0.009729161188535285,-0.18111254851228975,0.0,0.01703006063733703
2009-03-31,0.003264686306122311,0.04399878970634985,-0.009259627894977362,-0.041766384760919095,0.0233553240814659,-0.07821647007426824,1.0272662042573546,1.0272662042573546,1.0,1.0,0.44450219600301466,-0.5640055743579534,-0.5718497304582211,7.751759436980166,1.2301627746635093,-0.2060292850990525,-0.21035332785538208,-0.20815450643776823,0.021814006888633664,-0.20895522388059706,-0.026362038664323406,0.03764320785597364,0.020052083333333304,-0.18009478672985768,-0.04054054054054057,0.08943295699606746
2009-06-30,-0.18389170463317728,-0.1645769218488654,-0.14814752305198375,-0.2633584002193792,-0.23940263857511956,-0.009090801376801738,-7.437470504955168,-7.437470504955168,-7.482142857142857,-7.482142857142857,-0.23881402587121958,0.126255707762557,7.249262246704703,-2.1327826108146306,-0.6248454217968709,-0.2640486005641137,-2.497398543184183,-2.485094850948509,-0.23820224719101124,-0.279245283018868,-0.08348375451263546,0.034700315457413256,-0.06790911411794742,0.0,0.014084507042253502,0.13414066138798342
2009-09-30,0.004386261811067271,0.01848062562474273,-0.005149445241150241,0.23748339136809316,0.020972032367164717,-0.006307450863164199,-1.1120457933191603,-1.1120457933191603,-1.1129476584022038,-1.1101928374655647,-0.31355030844501175,1.6809243867828907,-0.6486012735207842,-0.7063416942735448,-0.4891078466499462,-0.16303066037735847,0.059763724808895136,0.054744525547445244,0.01327433628318575,0.09424083769633507,0.0,0.0335365853658538,0.016433853738701654,0.0,0.0277777777777779,-0.1770020533880905
2009-12-31,0.01965257585924096,0.030191151934323646,0.01930178612410871,0.30670902859893223,0.020247105662021037,0.01335679797843059,0.033422387001799336,0.033422387001799336,0.024390243902439046,0.04999999999999982,0.6179113727920669,0.36234404536861997,-0.3434117207913401,-1.704930041755183,0.6748720106599342,0.026065516026769986,-0.007213114754098249,-0.01557093425605538,0.01965065502183405,0.014354066985646119,0.0,0.03392330383480813,0.0005389382915657048,0.0,0.027027027027026973,-0.21157684630738516
2010-03-31,-0.0021660354181595176,0.01728287823808783,-0.02684368937910242,-0.06475908148321297,0.039619698783792234,0.04894687625239347,0.7568323309064049,0.7568323309064049,0.7380952380952381,0.7380952380952381,0.35927557513460595,0.08503080424043952,1.3018243836890795,-1.0224462225917075,-0.009044468637467551,0.09989701338825951,-0.026420079260237816,-0.03163444639718793,0.03783012134189856,0.08018867924528306,0.0,0.032810271041369576,0.041745219499057296,0.0,0.05263157894736836,0.08765822784810129
2010-06-30,0.012570696980781726,0.050609690596138845,-0.006684748886910952,-0.17006990782467757,0.04309078979071357,0.0333217298772015,0.0021021652301871363,0.0021021652301871363,0.013698630136986356,0.0,-0.18980444959371234,-0.9265947107268914,-0.42958821680362835,-116.31481481481481,1.0524803515591987,0.07833957553058668,-2.0827679782903665,-2.107078039927405,0.04195323246217342,0.0393013100436681,0.0,0.03176795580110481,0.030248190279214215,0.44315992292870887,0.012499999999999956,0.26592958975851033
2010-09-30,-0.007375604695377125,-0.035042091933712105,-0.028962309823854615,-0.05921662035199149,0.025206836687998058,-0.05668046133157312,-0.22961431268542665,-0.22961431268542665,-0.22972972972972983,-0.23287671232876705,-0.4758831259179098,18.463414634146343,0.027474906514465713,-2.080415930624699,-0.554020669493968,-0.08567293777134577,0.03759398496240607,0.06393442622950829,0.022442244224422536,-0.12184873949579833,-0.3175775480059084,0.030789825970549023,0.032873274780426565,0.06141522029372504,0.012345679012345512,0.02574120891749021
2010-12-31,0.0036230531629977136,-0.007794903562181266,-0.028151018951708795,0.015477105669684299,0.04904803201378494,0.06514682569638408,0.5776636713735559,0.5776636713735559,0.56140350877193,0.5714285714285714,1.1164368409409335,-0.5777300393841747,0.8793242156074015,-0.8718739548883356,-0.15916539722106815,0.0883190883190883,0.14915458937198078,0.19260400616332807,0.047772756617172396,0.06220095693779926,0.016594516594516717,0.029870129870129825,0.04518950437317781,0.16981132075471694,0.012195121951219523,-0.02296661438494285
2011-03-31,-0.009100481872258537,-0.045053013209489845,-0.03553365242906781,-0.0713270747707967,0.025908100536397694,-0.07122335495829468,-0.23966269694504028,-0.23966269694504028,-0.2359550561797752,-0.23863636363636365,-0.02701996446116861,0.6145497710700356,-0.2999021526418787,-1.714907192575406,0.13532802635190766,0.02530541012216392,-0.052548607461902264,-0.018087855297157618,0.02772643253234741,-0.022522522522522626,-0.13697657913413763,0.032786885245901676,0.0353324035332403,-0.009677419354838679,0.0,0.028322440087146017
2011-06-30,0.004516376483173046,-0.04301497681647304,-0.008243103340703994,0.05175561761635117,0.020403192146298377,0.022704127302769717,-0.0164088594869799,-0.0164088594869799,-0.02941176470588236,0.0,0.3278186603641833,-0.40757273395651716,0.6258443978569765,1.8563894523326572,0.3404738878143134,-0.07120567375886522,-0.051580698835274386,-0.021052631578947434,0.03237410071942448,-0.09677419354838712,-0.05180921052631582,0.030525030525030417,0.015940727436012603,-0.011943539630836053,-0.012048192771084376,-0.09009812667261385
2011-09-30,0.018948184553157388,0.019695090160545048,0.02916369886676251,-0.09127317893748532,0.00658593392130169,-0.05899554333695878,-0.28696712933961954,-0.28696712933961954,-0.2727272727272728,-0.28358208955223885,-0.9511057173678533,3.263895044765535,-1.6393853648053298,-2.2459877858258768,-0.3164748746437719,-0.18662186927306057,-0.05555555555555558,-0.03629032258064513,0.007549361207897842,-0.2091836734693877,-0.16912402428447526,0.029620853080568832,-0.012154696132596676,-0.020879120879120916,-0.024390243902438935,0.12205882352941178
2011-12-31,0.034755375056437776,0.009717581858946778,0.049403488414258234,0.041497382029908936,0.016631435643881698,0.0024640982711667814,0.46085911129606516,0.46085911129606516,0.45833333333333326,0.45833333333333326,16.95945945945946,-0.25924616951830526,-1.625175060220716,-1.8172802918044,0.3784040531982267,0.020277882087870847,-0.08854489164086687,-0.08368200836820094,0.02074927953890482,0.012903225806451646,0.050104384133611735,0.04372842347525907,-0.01767337807606273,-0.04601571268237925,-0.03749999999999998,-0.030471821756225315
2012-03-31,0.11623407617741877,0.0581517848308295,0.20012163348238032,0.0630740018342224,0.009095116024830263,0.051095623286900205,-0.32996771538899794,-0.32996771538899794,-0.3285714285714285,-0.3285714285714285,-0.4335007140553738,4.379725519912435,-7.870519713261649,-1.20139470013947,-0.05528754115935375,0.20574162679425823,-0.09646739130434778,-0.1248097412480973,0.007905138339920903,0.17834394904458595,0.29224652087475134,0.04299889746416774,-0.09587793213391016,-0.08823529411764708,-0.038961038961038974,-0.004618677481130984
2012-06-30,0.0002207501138475898,-0.011452145214521425,0.0026950142236861208,0.17274848116646413,-0.0035375295523044636,0.08403446469452658,0.4163163115876989,0.4163163115876989,0.44680851063829796,0.4042553191489364,1.0680382749180017,-0.9516654928658997,-1.429611998695794,-1.7936288088642658,0.046445651292858825,-0.0863858363858363,-0.009774436090225547,-0.04173913043478261,0.004481792717086819,-0.09189189189189195,-0.007692307692307665,0.040169133192388795,-0.0037783375314861534,-0.021935483870967665,-0.013513513513513487,-0.15708465368945224
2012-09-30,0.01458464245630231,0.06773667634850145,0.021439811495060024,-0.1474845934196185,0.00410686630425916,-0.054441620299667814,-0.1710026015609366,-0.1710026015609366,-0.17647058823529405,-0.16666666666666663,-0.8614140407906464,-0.031948192120885066,-1.0022464747043913,0.5287958115183247,0.06785437645236247,0.13331105913798869,0.024297646165527542,-0.00907441016333943,0.003346346904629094,0.125,0.13798449612403085,0.03861788617886197,-0.010366624525916524,0.01187335092348274,-0.0273972602739726,0.25241675617615456
2012-12-31,0.004998274434351746,0.015407144141350804,-0.005146242608350615,0.046464371481629074,0.020771305824757613,0.018178378515743,0.4311406155703077,0.4311406155703077,0.4285714285714286,0.4363636363636363,5.602667171096188,0.19712342513100678,-419.4527027027027,-2.6312785388127855,-0.10365588277963156,-0.04097877358490565,0.02891030392883631,0.005494505494505475,0.023902167871039603,-0.042328042328042215,-0.06880108991825606,0.03718199608610551,0.01584057230454783,0.014341590612776844,0.0,-0.029588336192109765
2013-03-31,0.004301214389004215,0.024783420922975807,-0.004424425087136141,-0.004763917793964567,0.017523661776076782,0.025014212620807275,-0.1728936493210762,-0.1728936493210762,-0.17500000000000004,-0.17721518987341778,-0.5284486463257413,-0.3892148644872869,-0.570731943614668,-0.9216235129461161,-0.009063688597556019,0.2213341530894557,0.06340057636887608,0.06739526411657559,0.015200868621063846,0.19337016574585641,0.17702999268471098,0.038679245283018915,0.013078470824949617,0.055269922879177535,0.0,0.029606716747680117
2013-06-30,0.03646161759107769,0.020878719131397272,0.04270865518502576,0.06580049804306887,0.027199326660053424,0.04696237977354811,0.14894123245300972,0.14894123245300972,0.15151515151515138,0.15384615384615374,1.3021659224156261,6.608264714852089,-0.1459093473763401,-15.214285714285714,0.1300122498979175,0.06267304304052357,0.014227642276422703,0.015358361774743923,0.024598930481283476,0.04629629629629606,-0.009944064636420169,0.037238873751135326,-0.00893743793445878,0.023142509135200884,0.0,-0.04216738197424896
2013-09-30,-0.00418820228788086,0.0016900012754725857,-0.009679077714944362,-0.13165057557847992,0.004075870658413416,-0.07887113571231064,-0.28879093571576486,-0.28879093571576486,-0.2894736842105263,-0.29333333333333333,-1.0848188955598073,-0.9090890870828741,-0.984937901876156,-4.550879396984925,-0.4085423140854232,0.08408337280909528,-0.023380093520374068,-0.015126050420168013,0.0015657620041753528,0.05752212389380551,0.048336472065285685,0.0359019264448337,0.008266533066132231,-0.0071428571428572285,-0.014084507042253502,0.1535790299092641
2013-12-31,0.003965565136436755,0.023098528090190307,-0.0042942925490725425,0.04775185979069474,0.016226809267666065,-0.006744246069597004,0.271536125785117,0.271536125785117,0.2592592592592593,0.26415094339622636,-11.441039203484754,0.6787918871252205,145.1549707602339,-1.8415885370599683,0.5813172043010753,0.09831767533318758,-0.05608755129958953,-0.05119453924914685,0.016675351745701006,0.09623430962343105,0.10658682634730554,0.03381234150464918,0.012173913043478146,-0.03717026378896893,-0.014285714285714346,-0.02349970868129736
2014-03-31,0.07649236029869866,0.0010435265453048181,0.13195646172654496,0.10476887307875593,-0.00417805728366627,0.03775194323933473,-0.3952697176878537,-0.3952697176878537,-0.3970588235294118,-0.38805970149253743,-0.543023169187216,24.342875902823376,-4.172031609482845,-1.3953757225433527,-0.14534636634084153,-0.07937139446986274,-0.10217391304347834,-0.11690647482014382,-0.002050230650948337,-0.09541984732824427,-0.03679653679653683,0.035977105478331994,-0.07486499754540987,-0.09090909090909094,-0.02898550724637672,-0.09387430389817031
2014-06-30,0.10446047813352344,0.12375851763299472,0.1512015111998668,0.052475294978824305,0.027183761397607364,0.06363393882650081,1.1878719030617764,1.1878719030617764,1.2195121951219514,1.1707317073170733,1.8279426149331592,0.228824888852041,0.03989177188844173,-4.845295055821372,0.6539487364947336,-0.011884183232497958,0.05084745762711873,0.014256619144602745,0.029789419619928204,-0.008438818565400852,0.08876404494382006,0.033938437253354437,-0.07004510480233495,0.05890410958904102,-0.04477611940298509,0.06771290605794555
2014-09-30,-0.00047566632596907077,0.01279116277882264,-0.006510917908080893,-0.09698552896587265,0.010707092004504037,-0.05017989017231583,-0.2739522808752627,-0.2739522808752627,-0.27472527472527475,-0.2696629213483146,-0.8714906667589037,-0.9918362527725536,-1.0937657312332074,-1.4320475597953823,-0.17082570311859402,0.01618193745899843,0.03379416282642089,0.002008032128514081,0.010972568578553554,-0.01276595744680864,-0.040763673890608865,0.03282442748091596,0.011126961483594933,0.036222509702457995,-0.03125,0.1215952307534176
2014-12-31,0.10224967454446054,0.0980055627447356,0.14504283257310413,0.11040483760421238,0.024308726485493315,0.07468263718263723,0.34823769793972414,0.34823769793972414,0.3484848484848484,0.33846153846153837,4.672259106405885,99.13584710743801,-8.660155239327295,0.95424,-0.4026106734350793,0.05121583817516684,0.06017830609212482,0.006012024048096309,0.022693635915145505,0.03879310344827602,0.0032275416890801267,0.031781226903178306,-0.07054176072234752,0.04494382022471899,-0.032258064516129115,-0.011180351906158403
2015-03-31,0.009332152036221064,-0.10015745862167269,0.010387541547771884,0.046014454607948174,0.007183357057586104,-0.0018199822012759936,-0.3620772397767169,-0.3620772397767169,-0.3595505617977529,-0.35632183908045967,-0.22613605808012904,-1.022031021907223,-1.4362386638069342,-1.125675454396594,0.08469900126910557,0.09355168884339826,0.035038542396636396,0.0019920318725099584,0.005788712011577379,0.0705394190871369,0.015549597855228026,0.032951289398280625,-0.002125075895567763,0.032258064516129226,-0.033333333333333326,-0.1397590361445783
2015-06-30,0.005146845413990686,0.025947904330391403,-0.0039779124227350415,0.04795314020244601,0.023784145408862978,0.06963953397843681,0.6858964206525182,0.6858964206525182,0.6666666666666667,0.6785714285714284,0.41135592527490505,-4.585343011004449,-0.021253532577136025,1.0684039087947883,0.16151185268084234,-0.009546986147510372,-0.0006770480704129112,-0.011928429423459175,0.023021582733812718,-0.015503875968992276,-0.05966209081309415,0.03190013869625519,0.018557955582598096,-0.006944444444444531,0.0,-0.021008403361344574
2015-09-30,0.012554505673373129,0.07775873467196925,0.02175758895905333,0.011111090186270767,-0.005733046173241552,-0.0968331188895254,-0.7409755982996313,-0.7409755982996313,-0.736842105263158,-0.7446808510638299,-0.9590308752823958,-0.9952328087246131,-1.0860493631832924,1.2384251968503937,0.3112600183944292,-0.12587412587412583,-0.14430894308943099,-0.16096579476861173,-0.006094702297233856,-0.14566929133858275,-0.14037057832678257,0.030913978494623517,-0.018219832735961727,-0.14102564102564097,-0.017241379310344862,0.06591834488830206
2015-12-31,-0.000189303287486009,0.021924730603862796,-0.009392601101633313,-0.04993099286460634,0.018604321883192387,0.056534760025580555,1.948499410644664,1.948499410644664,1.92,2.0,14.861788617886178,84.0958904109589,-10.363824408182028,-1.2928099057267484,-0.06950567802271213,-0.06486486486486487,-0.0696753760886778,-0.06474820143884896,0.017924528301886733,-0.05990783410138245,0.08229915088177653,0.02933507170795302,0.018862184362640644,-0.06377204884667564,0.0,0.07567623373941768
2016-03-31,-0.018946072394250613,-0.0806391522126092,-0.05637439388059018,-0.0009292423146367579,0.05538381742738596,0.040249696737063134,1.4878993818998123,1.4878993818998123,1.4794520547945207,1.4861111111111112,1.806097207674994,1.1762717321313585,2.0192184968828237,4.09851033157136,-0.38084640511145407,-0.039999999999999925,0.465531914893617,0.5,0.05792400370713624,-0.05882352941176472,0.0187085093542545,0.03166561114629518,0.07584353538369681,0.47681159420289854,0.0,-0.0797581341779442
2016-06-30,-0.06927056147212118,-0.015231335371818977,-0.037235373438700536,-0.0622563130495527,-0.12615319592290075,0.030766064843614993,-2.1187951151982594,-2.1187951151982594,-2.1215469613259668,-2.1340782122905027,-0.5792738131164726,-0.13824987055255566,-0.7268004780138039,-1.7277097078228087,0.4476201518928633,0.17148362235067438,-0.7932636469221835,-0.7931623931623932,-0.12614980289093292,0.109375,-0.2191943127962085,0.030079803560466578,-0.06106022758812102,-0.7978410206084396,0.03508771929824572,0.050062578222778376
2016-09-30,0.003194098052532457,0.042728345900290066,-0.004026466702161002,-0.0057063102123492415,0.017319747188831114,-0.08237910128551695,-1.3753300557918577,-1.3753300557918577,-1.374384236453202,-1.3694581280788178,-0.3325405364592181,-0.808412017167382,-0.2272213295244897,-0.07291801580106205,0.2866639967961553,0.09683388157894735,0.6938202247191012,0.7107438016528926,0.018045112781954753,0.2535211267605635,4.622154779969651,0.029201430274135687,0.013892994383682966,0.6601941747572815,0.033898305084745894,0.04876837504966236
2016-12-31,0.017964258082133533,0.0593304963973571,-0.0023541786093027595,0.03415866067576534,0.05687933209573659,0.10693984930441469,1.1135902039855181,1.1135902039855181,1.1184210526315792,1.106666666666667,1.31677036199095,8.200716845878135,0.8877551020408163,0.7267393126571668,0.3847111553784861,-0.029428303655107735,0.693200663349917,0.7246376811594204,0.057607090103397374,-0.0449438202247191,-0.43184885290148445,0.028951939779965352,0.038192419825073154,0.6520467836257309,0.032786885245901676,0.024339426082015114
2017-03-31,-0.023252209537392377,-0.0688132429696584,-0.04584237232526367,-0.05409486442706091,0.017588935907562053,-0.03890728850854641,-0.44598565559501424,-0.44598565559501424,-0.44720496894409945,-0.449367088607595,-0.25895679984375186,-0.6453058044409816,0.4391432942376339,-2.386003236245955,-0.38507013127135403,0.16685979142526075,-0.42017629774730647,-0.41736694677871156,0.015363128491620026,0.10196078431372557,-0.31330166270783855,0.02926280247608326,0.041842179163156246,-0.4283185840707965,0.015873015873015817,-0.015624999999999889
2017-06-30,0.041190691613938846,0.020900812068481267,0.051374278474994206,-0.011066792308321194,0.023927262110130743,0.04701236425179833,0.09019381111585933,0.09019381111585933,0.0898876404494382,0.10344827586206895,-0.31872765908379597,11.030889621087315,-1.584020750063781,-0.7040452979977818,-0.185327338523961,-0.028798411122144985,2.334459459459459,2.403846153846154,0.023842274186153034,-0.04270462633451966,0.7346938775510203,0.028430836522689962,-0.01644204851752018,2.4148606811145505,0.0,0.03240349394195552
2017-09-30,0.01455878705594138,0.06030642074366699,0.016122622142518805,0.07634607435769136,0.01183667813954603,-0.11820079924565574,-0.22891927413590352,-0.22891927413590352,-0.22680412371134018,-0.23958333333333337,0.2424682044586295,-0.7783939840014606,-1.6417182380779032,-2.0895463510848127,0.2478574954009063,-0.009032038173142465,-0.029381965552178313,-0.015536723163841915,0.010300044782803441,-0.03345724907063197,-0.7212362911266201,0.027644869750132806,-0.0027404768429706294,0.0009066183136898776,-0.015625,-0.014919941775836998
2017-12-31,-0.007718742541154788,0.013421115016529095,-0.09108357052274008,-0.04251926170861264,0.13800593593123756,0.06346446148009899,3.763852755599414,3.763852755599414,3.7333333333333334,3.780821917808219,-0.023352664149768443,-0.4749742533470649,0.24139626352015742,0.2970673425054309,0.25763187228075224,0.05657781599312117,0.3971816283924843,0.45624103299856533,0.13652482269503552,0.04615384615384621,0.06151645207439205,0.026901189860320862,0.14674361088211052,0.48641304347826075,-0.015873015873015928,0.05836719615810848
2018-03-31,1.4968458729972158,2.8945466400694033,2.2517273532944153,1.6177524185870764,-0.009014350762705847,0.5532753328960158,-1.6911140683455947,-1.7727170010294524,-1.771830985915493,-1.7851002865329513,-1.0990714541904116,261.6014123185563,-93.12085300837776,46.64982554082345,9.641582799634035,-0.00960286458333326,-0.6059021292491595,-0.670935960591133,-0.012090483619344838,-0.12867647058823528,-0.3221024258760108,0.02720403022670026,-0.6031631919482388,-0.6386349786715417,-0.19354838709677413,0.48778359511343816
2018-06-30,-0.01954440120676837,-0.06398978433598179,-0.01909152021511573,-0.04015805177001852,-0.03431588209414871,0.21475184956843396,-1.152143505903724,-1.136076360682372,-0.9744525547445255,-0.9744525547445255,-12.021721641190668,-1.0335016007565312,-1.0158406437849283,-0.7167636660798862,0.1757119828049436,-0.1597370583401807,-0.2540284360189573,-0.3772455089820359,-0.03474141334386105,-0.14767932489451485,1.0825049701789262,0.026483570377636045,-0.01509661835748799,-0.35244519392917373,-0.06000000000000005,-0.024809384164222847
2018-09-30,-0.04609644428588422,-0.15183669344651607,-0.05793894773942154,-0.10123498277745102,-0.016856492027334857,-0.03988042596979435,0.014864784191988445,-1.1552146140528923,-0.14285714285714302,-0.14285714285714302,-1.656934306569343,-0.9542920847268673,4.453027139874739,-4.036194415718718,-0.6709323583180987,0.020731468805006648,-0.42566709021601024,-0.298076923076923,-0.018813905930470387,0.054455445544554504,0.7665871121718377,0.026278069756330735,0.03065603923973015,-0.49739583333333326,-0.02127659574468077,-0.05629397967161853
2018-12-31,-0.046313755434697956,-0.17985225783390923,-0.05784419687396081,0.031127313516545074,-0.021594068582020398,0.1279238800052862,0.09411764705882364,-0.3846153846153846,-0.5,-0.5,-3.65,78.26829268292683,0.8667687595712097,-0.7721389645776566,-0.46458333333333335,0.05250047901896915,-3.2389380530973453,-1.6027397260273974,-0.023759899958315844,0.07511737089201875,1.3939475817346665,0.025139664804469275,0.02617489589530031,0.0,0.021739130434782483,-0.20463960231980116
2019-03-31,-0.0009150476314973011,-0.007917483838163708,0.0016986917867150009,0.01813072250929193,-0.016766126740551335,-0.12899824253075576,0.27419354838709675,-3.9375,-4.333333333333334,-4.333333333333334,-0.024109014675052443,-1.0833846153846154,-0.8082444626743233,-0.6322869955156951,-0.31906614785992216,-0.0016384489350080855,-1.1600790513833992,-2.3636363636363633,-0.018787361229718247,0.02183406113537112,0.0,0.024977293369663922,-0.01565217391304341,-0.7150259067357514,0.06382978723404253,-0.02556089743589751
