Quarter end,Assets,Current Assets,Liabilities,Current Liabilities,Shareholders equity,Revenue,Earnings,Earnings available for common stockholders,EPS basic,EPS diluted,Cash from operating activities,Cash from investing activities,Cash from financing activities,Cash change during period,Cash at end of period,Price,ROE,ROA,Book value of equity per share,P/B ratio,P/E ratio,Cumulative dividends per share,Equity to assets ratio,Net margin,Asset turnover,Current ratio
1993-12-31,-0.048336254000653334,-0.1908818425619183,-0.06680150007075802,-0.27955989275103266,-0.022335004307168616,0.07435983450743588,5.021168753726894,5.021168753726894,4.857142857142856,4.857142857142856,1.0305860617879503,-0.6426279140175598,-0.5248881835233011,-0.851665027999829,-0.33212181443884436,-0.20923656927426948,-0.0033422459893047707,-0.3363636363636363,-0.012145748987854366,-0.19999999999999996,0.0691823899371069,inf,0.027209246327955627,0.052736318407960114,-0.030303030303030276,0.12308744868764787
1994-03-31,-0.048336254000653334,-0.1908818425619183,-0.06680150007075802,-0.27955989275103266,-0.022335004307168616,0.07435983450743588,5.021168753726894,5.021168753726894,4.857142857142856,4.857142857142856,1.0305860617879503,-0.6426279140175598,-0.5248881835233011,-0.851665027999829,-0.33212181443884436,-0.20923656927426948,-0.0033422459893047707,-0.3363636363636363,-0.012145748987854366,-0.19999999999999996,0.0691823899371069,inf,0.027209246327955627,0.052736318407960114,-0.030303030303030276,0.12308744868764787
1994-06-30,-0.012030284942579406,-0.028252049503755483,-0.03714228846919365,-0.21647583443697505,0.021722098960710756,0.07435983450743588,5.021168753726894,5.021168753726894,4.857142857142856,4.857142857142856,1.0305860617879503,-0.6426279140175598,-0.5248881835233011,-0.851665027999829,-0.07376387058373368,-0.20977353992848635,-0.0033422459893047707,-0.3363636363636363,0.0286885245901638,-0.19999999999999996,0.0691823899371069,inf,0.03422409751523681,0.052736318407960114,-0.030303030303030276,0.2401838622140997
1994-09-30,0.04054310506846104,0.18892477022146648,0.021453918453125942,0.16256579228892987,0.06472218874291902,0.10665070774354701,0.573904431790047,0.573904431790047,0.5853658536585367,0.5853658536585367,1.9030529720986658,0.24944933920704848,-0.8047373215912541,-3.5601344860710853,0.20388475779552628,0.0603318250377074,-0.0033422459893047707,-0.3363636363636363,0.06374501992031889,0.02941176470588225,0.0691823899371069,inf,0.023118766999093543,0.052736318407960114,-0.030303030303030276,0.022684647673484104
1994-12-31,0.005079348856551702,-0.18223641915782707,-0.018056073085176094,0.02485460836277964,0.033192680318206325,-0.2545590489715689,-0.39462010382255786,-0.39462010382255786,-0.3846153846153846,-0.3846153846153846,-0.8694153288992583,1.5016103332542294,10.833592534992224,-4.058346778732505,-0.5179484898358614,0.0014224751066855834,-0.0033422459893047707,-0.3363636363636363,0.033707865168539186,-0.05714285714285705,0.0691823899371069,inf,0.02813469206911834,0.052736318407960114,-0.030303030303030276,-0.20207842109859409
1995-03-31,-0.0008529453790609987,-0.2909765385087827,-0.01187162031751432,-0.06971168954773599,0.011872401436400004,0.0212211631266519,-0.7128676852718012,-0.7128676852718012,-0.7250000000000001,-0.7250000000000001,0.024933333333333252,-0.14688982246916926,-1.5756341174924433,-0.4294547774451588,-0.6130320726611214,-0.04971590909090906,-0.0033422459893047707,-0.3363636363636363,0.010869565217391353,-0.08333333333333337,0.0691823899371069,inf,0.012712777418659726,0.052736318407960114,-0.030303030303030276,-0.23782423114807916
1995-06-30,-0.012125146958184896,-0.05518904534870828,-0.014558462282078244,-0.07344921773205026,-0.009380880551987825,0.040226086419371754,-2.201266968325792,-2.201266968325792,-2.272727272727273,-2.272727272727273,1.0403278262000781,-0.8676589728519006,-0.01689497716894972,-1.343303801823499,0.5438596491228069,0.09715994020926755,-0.36485580147551977,-0.3363636363636363,-0.010752688172043112,0.08677685950413228,0.0691823899371069,inf,0.002765957446808631,-0.3270321361058601,-0.03125,0.019672601952900548
1995-09-30,0.11161053678638666,0.36049581927534113,0.1758043139751495,0.2632839925415891,0.03959188827055682,0.17746159373385506,-3.3911405755612476,-3.3911405755612476,-3.357142857142857,-3.357142857142857,3.5561718949247645,9.36694274396831,6.619484440315838,2.176385844033824,1.118954104148279,-0.12261580381471382,-0.33157338965153127,-0.3363636363636363,0.025362318840579823,-0.11406844106463876,0.35026737967914445,inf,-0.06492679821769576,-0.3047752808988764,-0.048387096774193616,0.07696099140966073
1995-12-31,0.02444254647343591,0.1469297536255323,-0.003295803743244452,-0.015205237726140797,0.05963948024827426,-0.025221781209495586,1.004221802142407,1.004221802142407,0.9696969696969697,0.9696969696969697,-0.7241215242306778,-0.9029143075480218,-0.9595086788887365,-0.7242018496973044,0.14564047026481042,-0.04813664596273304,0.3364928909952607,0.3287671232876712,0.053003533568904526,-0.06866952789699576,0.38732673267326745,inf,0.03449058316314968,0.303030303030303,0.016949152542372836,0.164628963713632
1996-03-31,0.04106075235021711,0.23866713044786225,0.019592245088680293,0.14557481369840075,0.06668400199812496,0.08290562913907285,0.08554720658974446,0.08554720658974446,0.07692307692307687,0.07692307692307687,3.015877041696257,0.6827668455575433,2.2006021829130598,4.25975975975976,0.6686512084496032,0.2740619902120718,0.5602836879432627,0.5592783505154639,0.06375838926174504,0.20737327188940102,-0.06137596345989149,inf,0.02456679096293035,0.5224806201550387,0.03333333333333344,0.08128894627519223
1996-06-30,0.009392667905737673,0.06384359382055949,-0.019582676711516145,-0.12698076248391998,0.042448775355717894,-0.08991228070175439,-0.40236909175162183,-0.40236909175162183,-0.41428571428571426,-0.41428571428571426,-0.6299561697128927,-0.22260807937632887,-0.025517403574788378,-0.6382148634503759,0.1449722191959908,0.380281690140845,0.293181818181818,0.3041322314049586,-0.11356466876971605,0.2977099236641221,-0.14841849148418496,inf,0.03275529865125226,0.3238289205702649,-0.016129032258064502,0.2185763979024975
1996-09-30,-0.07695436203854955,-0.29883036137873964,-0.5762697282671817,-0.013286672303944091,0.45878590022092447,0.041725070215502535,-2.7197964623212987,-2.7197964623212987,-2.4878048780487805,-2.4878048780487805,1.054000546149645,4.293736894885587,-19.014239169784,-6.5300593672503195,-0.7001960094008393,-0.0862708719851577,-0.5700058582308143,-0.49936628643852976,0.45907473309608515,0.03235294117647047,-0.32678571428571423,inf,0.5804311774461028,-0.5,0.0,-0.2893783818329002
1996-12-31,0.035352812530151434,0.15333116275283865,0.06359068067610774,0.6186787265815912,0.026552275088193023,0.041117152892915954,-1.6771584761045988,-1.6771584761045988,-1.6557377049180328,-1.6557377049180328,0.2715126134210788,-0.3512838617459142,-0.7290533479810295,-0.9890947634480931,-0.02546931780313244,0.01116751269035543,-0.25476839237057225,-0.1518987341772151,0.02682926829268295,-0.3076923076923076,0.8376657824933686,inf,-0.008525708289611633,-0.1646153846153846,0.016393442622950838,-0.28748725942802333
1997-03-31,-0.034743637632999924,-0.35577482929583426,-0.24786275838590932,-0.3685256144801883,0.03407295388655229,-0.04401912949194553,0.2546294369772377,0.2546294369772377,0.2749999999999999,0.2749999999999999,-0.8742027394395651,0.044758289309511756,-1.3384839794303798,8.993146417445482,-0.2611704552856119,-0.07831325301204828,-0.19561243144424134,-0.08358208955223878,0.03325415676959609,-0.10288065843621397,0.17782909930715918,inf,0.07130572827093529,-0.0865561694290976,0.0,0.020195220464490182
1997-06-30,0.04002574520294466,0.1908853756564488,0.053214439810153946,0.21864909062232818,0.03692819418448012,0.058668948546314326,0.09449419568822548,0.09449419568822548,0.0980392156862746,0.0980392156862746,5.272311688311689,0.035217888451276824,-2.2847856255934555,-1.127189974437309,0.04496065942300498,-0.013071895424836555,0.18409090909090908,0.32899022801302924,0.034482758620689724,-0.04587155963302758,0.25098039215686274,inf,-0.0029636947394418023,0.28427419354838723,0.032258064516129004,-0.022764764104255875
1997-09-30,0.004137077434826386,-0.019875812108319457,-0.04745322955073061,-0.13448949981949088,0.0164440969687214,-0.003280962288064626,-0.5619261189733022,-0.5619261189733022,-0.5535714285714286,-0.5535714285714286,-0.252604727435358,-0.24542843818266613,-0.8408754974417283,4.676470588235294,0.24423681268850306,0.05408388520971297,0.9097888675623802,0.9460784313725488,0.015555555555555545,0.019230769230769162,-0.12970219435736674,inf,0.012261580381471404,0.9419152276295133,0.0,0.1323430114787305
1997-12-31,0.07728989991125146,0.001865398039572197,0.2512364705039065,0.42834656823780337,0.038402987705501435,0.020230423370553696,1.3113586054233535,1.3113586054233535,1.48,1.2799999999999998,0.5268943507457724,1.9581679786611152,-0.1632725973561986,-3.105958549222798,-0.41338802908819694,0.05654450261780086,0.05929648241206009,0.0692695214105794,0.0393873085339167,0.04245283018867907,-0.47163439891940573,inf,-0.03609445735959882,0.08407437348423596,-0.015625,-0.2985986881335718
1998-03-31,0.3388828739664782,2.159376079535807,1.544249069930447,-0.2247782246955755,0.014184538798244661,-0.15411894739317544,-0.5133032053392392,-0.5133032053392392,-0.5483870967741935,-0.5087719298245613,-0.656448218303215,0.3054101605454145,-213.5414175918019,-17.514003362447205,11.637490608564988,-0.09415262636273536,-0.1470588235294118,-0.21908127208480566,0.01473684210526316,-0.13122171945701355,-0.175969322539412,inf,-0.24257425742574246,-0.10589112602535411,-0.12698412698412687,3.075664187035069
1998-06-30,0.01798629356301662,-0.1087338049233404,0.020106991818662268,0.12874657948043633,0.016553173512058095,0.030681634945258995,-0.11456155454433647,-0.11456155454433647,-0.1071428571428572,-0.1071428571428572,1.0210824284929654,-0.03566554913489561,-1.004992245445706,-1.171649777640933,-0.15806719364877564,-0.14770240700218829,-0.2091212458286985,-0.2684766214177978,0.014522821576763434,-0.1562499999999999,-0.029472595656670153,inf,-0.0013407072230602335,-0.16680567139282743,-0.10909090909090913,-0.21039319983312466
1998-09-30,-0.10311584766314053,-0.5757889549427038,-0.0083602530278164,-0.06762840896926492,-0.1673733999447058,0.04500310198796975,0.18424890617403977,0.18424890617403977,0.24,0.24,-0.3156970545811819,-0.13632075471698113,84.02776659959758,3.0133231107510703,-0.7534742874214093,-0.09242618741976893,0.06188466947960625,-0.028865979381443307,-0.07157464212678932,-0.1049382716049384,0.11614278103356424,inf,-0.07165631817419027,0.05205205205205199,-0.08163265306122447,-0.5450252616979825
1998-12-31,0.037669313596216725,0.01994000352920411,0.059783725890438344,-0.8179294788240618,0.019808618208235762,0.10963465440071851,-0.2755688482289468,-0.2755688482289468,0.0,0.0,1.0601496868794866,-0.25496085927544143,-0.9877421980747205,-0.9682229583358865,-0.09712246067069141,-0.07355021216407365,-0.23576158940397351,-0.29723991507431,-0.1409691629955947,-0.006896551724137945,-0.11312649164677813,inf,-0.017172812725958164,-0.26165556612749763,-0.04444444444444451,4.601974161707069
1999-03-31,0.4313133317623128,-0.022645136485966888,0.6265478809952398,7.042397715048779,0.26745134962219286,0.16945343903528354,-0.23702744272646326,-0.23702744272646326,-0.4516129032258064,-0.4516129032258064,-0.5451593291715476,0.5102423131745062,-25.86138996138996,0.8360934664246824,-0.19750841915174,0.2809160305343512,-0.13518197573656843,-0.18731117824773402,0.2615384615384615,0.4930555555555556,0.7368137782561899,inf,-0.11458524921831892,-0.18814432989690721,0.0,-0.8784722222222222
1999-06-30,0.05342526453854202,0.2389658156642147,0.07448944171466465,0.17458201692687325,0.030736984028549408,0.26929947049533154,1.5576657824933688,1.5576657824933688,1.2941176470588234,1.2352941176470589,1.3964595422833672,-0.1309189947147018,0.008355204919942238,-3.5792920244640762,0.6348127537289605,0.2252681764004767,0.14829659318637267,0.07434944237918217,0.13617886178861793,-0.027906976744186074,0.3700030988534242,inf,-0.021395928541753206,0.02063492063492056,0.04651162790697683,0.054797441364605515
1999-09-30,0.013709135260725924,0.04004508544803653,0.20902604095239852,-0.021903112692260862,-0.20559721750394488,0.25473265216573693,-0.477101136646478,-0.477101136646478,-0.46153846153846156,-0.44736842105263164,-0.052877878899182384,0.01986823461271947,-0.5499853686334304,-0.9944192953462192,0.0021670386904761862,0.15175097276264604,-0.082024432809773,-0.16608996539792387,-0.2128801431127012,0.014354066985646119,0.010631078941415906,inf,-0.21630227127998314,-0.2332814930015552,0.0888888888888888,0.06337174044875682
1999-12-31,0.018288857274693315,0.0299821412217236,0.009698241839198651,0.16460381630662124,0.03296900931109481,0.051339503166098366,2.167155890519635,2.167155890519635,2.380952380952381,2.1904761904761907,0.6671741690844848,-0.18722618854453998,-1.7583079503063075,58.09442060085837,0.1277829851605059,0.05405405405405417,0.4486692015209126,0.3360995850622406,0.19772727272727253,0.3396226415094339,0.16383169203222914,inf,0.01435536294691242,0.2535496957403651,0.061224489795918435,-0.1156734150746127
2000-03-31,-0.010025924180555701,-0.1819215821394301,-0.017701113615924968,-0.17170878003378265,0.0027944200586935697,0.052232422877344975,0.10978908872300996,0.10978908872300996,-0.45070422535211263,-0.4328358208955224,-0.38729409332138676,-0.21239987023681783,0.4188292638895157,-2.702520153969061,-0.19290334260463127,-0.1266025641025641,0.4658792650918633,0.38198757763975144,-0.3795066413662238,-0.27112676056338025,-0.41365384615384615,inf,0.012817089452603625,0.2362459546925566,0.1153846153846152,-0.01225279449699046
2000-06-30,2.927558227688777,2.0722476337122413,3.9991045369147145,5.619542282097062,1.1742701847627406,0.4161450712621253,-1.428710077869315,-1.428710077869315,-1.3333333333333333,-1.3421052631578947,2.0064681234005457,85.15575939039653,-170.79686356840665,-5.833546625714529,1.1552610114192494,0.33577981651376154,-0.47627573858549677,-0.6314606741573033,1.168195718654434,1.1497584541062804,-0.05444408002623813,0.0,-0.4463485367782758,-0.46073298429319365,-0.31034482758620685,-0.5359085963003265
2000-09-30,-0.0031327706742555472,0.0272530414235026,-0.010971417169980735,-0.5815036053861055,0.026356369740681895,0.739037678719201,-4.550121090870801,-4.550121090870801,-4.23076923076923,-4.23076923076923,0.4710402499368611,-0.9826009808013739,-1.0412188004879819,-1.0010237582518444,-0.0005487539500823591,0.2184065934065933,0.3658119658119656,0.20121951219512169,0.02538787023977429,-0.4382022471910113,0.7835587929240375,0.0,0.029523809523809508,0.2475728155339807,-0.050000000000000044,1.4546307151230948
2000-12-31,0.0031737354027423503,0.14173785392131388,-0.004164854853657807,0.8526772971332595,0.029777575875720164,-0.017237964781410375,0.008467915350506505,0.008467915350506505,0.0714285714285714,0.0,-0.3065917610140877,-1.417065618295763,0.09473143594731437,-144.93103448275863,0.07902608959066981,-0.10766629086809465,0.007509386733416834,-0.06598984771573602,0.028885832187070193,-0.1279999999999999,-0.38739789964994165,0.0,0.02636447733580005,-0.03307392996108949,-0.02631578947368418,-0.38370426974878213
2001-03-31,-0.007082238082253833,-0.034162263524893044,-0.018880514204954957,-0.12562226069469395,0.03427907045073453,-0.0022073510574480704,0.2336990088526809,0.2336990088526809,0.1777777777777778,0.23809523809523814,-0.002879452720578435,-2.3955503750253397,-0.45620575841238864,0.8815285098227121,0.13780004211117358,-0.1358180669614656,0.05714285714285716,0.01630434782608714,0.03342245989304815,-0.16055045871559637,-0.20317460317460312,0.0,0.04191077061739534,0.04426559356136828,-0.027027027027027084,0.10461872287662732
2001-06-30,-0.010145726783765463,-0.10098469282190559,-0.023217628781776134,-0.1580135900738857,0.03332517623988829,-0.01667216764359658,-0.08710992442844545,-0.08710992442844545,-0.09433962264150952,-0.09615384615384626,0.06651522745770655,0.5203362748302285,0.4713508066055383,-2.417075189405997,-0.17162332004533853,0.03508771929824572,0.43243243243243246,0.4866310160427805,0.03234152652005173,0.0,-0.08286852589641436,0.0,0.04368512110726641,0.33140655105973016,0.11111111111111116,0.06763013890837666
2001-09-30,-0.01136919731381747,-0.1079900413976782,-0.007079776922310987,-0.08152633045600688,-0.024853214360053832,-0.05589839456258394,-1.1874102316350248,-1.1874102316350248,-1.1875,-1.1914893617021276,-0.32629541162572107,0.19307066677813478,-0.2850523300764325,0.8291400844640129,-0.3789617715227165,-0.13347457627118653,-0.2887612797374898,-0.27338129496402874,-0.011278195488721887,-0.15846994535519132,-0.4174630755864466,0.0,-0.013675922088686177,-0.25904486251808967,0.0,-0.028781705874622032
2001-12-31,0.006419259234971442,0.07411392055873067,0.0049328477658303616,0.06478711093256262,0.011177036329395484,-0.09804016360338363,-2.6503866787431196,-2.6503866787431196,-2.666666666666667,-2.7777777777777777,0.203724680810214,0.13620028629488368,-1.0068658189630146,-1.9276029769361138,0.5660296762589927,0.028524857375713086,-0.21683967704728946,-0.20297029702970293,0.0025348542458809575,0.038961038961039085,0.4258016405667413,0.0,0.005042016806722671,-0.171875,-0.050000000000000044,0.008795669824086527
2002-03-31,-0.002901563742713331,-0.03613993688125727,-0.01863175013894902,-0.19462558142154052,0.047137451706695366,0.14024293559459822,2.4598108747044916,2.4598108747044916,2.466666666666667,2.1875,0.15921270894474926,-0.13798754217950182,-124.56342494714588,-0.9562828507500232,0.015801235578142503,0.2916006339144217,-0.027982326951399128,-0.006211180124223614,0.04045512010113783,0.28749999999999987,0.6082635983263598,0.0,0.050167224080267525,0.0,0.0,0.19678068410462757
2002-06-30,-0.004086946153734394,-0.029285036951121057,-0.016959822075607645,0.0029394490281080543,0.03429073946158456,0.01966527606400681,0.24304504856264342,0.24304504856264342,0.23076923076923084,0.23529411764705888,0.16783162259097195,-0.28106826381578276,0.5686323155760495,-0.7192610539067232,0.004367017943874174,0.14294478527607346,0.13181818181818183,0.15625,0.03645200486026723,0.09708737864077666,0.15414634146341477,0.0,0.03861464968152872,0.1533018867924527,0.0,-0.03216767540910104
2002-09-30,0.0010006517522773706,-0.1593034952795077,-0.003709536371548583,0.028682295922208834,0.01434723448072961,-0.028728771317520496,-0.31720245398773006,-0.31720245398773006,-0.3125,-0.31746031746031744,-0.29137915460654207,0.6540140174293798,-0.24688725396626288,-80.8284789644013,-0.34709662288930576,-0.11916264090177131,0.3975903614457832,0.43243243243243246,0.04337631887456039,-0.1504424778761061,-0.23584108199492815,0.0,0.013031812955154987,0.4274028629856852,0.0,-0.18274464389114076
2002-12-31,0.006741777409218885,0.16277193797883838,0.021418436501162486,0.016665017559601703,-0.0341050528004907,-0.053081751553433754,-0.4387004025301897,-0.4387004025301897,-0.4545454545454546,-0.41860465116279066,-0.03087555560481947,-0.2549486441187846,-0.8830834962705482,-1.9734327914487642,0.5174965337394666,0.04570383912248621,0.04022988505747116,0.05660377358490565,-0.01573033707865179,0.005208333333333259,-0.26843657817109146,0.0,-0.04048429814604615,0.03868194842406858,0.026315789473684292,0.14368711917245292
2003-03-31,-0.007010861985999983,-0.12792652912902003,-0.007979883790527054,-0.04021902014217382,-0.004158934351896848,0.06714938817450644,0.30629546153058085,0.30629546153058085,0.41666666666666674,0.32000000000000006,-0.15559037646614782,-0.037285280850916536,5.39857541034376,-1.5427916984799057,-0.18510277701506384,-0.14743589743589736,-0.10773480662983426,-0.1071428571428571,-0.0022831050228310223,-0.13471502590673579,-0.18951612903225812,0.0,0.0027602523659306932,-0.10482758620689647,0.0,-0.09131458307520757
2003-06-30,-0.0019331176754349144,0.2599410563639051,-0.007217412813540047,0.03988881804581457,0.013559416583994954,-0.03580088655778768,0.053859576887633986,0.053859576887633986,0.0588235294117645,0.06060606060606055,0.515576745950046,0.7732441792189428,0.015488117709694604,-0.25575447570332477,-0.24056839439041677,0.05741626794258381,-0.18163054695562442,-0.18399999999999994,0.027459954233409745,0.05988023952095811,0.17350746268656736,0.0,0.01572945340149401,-0.17257318952234213,-0.02564102564102566,0.2116171257158439
2003-09-30,0.013493102745118613,0.11530950795323514,0.02601871788533039,0.07306272766982325,-0.02247681140987967,0.004364973044946652,-0.12169302325581399,-0.12169302325581399,-0.11111111111111105,-0.11428571428571421,-0.2722893504450721,-0.0069874779529527364,-1.0522949335112721,-1.7931958762886597,0.176570484379303,0.1415643180349062,-0.09457755359394693,-0.10784313725490202,0.010022271714922093,0.11299435028248594,0.3762586115527291,0.0,-0.03561749903213318,-0.10055865921787699,0.0,0.03938780103533657
2003-12-31,0.014979647732819013,0.02118330514014599,0.031915601220892986,-0.047620292463834146,-0.036068290422609506,-0.07856150437783249,0.9431676163443412,0.9431676163443412,0.96875,1.032258064516129,0.03577525330058329,0.20666235666405797,5.833576376230405,0.05021228663027477,0.1576076355928897,0.022650056625141524,0.2924791086350973,0.27472527472527464,-0.02094818081587646,0.010152284263959421,0.12167886022333452,0.0,-0.05018065034122832,0.28985507246376807,-0.02631578947368418,0.0722174101342572
2004-03-31,-0.005909683828973944,-0.1485769269859204,-0.017178123763900932,0.009969165776757105,0.030450850663117812,0.1694697975758228,0.1538453153104049,0.1538453153104049,0.17460317460317465,0.1428571428571428,0.15462780715691626,-1.2059521862469194,-6.425084691509509,-0.24235798853182622,0.10315253837469873,0.14784053156146193,0.22952586206896552,0.2155172413793105,0.03490990990990972,0.170854271356784,-0.121524201853759,0.0,0.036348267117497945,0.2118780096308186,0.0,-0.15702312430576593
2004-06-30,0.005428022323750392,-0.03322657257664452,0.01983616401021715,0.02003918797545179,-0.03891466075105399,0.005709672216616779,-0.010685133398836033,-0.010685133398836033,0.013513513513513598,0.0,0.031531439016625695,-4.9275151979845555,-0.6689956288935545,-1.5782424044429924,-0.054069740801270805,0.09503135552339592,0.19193689745836995,0.16312056737588665,-0.016322089227421177,0.06008583690987135,-0.11723329425556861,0.0,-0.0440456769983687,0.14569536423841045,0.027027027027026973,-0.0522280785816962
2004-09-30,0.018181821578952873,0.15326246786920938,0.008856396466666805,-0.005946686628519271,0.04863629480261733,-0.033685928066944815,0.21165617807996795,0.21165617807996795,0.2266666666666668,0.23611111111111116,0.061453765324864795,-0.5318947184939864,-1.1994800950683304,-16.022222222222222,0.9141302417206245,-0.011453744493391982,0.22720588235294104,0.2195121951219512,0.04092920353982321,0.004048582995951344,-0.1651173085436034,0.0,0.029863481228668887,0.21387283236994215,0.0,0.16026289180990894
2004-12-31,0.0198368999241203,0.14043501051861718,0.009178168103930462,0.18442518854908152,0.053325150063559645,0.02542560951605366,-0.40979342848811096,-0.40979342848811096,-0.40217391304347827,-0.4044943820224719,0.03329503622593721,1.587327593911049,-6.115794176781592,-1.1382948049343096,0.2235344400953796,0.3663101604278074,-0.061114439784301866,-0.050000000000000044,0.02763018065887346,0.314516129032258,0.09862142099681859,0.0,0.033140016570008424,-0.07333333333333336,0.026315789473684292,-0.03714596949891058
2005-03-31,0.0014636938868985983,-0.012891946130343501,-0.028145014128060475,-0.12898056740630426,0.09059120310105273,0.13304013090603872,0.483307961434714,0.483307961434714,0.4363636363636363,0.4150943396226414,-0.24135787061199487,-0.14645842448246482,-0.151703056768559,0.7849793772379097,-0.0905067014763472,0.2116764514024787,-0.02552648372686661,0.0026315789473685403,0.08996897621509814,0.17791411042944794,0.25386100386100385,0.0,0.08901363271852447,-0.019527235354573458,0.025641025641025772,0.13327299468265652
2005-06-30,0.8422483164137731,0.2872553814838419,1.1373369581705721,0.8721912788295232,0.05068750918024234,0.4250528387597736,0.2708792841131087,0.2708792841131087,-0.379746835443038,-0.36,1.7025238838738237,30.94774292323983,-72.99600192182298,1.2662891676400387,-0.22552596867687857,0.016958277254374154,0.024885396201702603,-0.11286089238845154,0.04554079696394697,-0.06770833333333326,0.0065434949961509226,0.0,-0.4296759941089838,-0.0513626834381552,-0.07500000000000007,-0.3124688030348408
2005-09-30,-0.007639095969763865,-0.17610185396632883,-0.013029842415736237,-0.16175014835461843,0.02177666723131577,0.053781682047791435,-0.3397228833730024,-0.3397228833730024,-0.3265306122448979,-0.35416666666666663,-0.6032357745892749,-0.9629946064808365,-1.0107271991902347,-0.5400275627163842,-0.13394345747891478,0.138697723663314,-0.12076677316293927,-0.21301775147928992,0.034482758620689724,0.0893854748603351,0.05124282982791595,0.0,0.02969657843770168,-0.1977900552486188,0.0,-0.017133730216349674
2005-12-31,0.01717236537481659,0.18624026832350227,0.021021134084928006,0.2097548669880449,-0.0031138517251909636,-0.030200586978630595,0.049232914923291515,0.049232914923291515,0.030303030303030276,0.06451612903225823,1.1458466997316492,0.3832571725227769,-0.3407985069652736,-3.7401407936082625,0.4237874940665005,-0.06973500697350066,0.015988372093023395,-0.08270676691729317,-0.0035087719298246833,-0.10000000000000009,0.01818843215714816,0.0,-0.02006269592476495,-0.057851239669421406,-0.027027027027027084,-0.01935293248633474
2006-03-31,0.006990002618430857,-0.10535616636052236,-0.0003443014305486436,-0.09130973668159381,0.04658381637255671,0.07122356844334021,0.47278602030695605,0.47278602030695605,0.5,0.48484848484848486,-0.6366489179154924,0.46777087191246647,-5.557869902258173,-1.7191597550026225,-0.21405645974286447,-0.0169915042478761,0.045064377682403345,-0.05327868852459028,0.04401408450704225,-0.014245014245014231,-0.060021436227224,0.0,0.03902751119641712,-0.02777777777777779,-0.02777777777777779,-0.015516721904187958
2006-06-30,0.010916801480936433,-0.005934581336575651,0.0084734311719874,0.044512986151499456,0.023515745587271875,-0.006041948690813537,0.016363850954963066,0.016363850954963066,0.0,0.020408163265306145,0.9913133698257666,-0.1787679200642902,-0.9118034193090393,-0.9747586496742853,-0.006874633880296521,0.07117437722419928,-0.010951403148528494,0.0043290043290042934,0.031197301854974713,0.026011560693641522,-0.0053211706575445605,0.0,0.012931034482758674,-0.009022556390977488,0.0,-0.0483550114766641
2006-09-30,0.027190074251387975,0.10671835966003607,0.028224154501348853,0.06703521686652691,0.021936328722312215,0.018633417292252652,0.0674071341721656,0.0674071341721656,0.07843137254901977,0.08000000000000007,0.28728044959323884,0.940153627700888,20.59117967636455,-24.860920666013712,0.16517058089710912,-0.1044138585666825,0.10588235294117654,0.11206896551724155,0.030253475061324586,-0.12957746478873244,-0.11539931218953015,0.0,-0.00547112462006083,0.11684370257966603,0.0,0.03730503296349896
2006-12-31,0.0231761270709554,0.5109238299387651,0.010688724511465963,0.06044695641878928,0.08700995168310022,-0.1964852324557368,0.2899553314305461,0.2899553314305461,0.30909090909090886,0.2777777777777777,0.2998255383885331,-0.22891194432834427,-0.5909140331937961,1.745382152532633,0.31778561370433733,0.30895601483836765,0.13954943679599507,0.17441860465116288,0.07539682539682557,0.26860841423948223,0.14730021598272147,0.0,0.06234718826405872,0.22690217391304368,-0.05714285714285705,0.4247403503332816
2007-03-31,0.01858243372982815,-0.052769068975693,0.018007738995836853,-0.007977671257812013,0.021313925345540552,0.26250028627234157,-0.16568851670131124,-0.16568851670131124,-0.18055555555555558,-0.17391304347826086,-0.4496795918016734,0.24316560583848124,0.39054742897282324,-2.038956087496075,-0.3068304249531951,0.3327935222672065,-0.0010982976386600951,0.01650165016501659,0.022878228782287735,0.23979591836734704,0.11671686746987953,0.0,0.0028768699654775354,0.029900332225913484,0.0,-0.045152866935045166
2007-06-30,0.041688608478967826,-0.3156419032644535,0.02904010706226212,0.11673737210633717,0.1016116093252668,0.0036181576471869814,1.1416755365011029,1.1416755365011029,1.152542372881356,1.1403508771929824,0.6459377195036291,0.44499758995360206,1.383507406648918,-0.8607107650906265,-0.06165616131631668,0.12818955042527325,0.24463991203958213,0.28246753246753253,0.09884559884559896,0.10288065843621408,0.08900876601483465,0.0,0.05737234652897283,0.30645161290322576,-0.030303030303030276,-0.38719234275296277
2007-09-30,0.03442991371541204,0.1553766561771206,0.029132350227423887,-0.06576087789980567,0.057874061380334796,-0.0203189810453952,-0.48951334362471266,-0.48951334362471266,-0.4881889763779528,-0.4918032786885246,-0.9541475812493481,-0.19877011611326134,0.7960132890365448,-1.8779832627337534,0.05769002304749682,0.039849219170705386,-0.03312720848056527,0.0,0.004596191726854881,-0.05410447761194026,-0.2080495356037152,0.0,0.022788931090613085,0.031275720164609,0.0,0.23670509483079227
2007-12-31,-0.06498174554044889,0.03603969681771435,-0.15505220943147635,0.011104825164371057,0.32279158714832223,0.01668151412441299,3.7438092492779953,3.7438092492779953,3.5538461538461537,3.596774193548387,14.358221302998967,-4.4443905942623605,-4.768614374832561,4.92992468816192,0.32343832736958644,0.17167270844122218,0.5312928277752398,0.7240506329113923,0.3483660130718953,0.16765285996055224,0.14112587959343248,0.0,0.4148541114058355,0.6440542697525937,0.03125,0.024657946173507694
2008-03-31,0.007400357431900373,-0.07387445485993538,0.06798938956138612,-0.26483877944229883,-0.15921997827644752,-0.023374618139736514,-0.8643149421412938,-0.8643149421412938,-0.8614864864864865,-0.8596491228070176,-1.4185531330379628,-1.2185183083542896,-1.2167802163346497,-1.8398571215954755,-0.20525473459589227,-0.21447513812154695,-0.08741050119331739,-0.03524229074889862,-0.11391177896267557,-0.4172297297297297,-0.5368276807125728,0.0,-0.16535433070866146,-0.02572815533980577,0.0,0.25972120322817327
2008-06-30,0.010273988607294893,-0.13479704746200238,0.013743415017426042,0.015251714812334782,-0.0018452747973887185,0.006416324199034484,-0.044319199634968665,-0.044319199634968665,0.0,0.0,-4.062490950917779,0.14439349412241587,-0.7835951849748103,-0.4039104495244846,-0.1456925353552304,-0.32550288366858915,-0.19156587119973856,-0.1582952815829527,0.006564551422319376,-0.24057971014492752,-0.3032544378698224,0.0,-0.01212938005390829,-0.1564524165421025,0.0,-0.14781595806639491
2008-09-30,0.011223715108193533,-0.030376260457135706,0.011165102670044114,-0.08914742231761852,0.011431655333969726,-0.058124648220543196,-0.45820107691355516,-0.45820107691355516,-0.46341463414634143,-0.45000000000000007,-0.35832797089839385,-0.03807341649786555,1.229743747012186,-0.4072459172348185,-0.1068161931463062,-0.37288842544317,-0.11888394662353408,-0.08499095840867998,0.011413043478260887,-0.37786259541984735,-0.2526539278131634,0.0,0.0,-0.08151210868281167,0.0,0.06465281574630954
2008-12-31,-0.004959743022961871,0.6787230128382018,0.057770005351231335,1.5608214890341618,-0.2274483619271993,-0.07933046247866882,-19.734472404451843,-19.734472404451843,-19.90909090909091,-19.90909090909091,0.03276615078569178,-0.14790763683786579,0.018171153496086223,-2.99648923364986,0.18216460671686252,-0.4063851014299966,-1.8136759981642956,-1.7292490118577075,-0.22783449758194518,-0.41104294478527603,-0.3451704545454545,0.0,-0.22328331059572537,0.0,-0.06060606060606066,-0.34446013608935677
2009-03-31,0.0243583208491136,0.36387676692563087,0.023374077834319662,4.333796047127533,0.029138017407075,-0.08825987721761386,-1.0916358815377205,-1.0916358815377205,-1.0913461538461537,-1.0913461538461537,-0.4678691461365294,-1.1040405313550814,2.4775742261528744,16.918591214349114,3.6190046136569656,-0.4761904761904763,0.07106598984771573,0.005420054200542035,0.029227557411273475,-0.32291666666666663,0.0,0.0,0.004683840749414525,0.0,-0.06451612903225812,-0.7442224833529182
2009-06-30,-0.06005138319081871,-0.4857054308649439,-0.12082576280474733,-0.9230751699268341,0.23342915666503505,-0.0030958203089815894,-3.020694113061911,-3.020694113061911,-2.5789473684210527,-2.5789473684210527,0.8900665112503072,-4.213001622498648,-2.210414774447472,-1.891851576307764,-0.698768509520856,-0.12513368983957218,0.37809373354397025,0.3854447439353099,-0.22650439486139284,-0.15384615384615385,0.0,0.0,0.31177156177156173,0.0,-0.0344827586206895,5.683767228177642
2009-09-30,-0.030495595143669618,0.5106805416062195,0.003822805592515355,-0.06074218258532538,-0.1486218837525991,0.02614722033523975,2.529991767611431,2.529991767611431,1.8333333333333335,1.8333333333333335,-0.48658606747948896,0.15801805805239666,-1.4977366041511322,-1.508930283738112,1.1805686558601307,0.19682151589242047,0.7615590370653422,0.7101167315175099,-0.14947552447552437,0.5636363636363635,0.0,0.0,-0.12172367836517106,0.0,-0.0357142857142857,0.6083171039065185
2009-12-31,0.0364388297601812,0.8796963923507124,0.06978220539994018,1.0599267670242472,-0.09888169031857608,-0.052704009788530404,-0.42174181889902296,-0.42174181889902296,-0.42352941176470593,-0.42352941176470593,-0.4658100961722965,-0.6745799174370604,1.172402088228211,1.3870177952943985,1.2923410517397071,0.08580183861082746,-0.3522776572668114,-0.35039817974971565,-0.09866392600205554,0.2674418604651163,0.0,0.0,-0.1305007587253414,0.0,-0.03703703703703709,-0.08754184770995088
2010-03-31,-0.06698165617959861,-0.41681695863207513,-0.07607410384229152,-0.5108954896394153,-0.0231741573033708,0.0034260156869656555,-0.7770523462958439,-0.7770523462958439,-0.7755102040816326,-0.7755102040816326,-1.6452627949078997,4.650163483356859,-2.095050751229936,-2.3937166207879974,-0.7857282851386072,0.043273753527751646,0.17749497655726731,0.19439579684763575,-0.022805017103762704,0.15596330275229353,0.0,0.0,0.04712041884816753,0.0,0.03846153846153855,0.19242779078844663
2010-06-30,-0.04866067206497815,0.006292854134493986,-0.0052687405338563975,0.025009649777411713,-0.24640162846513036,0.05510048085895902,8.132384407851893,8.132384407851893,8.090909090909092,8.090909090909092,-9.790064352356989,-0.8420410202571513,-1.181605561520857,-1.3544280214406852,1.2996774757312402,0.1839495040577097,0.664391353811149,0.4897360703812317,-0.2462077012835473,0.2142857142857142,0.0,0.0,-0.20833333333333337,0.0,0.03703703703703698,-0.018265139116202977
2010-09-30,-0.04258526571569787,-0.28078535410467664,-0.031647548669831216,0.10374171434500967,-0.10837833493263627,0.013012983719138171,-0.640068321040979,-0.640068321040979,-0.64,-0.64,-0.9225997015855485,0.0957719410634208,-2.914972346589413,-1.8041112708056464,-0.45444864233207793,-0.2201066260472201,-0.0921052631578948,-0.1751968503937008,-0.1842105263157895,0.03921568627450989,0.0,0.0,-0.06807017543859639,0.0,0.03571428571428559,-0.3484262469991998
2010-12-31,-0.009161976993340204,0.12945675864621453,-0.03817190659364267,-0.055146604476112526,0.18035712106617496,-0.05858875717802792,-0.5622863540163087,-0.5622863540163087,-0.5694444444444444,-0.5694444444444444,3.04582051449892,2.017337766734873,-0.9719164093712824,-0.8831732366744779,-0.09731762781837228,0.259765625,-0.11067193675889331,-0.13245823389021483,0.16508538899430736,0.5408805031446542,0.0,0.0,0.1905120481927709,0.0,0.034482758620689724,0.19537406611401087
2011-03-31,-0.010584648683656384,-0.061302034493300184,-0.007599874706343046,-0.05920378488245659,-0.026473839812308997,0.026262904542357912,-0.35432397675103633,-0.35432397675103633,-0.4193548387096775,-0.4193548387096775,-0.806028345845198,-0.33071562210502736,-2.540156709108717,0.25832357369918024,-0.13565908562541584,0.12790697674418605,0.07111111111111112,0.024759284731774356,-0.027687296416938123,-0.032653061224489854,0.0,0.0,-0.015812776723592714,0.0,0.06666666666666665,-0.0022260273972601885
2011-06-30,0.45072940807231254,0.31240161269193534,0.08394124758454025,0.35190286922998193,1.1807117933160272,0.20002671177989484,-39.396045442912616,-39.396045442912616,-40.111111111111114,-35.55555555555556,10.383142880974226,-4.000651365606087,-7.046793852676205,-8.246746147823131,1.1368106196742218,-0.052233676975945165,-2.5481130211420666,-2.8536912751677854,1.1825795644891124,-0.025316455696202556,0.0,0.0,0.5032133676092545,1.9472668810289386,-0.0625,-0.029174532349407922
2011-09-30,0.02339905034466616,0.5177813838329763,0.043125305603964215,0.2714922477563446,-0.018378532579540474,0.23676940838379057,-1.0358728150390748,-1.0358728150390748,-1.0355113636363635,-1.040192926045016,-0.3254428547875946,-1.2872290711311705,-8.0533640658002,0.8216645430915857,0.9696371234210077,-0.09137055837563446,-0.14664964901084876,-0.03330919623461259,-0.019186492709132752,-0.5844155844155845,-0.4577006507592192,0.0,-0.04061564771269777,-0.03578442068514065,0.0,0.1936538801484886
2011-12-31,-0.003114455475802358,0.03340170702772083,-0.0015276848280624256,-0.13426124632631498,-0.025969233408483117,0.031876528650999436,25.395085066162572,25.395085066162572,-0.040000000000000036,-0.040000000000000036,0.054144918720161694,0.5449831529668623,-0.9970862688087871,-0.9431629460188994,0.02798044211831141,-0.20909816440542695,-1.0083757104397248,-1.0089887640449438,-0.025821596244131495,-0.1874999999999999,-0.276,0.0,-0.02317290552584661,0.0,0.03333333333333344,0.19370603480192528
2012-03-31,-0.013514523877814932,-0.0778758639324213,0.0008800577318766045,0.08460915057853091,-0.03420164828249961,-0.007460996378839457,-0.9377760271192914,-0.933507725851778,0.8333333333333335,0.8333333333333335,0.5029110806549675,-0.253062389173104,-177.0861407249467,-5.548731983933212,-0.12381123878766054,0.2885973763874874,3.5892857142857144,3.333333333333334,-0.0345381526104418,0.3205128205128205,0.27071823204419876,0.0,-0.020985401459853947,0.0,0.0,-0.1498046026921407
2012-06-30,-0.004673793185126174,0.03228620988658193,-0.0027370148917365,0.01955044079250179,-0.025963156344907756,0.015813585476418313,-0.28456964098629167,-0.3304948608304603,-0.31818181818181823,-0.31818181818181823,-0.2438582898516939,0.04612473963307595,-0.9777391371736066,-1.4200007791499474,0.059348874421062625,-0.050117462803445534,23.404669260700388,25.096153846153843,-0.025790349417637137,-0.01941747572815533,-0.004347826086956386,0.0,-0.021435228331780132,0.0,0.06451612903225823,0.012476287757186455
2012-09-30,0.020847039328895756,0.2503905816688248,0.040057418151712154,0.05000041464011318,-0.030129493161199727,-0.0296015302752215,0.24548992107361878,0.24548992107361878,0.2333333333333334,0.2333333333333334,0.7002294139516327,-0.143967585991027,-48.259791122715406,6.330159024621505,0.4106642277563468,-0.1508656224237428,0.0457589285714286,0.015475313190862261,-0.03074295473953892,-0.12871287128712872,0.0,0.0,-0.04999999999999993,0.0,0.0,0.19081934135620093
2012-12-31,-0.05557123131707431,-0.25112633097926196,-0.02139066236529441,-0.04945223100973717,-0.21387794938837834,0.017531434896482345,5.832522811452923,5.755540712854454,5.783783783783783,5.783783783783783,-0.9410969424489208,0.2494159709102728,-2.8398593961492775,-2.2649071056383376,-0.36823227632749245,0.022330097087378542,-0.499161457539259,-0.5283018867924528,-0.2140969162995594,0.05681818181818188,0.0,0.0,-0.1674185463659148,0.0,0.030303030303030276,-0.2121633888048412
2013-03-31,-0.008631016219374121,-0.02706203043207034,0.0005558453698615295,-0.02839685491446875,0.0016742457075262784,0.025119513482393385,-1.0052885302878638,-1.0053487952137026,-1.00398406374502,-1.00398406374502,7.812350038480691,-0.15766197870091858,-0.8091702668853697,-0.9301150447396209,-0.04073316061001264,0.2108262108262109,-0.060882800608828,-0.10769230769230764,0.0022421524663676085,0.5376344086021503,0.0,0.0,0.010234798314268545,0.0,0.0,0.001382594669329551
2013-06-30,-0.012884282117566426,-0.09388355823215788,-0.01726459598232466,0.12141071989772256,-0.019162757894895743,0.05489322950766695,-15.200733272227314,-15.200733272227314,-20.0,-20.0,1.7505240013151404,0.3183002625077209,2.9435360144766003,2.2123043644229545,-0.13640345337851212,0.08549019607843134,0.04084278768233385,-0.018965517241379404,-0.020134228187919434,0.08391608391608396,0.0,0.0,-0.006555423122765247,0.0,0.02941176470588225,-0.19199202270461013
2013-09-30,-0.0024609930349099862,0.03337872810192555,-0.00186437470287526,0.030180931164942804,-0.0062260713941816315,-0.007346252818622778,-0.657275328643043,-0.657275328643043,-0.631578947368421,-0.631578947368421,-0.3169762759475987,-0.03995695366662522,-0.7707572704480312,-1.478946742983898,0.07564873896610003,0.27456647398843925,-0.03301152289006537,-0.08084358523725832,-0.006849315068493178,0.29677419354838697,0.0,0.0,-0.003599280143971151,0.0,0.05714285714285716,0.0031327131194229807
2013-12-31,0.01759043230138868,0.1906397287233228,0.02259452623153968,0.024917301651190993,-0.00731473220098644,0.020371598153011927,0.20327066135158045,0.20327066135158045,0.0,0.0,-0.41292333775413936,0.43957937760696675,-3.9167561138348175,3.4274371963196524,0.31137492065961747,0.191609977324263,-0.8824476650563607,-0.8852772466539197,-0.008045977011494121,0.20398009950248763,0.0,0.0,-0.02408187838651421,0.0,0.027027027027026973,0.16172991388284297
2014-03-31,-0.02908734656610057,-0.27535421827810813,-0.038756017281906696,-0.025171893281717206,0.026496160999097462,0.046627563998753896,-3.8214425459762618,-3.8214425459762618,-4.142857142857142,-3.9999999999999996,0.3544815572147877,0.13393013216092386,-2.901385967267899,-2.608656769390986,-0.38196198969988393,0.22597526165556614,-0.6493150684931506,-0.65,0.025492468134414636,0.23553719008264484,0.0,0.0,0.05675508945095631,0.0,0.026315789473684292,-0.2566797002280874
2014-06-30,0.008741136194652332,0.09930073123823346,0.005871337538409627,0.1855707911411748,0.02625061330249956,-0.01876712193363894,-0.024186390532544344,-0.024186390532544344,0.0,0.0,0.7635413263639335,-0.12135339540054846,-0.9021404808235516,-1.3634620492849088,0.2246280733734265,-0.040357004268529284,-3.59375,-3.666666666666667,0.025988700564971712,-0.06688963210702348,0.0,0.0,0.017513134851138368,-0.9680923285811269,0.025641025641025772,-0.07276712328767121
2014-09-30,-0.004841840017303145,-0.08090143861811416,-0.0045899854090362124,0.3159758404821904,-0.008176917746000267,-0.03720448363116624,-1.1920526036534527,-1.1920526036534527,-1.1818181818181819,-1.1904761904761905,-0.5725865736922053,0.004263893540892516,0.06316816335257647,-1.2011293884609087,-0.037878982109487924,-0.007682976142337261,0.06927710843373491,0.08928571428571441,-0.008810572687224627,-0.032258064516129004,37.2707423580786,0.0,-0.0034423407917384408,0.07801418439716312,0.0,-0.30161919394870584
2014-12-31,0.0492769982465755,0.5203783718899058,0.08686040051624366,0.011459602755931941,-0.07463237888770857,-0.04002443453881621,15.936704489393193,15.936704489393193,16.75,16.75,-0.507933756102012,3.9398177804365435,-16.424477431843037,-8.94805710541469,0.3047660814038389,-0.15973920130399344,-1.9746478873239437,-1.9508196721311473,-0.07444444444444442,-0.1518518518518519,-0.24098585120949345,0.0,-0.11801957397812313,0.0,-0.025000000000000022,0.5033000507700118
2015-03-31,0.0035927707323104574,-0.02330666367156009,0.003731472981068684,-0.44371985885839627,0.044537936115545795,-0.022343731791380272,-1.4947466844544388,-1.4947466844544388,-1.4929577464788732,-1.4647887323943662,0.6285417593828808,-1.1251713380280934,-0.8458036305082646,0.20368334798944754,0.2811552679412854,0.020368574199805867,-0.40751445086705196,-0.4137931034482758,-0.08883553421368551,0.10480349344978146,0.0,0.0,0.041122715404699806,0.0,-0.05128205128205132,0.7557131599684792
2015-06-30,0.01310299809537474,0.10499028108909969,-0.06151108161057073,0.47212385949494684,0.3639244224006919,0.022678158889035682,-0.42620547541948783,-0.42620547541948783,-0.48571428571428565,-0.48484848484848486,0.5463939242120606,-3.514413897617233,-0.12993663560983604,-0.6953115271263127,0.06686525152183864,-0.04610266159695808,0.009756097560975618,0.05882352941176472,0.36363636363636354,0.04347826086956541,0.0,0.0,0.34608150470219434,0.0,-0.027027027027027084,-0.2494229289561426
2015-09-30,-0.017286487636073433,-0.20959393600655274,-0.0296204473379732,-0.30025136206708125,0.012531120189560818,-0.04373714695394604,-0.31843134035850973,-0.31843134035850973,-0.33333333333333337,-0.2941176470588236,0.0695454327905427,-0.23325705879949332,-4.595021744940354,-4.641190695139811,-0.22820982436367054,-0.013452914798206206,-0.9082125603864735,-0.8888888888888888,0.011594202898550732,-0.2765151515151516,0.0,0.0,0.030274802049371274,0.0,-0.02777777777777779,0.1295916623953528
2015-12-31,-0.05491279584693798,-0.06719852347194755,0.0005137207075385231,0.14598933356547206,-0.1323986942414176,-0.03899613120918133,-12.764456153556642,-12.764456153556642,-12.666666666666666,-12.666666666666666,-0.07990058896220797,0.7453391599385364,-0.9664318177978273,-0.742803692860283,-0.07605010523870237,0.07575757575757569,43.631578947368425,41.24999999999999,-0.13467048710601714,0.0628272251308899,0.0,0.0,-0.08227848101265822,0.0,0.0,-0.18603947666943965
2016-03-31,0.01118818197515803,-0.0029496639126783686,0.010406087282175625,-0.06686473475067145,0.015619753953523219,0.008126839465607771,-1.0854803993581197,-1.0854803993581197,-1.0857142857142856,-1.0857142857142856,-0.15975742520548153,0.09419473034694215,-11.114858063217234,-0.9606715012037852,-0.0032371197716354327,-0.08122065727699534,0.17806603773584917,0.24852071005917176,0.015452538631346435,0.06403940886699533,0.0,0.0,0.004433497536945774,0.0,0.0,0.06847533215646173
2016-06-30,0.041250070105489645,0.32983364728494324,-0.034614033903266894,-0.08166025079597816,0.06397835804118501,0.027069909480351484,6.101199119747301,6.101199119747301,6.0,5.916666666666667,0.7322214108888849,-0.9948793555708518,1.247599048576348,-156.04901054189014,0.5035422441520687,0.17220235053653554,-0.6796796796796797,-0.6824644549763033,0.06304347826086953,0.1527777777777779,0.0,0.0,0.02206964198136352,0.0,-0.02857142857142847,0.4481739130434783
2016-09-30,0.04355074031825246,-0.30667010667899897,0.04499638632570124,0.11099089102550397,0.11897722220013085,0.10822330185212437,0.1291569780311288,0.1291569780311288,0.11904761904761907,0.12048192771084354,0.11903097288266284,524.6780199818347,-1.7415216900385668,-2.260925627721119,-0.42228897974836765,0.0640802092414996,-2.675,-2.6865671641791042,0.10429447852760743,0.00401606425702794,0.0,0.0,0.0724568138195778,1.1118421052631575,0.02941176470588225,-0.37594571874624716
2016-12-31,0.016892624750381557,0.006881935450073762,0.020710930194774102,0.07640257481924406,0.004740720591468239,-0.021587482083324172,-0.9539430079963556,-0.953995283961174,-0.9574468085106382,-0.956989247311828,0.11394734001134688,-0.4069896323505908,-1.6022416490511506,-1.0004001524931014,0.00029249915984275177,0.14461286358049974,2.5522388059701493,2.610619469026549,0.002777777777777768,0.03600000000000003,-0.12492483463619952,0.0,-0.012080536912751683,2.629283489096574,0.0,-0.06456268642355423
2017-03-31,0.004606879399755126,-0.025506517574779508,-0.0023826092226657547,-0.07353948533653443,0.025130301695449386,0.10051893271348566,7.3848960233491425,7.39328761008076,8.0,8.0,-0.16399466355442738,-0.32120448403709023,-0.9481136284765257,-121.89125295508275,-0.03535025000328362,-0.013600572655690812,0.07247899159663862,0.09803921568627438,0.024007386888273308,-0.019305019305019266,-0.7534787837141385,2.1999999999999997,0.020380434782608647,0.07038626609442056,0.028571428571428692,0.05184118494137002
2017-06-30,0.008473950478626202,0.14378902370210955,0.008173094394388514,0.2611132342227185,0.021157861803388744,-0.024533828820029968,0.018197024854119226,0.018199488441584144,0.0277777777777779,0.0,0.3163417070553849,-0.7278049743641472,-5.147811962545385,-8.071552887341847,0.25914189318955105,0.1132075471698113,-0.24289911851126356,-0.2254464285714285,0.02073940486925152,0.09055118110236227,-0.010452961672473893,0.6875,0.012427873945849877,-0.24057738572574172,0.0277777777777779,-0.0930960297281439
2017-09-30,0.019583097475168287,0.1245024910155641,0.025375531516917516,0.020970544505681588,-0.03115532001680743,0.07003081684512868,-0.2919885476067252,-0.29202737163018855,-0.29729729729729726,-0.2777777777777777,0.07324837780663351,3.209100442327859,-5.399000253391997,-0.3650039544491701,0.1306874771635833,0.05410691003911361,-0.3984476067270375,-0.40345821325648423,-0.01590106007067138,0.032490974729241895,0.3478873239436622,0.40740740740740744,-0.04953967558088557,-0.412882787750792,0.0,0.1014664653871038
2017-12-31,0.0019685319407090063,-0.15026072306815874,-0.06865802110535024,0.13035573295903147,0.2067211081861533,-0.08118610130397563,8.346564731918319,8.225713844936179,8.307692307692307,8.192307692307692,0.21250456106413762,-0.1495927588248076,-4.805922551252847,-3.119503017950929,-0.24497706736035052,-0.009894867037724242,2.1150537634408604,2.289855072463768,0.20646319569120286,0.0034965034965035446,0.6400208986415883,0.0,0.2043357933579335,2.2410071942446046,0.0,-0.24826235927557516
2018-03-31,0.004770093313330115,0.007616354063185504,0.02217294696714811,0.1599110329836353,-0.03177105691945459,0.08662592097481636,-0.8396771788739863,-0.8408894937888696,-0.8388429752066116,-0.8410041841004184,-0.1682327768674532,-0.04758160087052676,-0.8389511253470703,-1.052203339682305,0.0169380564601882,0.10149906308557144,-0.02968588194684152,0.0,-0.014880952380952328,-0.08710801393728218,-0.6664542848040778,0.3157894736842106,-0.036384527001149025,-0.0038845726970033745,0.027027027027026973,-0.1312670920692799
2018-06-30,-0.010960032793745134,-0.1293916152919301,0.012965326931556387,-0.14555653814671665,-0.0710436737446054,0.012918121334246635,-0.4460491219276418,-0.4617630662657759,-0.46153846153846156,-0.44736842105263164,-0.10763523432306665,-0.42860975491295794,3.4519521571977787,-10.939386783169992,-0.16554980260941055,-0.08278990643606465,-0.05869797225186768,-0.04698972099853149,-0.038519637462235634,-0.06870229007633588,-0.08882521489971362,0.24,-0.060810810810810745,-0.06629526462395541,0.0,0.018887722980062804
2018-09-30,0.03438414944735779,0.059962095245776004,0.06004049472774642,-0.028453145122688595,-0.010775882842797735,0.05968002882434109,0.15431784580333985,0.17770457844826848,0.23809523809523814,0.23809523809523814,-0.41353516189545036,3.5303858234570296,-2.622618264021754,-1.118025581119075,0.02341555160298925,-0.10417310664605872,-0.02191987906273629,-0.010785824345146522,0.00942655145325988,-0.06557377049180335,-0.06289308176100628,0.19354838709677424,-0.04358865848497673,-0.023269689737470123,0.026315789473684292,0.09092246579373264
2018-12-31,0.007913352838330834,0.14436165548925195,0.026375461436520586,-0.009641354249577683,-0.038544397033199784,0.007777369176133586,-1.1632651632861601,-1.215638358455339,-1.1923076923076923,-1.1923076923076923,0.08189471246878255,-0.7459667512166532,-0.7849477498616282,6.518369401107197,0.1720188504134179,-0.1342305037957212,-0.749613601236476,-0.7538940809968847,-0.05603112840466917,-0.14473684210526305,-0.134228187919463,0.0,-0.046017699115044164,-0.7684789248625534,0.025641025641025772,0.15563047875927172
2019-03-31,0.03098951080454726,-0.12650220953324753,0.009728410765192042,-0.04618835206020455,0.042062207677399766,0.040633674237485984,-2.341664165987911,-1.9183659824831183,-2.0,-2.0,0.2223020548929444,1.5562323927562787,-0.8633336449677458,-2.3537630809737378,-0.1986937060262176,0.07413312076524514,-0.41666666666666663,-0.42405063291139244,0.0412201154163232,0.13846153846153864,3.3527131782945734,0.17567567567567566,0.010667903525046318,-0.445910290237467,0.0,-0.0842572062084258
