Quarter end,Assets,Current Assets,Liabilities,Current Liabilities,Shareholders equity,Revenue,Earnings,Earnings available for common stockholders,EPS basic,EPS diluted,Cash from operating activities,Cash from investing activities,Cash from financing activities,Cash change during period,Cash at end of period,Price,ROE,ROA,Book value of equity per share,P/B ratio,P/E ratio,Cumulative dividends per share,Equity to assets ratio,Net margin,Asset turnover,Current ratio
1996-03-30,0.046384043047757784,0.033354455697905294,0.04121129188794925,0.09843318232895393,0.05833524836178028,0.23688511130746193,2.0713750468340204,2.0713750468340204,2.0,2.0,188.94366197183098,0.807348901098901,-1.5145141665218147,-inf,inf,0.09109730848861264,0.010565568676196513,0.110223642172524,0.05924596050269293,0.26984126984126977,-0.127177700348432,,0.011254551473022234,0.05594405594405605,0.005434782608695565,-0.05925666199158475
1996-06-29,0.046384043047757784,0.033354455697905294,0.04121129188794925,0.09843318232895393,0.05833524836178028,0.23688511130746193,2.0713750468340204,2.0713750468340204,2.0,2.0,188.94366197183098,0.807348901098901,-1.5145141665218147,-inf,inf,0.09109730848861264,0.010565568676196513,0.110223642172524,0.05924596050269293,0.26984126984126977,-0.127177700348432,,0.011254551473022234,0.05594405594405605,0.005434782608695565,-0.05925666199158475
1996-09-28,0.030111835055857128,0.05827278239689204,0.020329945491545764,-0.10818079459546404,0.05234639224098214,-0.0070656113555521705,-0.09728575785300397,-0.09728575785300397,-0.10416666666666663,-0.10416666666666663,-1.9719709328192199,0.19722591677750323,-9.68581081081081,-inf,inf,0.34440227703984827,0.010565568676196513,0.110223642172524,0.04915254237288136,0.26984126984126977,-0.127177700348432,,0.02160392798690669,0.05594405594405605,0.005434782608695565,0.1866247803631329
1996-12-31,-0.06736825670974766,-0.09968016885012931,-0.11684833491264601,-0.11777203829421912,0.04167982317650765,-0.011801807728794023,-0.15425675675675676,-0.15425675675675676,-0.18604651162790697,-0.18604651162790697,-5.949725358559658,-0.2155213458181241,-3.1390509529366004,-inf,inf,0.14043754410726894,0.010565568676196513,0.110223642172524,0.03877221324717284,0.08749999999999991,-0.127177700348432,,0.11694969561038149,0.05594405594405605,0.005434782608695565,0.020506147357085114
1997-03-29,0.033838508017054236,0.07390681377316666,0.03741551232299356,-0.007081730199163472,0.027154943442207147,-0.11341213560748908,-0.3171686506351362,-0.3171686506351362,-0.2857142857142857,-0.2857142857142857,-0.7457036728780382,-0.3075055634230225,-0.8244749522683881,-inf,inf,0.008663366336633782,0.010565568676196513,0.110223642172524,0.02799377916018675,-0.03065134099616862,-0.127177700348432,,-0.00631095811818716,0.05594405594405605,0.005434782608695565,0.08156355801785153
1997-06-28,-0.012268790031949695,-0.005924489956491197,-0.049177078978741906,0.012543186694174313,0.05738253366720536,0.16068396357814008,1.258921258921259,1.258921258921259,1.2400000000000002,1.2400000000000002,0.9626037941693435,-0.15819456617002625,1.7574847197762353,-inf,inf,-0.07177914110429451,0.010565568676196513,0.110223642172524,0.05597579425113475,-0.09486166007905128,-0.127177700348432,,0.07043879907621253,0.05594405594405605,0.005434782608695565,-0.01821286283437673
1997-09-27,0.017182482679196864,0.0037840259206618487,-0.010242498062230099,0.12650119770463664,0.06372172452098179,0.04519120802063603,0.08007458434764603,0.08007458434764603,0.0714285714285714,0.0714285714285714,1.3710818072326365,6.4587888252646195,0.2695544368472462,-inf,inf,0.08592200925313942,0.05904059040590415,0.110223642172524,0.05873925501432664,0.026200873362445476,0.031270791749833604,,0.04584681769147769,0.08940397350993368,0.027027027027026973,-0.10894409937888205
1997-12-31,-0.03204084757303849,-0.03823447007762659,-0.08683191350042285,-0.05008086876155271,0.054472575374208354,0.015420771617633555,-0.07337073802330596,-0.07337073802330596,-0.3833333333333333,-0.4,-0.5329391231863294,-0.7403978131906479,-0.2690498032136833,-inf,inf,0.2099817407181983,0.05691056910569103,0.110223642172524,0.051420838971583116,0.14468085106382977,0.09290322580645172,,0.0892212480660135,0.08814589665653494,0.021052631578947434,0.012454110321111544
1998-03-28,0.044751315098001454,0.08451006421069351,0.04764161141539347,0.14779948312557,0.04079918209477351,-0.0959332679174344,-0.23733374734772028,-0.23733374734772028,-0.2432432432432432,-0.2222222222222221,-0.4244283324037925,-0.05242405233443859,-0.5924861341646087,-inf,inf,0.3581488933601611,0.03571428571428581,0.08633093525179847,0.038610038610038755,0.28996282527881045,0.2260920897284533,,-0.0037878787878787845,0.06424581005586605,0.020618556701030855,-0.05512461559645654
1998-06-27,0.017127193441166533,0.025952364101937242,-0.024741909909662074,0.04768732057653913,0.07475454226985678,0.18848299637850596,1.0781027346135579,1.0781027346135579,1.1071428571428568,1.0714285714285712,1.2170058139534885,0.6406279553622092,1.8224716868666797,-inf,inf,0.18407407407407406,0.08859416445623336,0.13907284768211925,0.07434944237918217,0.1412103746397695,0.08907077515647566,,0.05679657794676807,0.11286089238845132,0.025252525252525082,-0.020742252015933382
1998-09-26,0.10376985253938198,0.09089113288213069,0.1282904481780862,0.0673775564060668,0.07314484052698123,0.054751826006431026,0.06014693877551025,0.06014693877551025,0.05084745762711873,0.051724137931034475,-0.5108721781507464,2.268100069172239,-2.2077364401112245,-inf,inf,-0.09978104472943383,0.07017543859649122,0.09883720930232576,0.07151095732410595,-0.16161616161616166,-0.2144120247568524,,-0.0278839667191364,0.09669811320754707,0.0,0.02202490202887053
1998-12-31,0.1812470555460426,0.15963904769295767,0.16386366158265475,0.14792881887898623,0.20407371683050468,0.833514942879749,-0.08266855576431453,-0.08266855576431453,-0.33870967741935487,-0.3278688524590164,2.223170404789563,-0.4630037922215363,-2.2193920671465626,-inf,inf,0.13134120917303682,0.005009107468123997,0.015873015873015817,0.04305705059203446,0.054216867469879526,0.0011254924029262536,,0.019430950728660523,-0.1225806451612903,0.15763546798029582,0.010192690384895675
1999-04-03,0.2195145582940139,0.14093941433151524,0.313234778708656,0.49254043178828444,0.1005575165882917,-0.3288417024224335,-0.06349259644763794,-0.06349259644763794,0.12195121951219523,0.12195121951219523,-0.8979498482139144,5.215634751190672,-5.289787528978753,15.441379310344828,inf,0.04330466830466828,0.0067965564114182975,-0.013541666666666674,0.10010319917440658,0.0028571428571428914,0.01573917931422164,,-0.09757204447469936,0.02450980392156854,-0.0382978723404257,-0.2355739201460626
1999-07-03,0.0339508853097521,0.047652047723737656,0.010367478490984405,0.020020980120730725,0.06966937016324737,0.11500993349003186,0.5808475548544385,0.5808475548544385,0.5869565217391304,0.5652173913043477,3.393099701168161,-0.7673791846117262,-0.934937517062327,-1.0,inf,-0.017368266117162134,0.0027002700270026825,-0.015839493136219684,0.0684803001876173,-0.10826210826210825,-0.10348644161593812,,0.03444807643952719,0.02392344497607657,-0.03539823008849541,0.02708988057825268
1999-10-02,0.02230410640018965,0.0253322439974204,0.005993314448624165,0.014662130566492904,0.045638221322642725,0.024215209210100452,0.022361826140203656,0.022361826140203656,0.013698630136986356,0.0277777777777779,0.2750293735699709,0.009177646524307193,-0.7270936804247303,inf,inf,-0.26872378669862196,-0.0035906642728904536,-0.007510729613734002,0.04565408252853387,-0.31629392971245995,-0.31481481481481477,,0.02284880894506558,0.01869158878504673,-0.02752293577981657,0.01052567162352358
1999-12-31,-0.019440776861950337,-0.055135069544509974,-0.0037182238237948306,-0.37491358898747995,-0.04108056465180032,-0.045192627044459255,-0.10878679651278866,-0.10878679651278866,-0.05405405405405406,-0.06756756756756765,1.192860780367146,-0.31557266342517554,-19.833385629118293,inf,inf,-0.04752150757886109,0.029729729729729648,0.015135135135135203,0.056255247691015864,-0.08878504672897203,-0.10090090090090087,,-0.02210076045627385,0.16972477064220182,-0.13207547169811318,0.5115969236359232
2000-04-01,0.04684073010857026,0.08754080114724805,0.09092148350999207,0.2136138884956178,-0.01619387015447349,-0.010664270104612572,-0.15377722464219046,-0.15377722464219046,-0.12857142857142856,-0.1159420289855072,-0.3050969290145642,-0.40605163624403884,-0.25395688247642534,inf,inf,-0.03354838709677421,0.02580927384076981,0.017039403620873417,0.0,-0.08205128205128198,-0.13727454909819647,,-0.060267314702308616,0.019607843137254832,0.0,-0.10388205600737155
2000-07-01,0.02375943690753246,0.045379444582758,0.029317760876145016,0.05270514175030816,0.014945745900303953,0.11466076229637823,0.38844603935641375,0.38844603935641375,0.4426229508196722,0.42622950819672134,-0.702902702186575,-0.07065728999390886,-0.9578820429219054,inf,inf,0.04049844236760136,0.018336886993603585,0.0010471204188482464,0.03418124006359302,0.03910614525139677,-0.016260162601625883,,-0.00853374709076793,0.0,0.0,-0.006974248927038684
2000-09-30,0.010702184627378042,0.01705600174711286,-0.017541587870253172,-0.06868786133210669,0.05612178495301623,-0.016761099802065638,-0.10732368705378892,-0.10732368705378892,-0.10227272727272718,-0.09195402298850575,0.8468048636777545,0.11398438896502405,7.367974549310711,inf,inf,0.046621043627031566,-0.020519262981574582,-0.03242677824267792,0.06687163720215228,0.010752688172043001,-0.007083825265643551,,0.04486176317162238,-0.02692307692307694,-0.005434782608695676,0.09206735098145136
2000-12-31,-0.016577255838219007,-0.05213509643729475,-0.04965969084771582,0.3401509606792781,0.032912834458178164,-0.0465979101124131,-0.06822982177183945,-0.06822982177183945,-0.05063291139240511,-0.07594936708860767,1.9245895933638844,2.03706675224647,1.7913445697630213,inf,inf,-0.015529219452390608,-0.026934587430525903,-0.020540540540540553,0.03746397694524495,-0.07446808510638292,-0.03210463733650415,,0.05042436345481782,-0.013833992094861691,-0.010928961748633892,-0.2926990147174011
2001-03-31,0.036616366578695825,0.07277314830184922,0.04080398273685071,0.049368259169539686,0.030852643300280924,-0.06974623518183332,-0.3070653558147828,-0.3070653558147828,-0.30666666666666664,-0.3013698630136986,-0.6883789198087946,-0.7939979922861521,-0.5522438880439471,inf,inf,0.20589456205894563,-0.07293497363796131,-0.05518763796909498,0.032638888888888884,0.16091954022988508,0.18918918918918903,,-0.005465779467680676,-0.034068136272545124,-0.016574585635359185,0.022264964737424897
2001-06-30,-0.00530544088864926,-0.0023356106902885365,-0.05153764365236757,0.004018256967293521,0.05894161006334597,0.11384554978398054,0.7079320738072483,0.7079320738072483,0.7115384615384615,0.7254901960784315,0.4484755903507096,0.27810549713601773,0.5495057034220532,inf,inf,0.09741824440619617,-0.04739336492890989,-0.010514018691588745,0.05648957632817764,0.05940594059405946,0.13533057851239683,,0.06451612903225823,0.0020746887966804906,-0.016853932584269704,-0.006328753064598902
2001-09-29,-0.007516140794688653,-0.006747707275772896,-0.07266479536134829,0.03399861346969657,0.0735728970975229,0.049880002124710776,0.19930702018680324,0.19930702018680324,0.1910112359550562,0.19318181818181812,1.2600738234389417,-0.043076923076923124,1.8974937835361865,inf,inf,0.20734002509410288,0.03631840796019903,0.08618654073199528,0.06938255887969436,0.1448598130841121,0.20382165605095537,,0.08170594837261502,0.07660455486542439,0.011428571428571344,-0.03941932522377778
2001-12-31,-0.03600052111468388,-0.052777675717382566,-0.13734290749362166,-0.10522843654369585,0.07295595065459803,0.15475136431687564,0.06219606294973712,0.06219606294973712,0.06603773584905648,0.05714285714285716,0.47227920089437614,-0.16398713826366562,0.5750629523820279,inf,inf,0.18784099766173012,0.05472875660105614,0.12173913043478257,0.06845238095238093,0.11020408163265305,0.08994708994709,,0.11309400290516702,0.05192307692307696,0.06779661016949157,0.05865838360910347
2002-03-30,1.0905119353570996,0.37775765063196864,1.3285923013315708,0.44227916976735004,0.8847136316339343,-0.1369562100198357,-0.2700150355616373,-0.2700150355616373,-0.2920353982300884,-0.3063063063063064,-0.5925280297927975,60.343311036789295,-5.817372352780924,inf,inf,0.2970253718285214,-0.16158397815202552,-0.13275193798449614,0.47688022284122566,0.21323529411764697,0.15811373092926484,,-0.09843400447427297,0.047531992687385616,-0.17460317460317454,-0.04474411781301135
2002-06-29,0.0004289919581590418,-0.005243620730672194,-0.0413813078355747,-0.11514812811157216,0.04508188239163591,0.41656032582986224,0.7476972922934506,0.7476972922934506,0.40000000000000013,0.4285714285714286,1.1100794036622914,-0.9574547546158606,-1.1473295870562954,inf,inf,0.0779089376053963,-0.07546145494028222,-0.05027932960893844,0.05507355714824591,-0.26969696969696966,0.004790419161676773,,0.044458229942101024,0.027923211169284645,-0.07692307692307698,0.12421736562315422
2002-09-28,0.0017649802291392902,0.0033099275183892107,-0.01236092997640259,-0.025462816450369186,0.015603139039854552,-0.002723688186572648,0.08000741545062096,0.08000741545062096,0.08928571428571419,0.09999999999999987,0.252294317771651,-0.14044979816748893,0.3761250113637511,inf,inf,-0.19821652065081352,-0.06283029947152097,-0.05058823529411782,0.02252413299964262,-0.2406639004149378,-0.2419547079856973,,0.013858641853098375,0.018675721561969283,-0.06944444444444431,0.029527662480954175
2002-12-31,-0.02925925056266232,-0.08421920420422535,-0.10720772004011814,-0.14779628695598102,0.04499882476571737,-0.01709159484254774,0.03238106915154493,0.03238106915154493,0.032786885245901676,0.03305785123966953,0.19291080244074443,0.41118151323145735,0.14992476235915886,inf,inf,0.04546341463414638,-0.053884711779448646,-0.040892193308550207,0.04405594405594404,0.021857923497267784,0.005503144654087855,,0.07654754930677599,0.04833333333333334,-0.08208955223880599,0.07461087011992862
2003-03-29,0.03222804631857201,0.09479823714999247,0.058549543208101795,0.15466102381994773,0.010804996169710757,-0.09868165214761238,-0.5054690561869811,-0.5054690561869811,-0.5,-0.504,-0.8625965186457059,-0.348581691405631,-0.9868249712753734,inf,inf,-0.06326987681970886,-0.03311258278145701,-0.006459948320413411,0.017414601473543234,-0.10160427807486638,-0.0938232994526974,,-0.020678396517322617,-0.05087440381558017,0.04878048780487809,-0.051859239207864505
2003-06-28,0.022794175279765794,0.05296050734271085,0.005619440924163888,0.0894394115358852,0.03743294430385813,0.1497775913488797,0.8007925072046109,0.8007925072046109,0.8095238095238093,0.806451612903226,-0.08695001496557919,0.8232646772624068,-10.963662790697674,inf,inf,0.10261008168957964,-0.02876712328767106,-0.007802340702210531,0.0319289005924952,0.08333333333333348,0.14236410698878355,,0.014261900351916879,-0.006700167504187671,0.0,-0.033508640120210376
2003-09-27,0.021370262866689416,0.04302209455735739,-0.01753014485245541,-0.07835597721003373,0.05350999912952781,0.04488923420097013,0.2186704007468161,0.2186704007468161,0.21052631578947367,0.2142857142857142,3.1514096049827893,-0.11054281838599922,-3.185898371018721,inf,inf,0.18359233827249732,-0.0014104372355430161,0.022280471821756187,0.0510366826156301,0.14835164835164827,0.17824773413897277,,0.03140978816654494,0.018549747048903997,0.0,0.1317371475953566
2003-12-31,0.07351934478726596,-0.018035350824720187,0.10542178489773013,0.24020095301632316,0.04893873630737944,0.05127896215831296,0.11774747762141335,0.11774747762141335,0.10869565217391308,0.11764705882352944,0.5491605057693636,8.728511425571279,-5.800880920072076,-2.0,-1.0,0.0882442748091603,0.021892655367231617,0.023076923076922995,0.04643399089529576,0.03349282296650724,0.05064102564102568,,-0.02283994334277628,0.026490066225165476,0.0,-0.20821503800714358
2004-04-03,0.033306233225052884,0.10387629156453948,0.033598388658004685,0.070590424422178,0.03306900815170688,0.01552564943857293,-0.35083511190303696,-0.35083511190303696,-0.3464052287581699,-0.35526315789473684,-0.9792222852300458,-0.9661621963348161,-0.9540993633406545,-1.0,inf,0.08417508417508412,0.03524533517622652,0.040100250626566414,0.031032482598607913,0.03703703703703698,0.020744356314826184,,-0.00018119224497192832,0.016129032258064502,0.023255813953488413,0.031056619050372936
2004-07-03,0.015299443453747896,0.035723253941103206,-0.008084685145305026,0.04234881442701699,0.03429667446995044,0.06875417337221412,0.3144615198998597,0.3144615198998597,0.31000000000000005,0.3163265306122449,15.688439129101504,2.076251234145971,-2.404805168584696,inf,inf,-0.01733954451345765,-0.005340453938584733,0.0,0.035161744022503605,-0.044642857142857206,-0.08846383741781239,,0.018666183399782765,-0.007936507936507908,0.007575757575757569,-0.006338344177697963
2004-10-02,0.020855892877174487,0.05197941291906649,-0.006690470340378618,-0.0031711928758313412,0.04231753014011086,0.029748822394809027,0.29290483948690893,0.29290483948690893,0.2900763358778624,0.29457364341085257,1.5423274103746714,-0.21718306381928154,6.663696464501293,inf,inf,-0.008032657361074502,0.02080536912751696,0.026506024096385472,0.042934782608695876,-0.04205607476635531,-0.04065573770491793,,0.02099270592421254,0.019200000000000106,0.007518796992481258,0.05532034998588764
2004-12-31,-0.01257005227430219,-0.03293600374391081,-0.0859393749289501,-0.17436523907765145,0.041904999339611004,-0.03925480847728835,-0.09066706896092713,-0.09066706896092713,-0.09467455621301768,-0.08982035928143706,-0.6617494000982971,0.14226693578907534,-0.9007951391493512,inf,inf,0.10513739545997614,-0.03550295857988173,-0.012910798122065748,0.03986451276706604,0.05853658536585371,0.04237867395762129,,0.0552361038508451,-0.015698587127158548,0.0,0.17127574217705277
2005-04-02,0.054032165388254505,0.11436502039729168,0.09220851679054531,0.1976836992050608,0.02916510553617191,0.015075677494570172,-0.3166780521128135,-0.3166780521128135,-0.3137254901960784,-0.3223684210526315,0.08337784995405895,1.3503409812529337,-4.2538752362948955,inf,inf,0.06234234234234237,-0.025903203817314258,-0.009512485136741966,0.0308193435229267,0.023041474654378113,0.062295081967213006,,-0.02361294583883744,-0.0079744816586923,0.0,-0.06955290679088477
2005-07-02,0.010605624443549955,0.009207583248417972,-0.017942177005230042,-0.034599280702401924,0.030339991130064137,0.08804451046127104,0.33977435018566116,0.33977435018566116,0.33333333333333326,0.34951456310679596,1.0527997475394963,-0.23840849554195498,-2.1400395050252716,inf,inf,-0.06411126187245597,-0.017494751574527623,0.0,0.02771025765678181,-0.09459459459459474,-0.07283950617283952,,0.01944867241670889,-0.004823151125401992,0.00746268656716409,0.04540100127613633
2005-10-01,0.0037364753982145338,-0.0022457422392503368,-0.05200516186660309,-0.10276663891390414,0.04046358489571711,0.044895894114084456,0.1582010638411273,0.1582010638411273,0.15714285714285725,0.15827338129496415,0.6646297523996194,-0.20644126357354398,2.103549315871277,inf,inf,0.01872659176029967,-0.04415954415954404,-0.02400960384153661,0.04020813623462627,-0.00995024875621886,0.0006657789613848664,,0.03666224286662234,-0.037156704361873905,0.007407407407407307,0.11202403868726218
2005-12-31,0.6975162783939926,0.16961833899780565,1.8110811251565675,0.31606456790211124,0.029015943505966924,0.06298000629110878,-0.21113279092883697,-0.21113279092883697,-0.2098765432098766,-0.21118012422360255,0.3478035012380738,50.69157207277251,-22.077074011740077,inf,inf,-0.025972485768500975,-0.0745156482861401,-0.20049200492004915,0.01796271032287411,-0.06030150753768837,-0.015302727877578137,,-0.39382301168186906,-0.09228187919463082,-0.11764705882352955,-0.11129406797551189
2006-04-01,0.008660426804752985,0.022043702870385484,-0.010978359331424103,0.01975692364697279,0.04086755728216929,0.06680609193090148,-0.17024453985439614,-0.17024453985439614,-0.1796875,-0.18110236220472442,-0.5523722651181315,-0.9828414230428498,-1.0438839664970068,-1.3707206315074694,-0.3894267563249991,0.04066723487154511,-0.03140096618357491,-0.13076923076923075,0.03975876703149406,0.021390374331550666,0.08986486486486478,,0.03194297782470956,-0.05914972273567465,-0.07499999999999984,0.002232885172692045
2006-07-01,0.03561437899009934,0.053672536035584084,0.0037418262116026835,0.47945729802572057,0.08528099412504186,0.06909593549653881,0.6804415073115861,0.6804415073115861,0.6857142857142857,0.6923076923076923,1.2786770755601475,1.4164840462833101,0.23590708573355945,-0.8325542347980386,-0.10679777058436979,-0.11688311688311681,0.020781379883624274,-0.06371681415929198,0.08464017185821704,-0.15183246073298418,-0.11903285802851815,,0.04783832182143777,0.00982318271119853,-0.07207207207207211,-0.287779673871824
2006-09-30,-0.01355684741784402,-0.013832743033141859,-0.04547920833947139,-0.025874350980310323,0.03245000712084711,-0.01657043820996118,0.06856994636566727,0.06856994636566727,0.06779661016949157,0.06818181818181812,-0.1454650035057372,-0.6458297436269487,0.20644063171048765,-0.5820419325433,-0.04997411373606908,-0.07273449920508757,0.0024429967426709,-0.06427221172022679,0.03248167954050318,-0.14197530864197538,-0.13300492610837444,,0.046630859375,0.005836575875486361,-0.06796116504854377,0.012379367720465773
2006-12-31,-0.006830534567323632,-0.04292437572517582,-0.051233381659559485,-0.02347556031515341,0.05233308247186441,-0.06196829179963237,0.07661227174491803,0.07661227174491803,0.07407407407407396,0.07446808510638303,0.1585484489077993,0.06829005991703796,0.19624254402152563,0.7006543075245366,-0.08945934318084037,0.06900985855122155,0.07229894394800973,0.12323232323232314,0.04834068674467673,0.03597122302158273,0.02029220779220786,,0.0597154187077209,0.11605415860735002,0.0,-0.019919794885280395
2007-03-31,0.016738005041087467,0.06926951029273476,-9.948173154672446e-05,-0.06169775837640046,0.03696481245069316,-0.018293010511989394,-0.342667209728566,-0.342667209728566,-0.34482758620689646,-0.3465346534653465,-0.6235560041390307,-0.40183600584837376,-0.6273786774951232,0.5860852837447901,-0.1558306558306558,0.13271852445870103,-0.008333333333333415,0.03417266187050361,0.03458371454711795,0.07638888888888906,0.006364359586316537,,0.019810697776799557,0.05025996533795496,-0.01041666666666663,0.13952240407834737
2007-06-30,-0.0006585463587293061,0.002505015337911809,-0.036235792472113726,-0.06809353853716138,0.04055264539737746,0.06081294601588216,0.2753988802584699,0.2753988802584699,0.2706766917293233,0.2727272727272727,1.542442574380119,0.4196185286103542,1.549793667116281,-1.4209621993127148,0.07770812343744171,0.11669616519174042,-0.04736440030557665,-0.008695652173913104,0.03873363990095502,0.07741935483870965,0.07193675889328066,,0.041225987481113835,0.0,-0.010526315789473717,0.07575935954791602
2007-09-29,0.02615728305635945,0.022472333101574815,-0.005008163259612064,-0.025718260136696758,0.05959394636340276,-0.01999433545248097,0.05887149946212311,0.05887149946212311,0.059171597633136175,0.059523809523809534,0.2733899018543544,4.086936886078807,-0.5896787236939967,4.738535414165666,0.4137769852673856,-0.02757819103972947,-0.056936647955092345,-0.021052631578947323,-0.08888132130086834,-0.059880239520958,-0.016224188790560534,,0.0325456053067994,0.0,-0.02127659574468077,0.04946648426812583
2007-12-31,0.01792857419284477,-0.060465027086629264,-0.07167880455330822,-0.10884061009294099,0.10820480199786608,-0.06730172262972622,2.1061169646222164,2.1061169646222164,2.100558659217877,2.123595505617977,-0.049219687875150075,-0.6139773610032183,1.5002489118086313,-0.6677963265135349,0.09722766457680243,-0.12615451483211992,0.42942176870748305,0.4982078853046594,0.2863016258643245,-0.04458598726114649,-0.11319340329835081,,0.0887372013651877,0.5379537953795379,-0.021739130434782594,0.05433025705198391
2008-03-29,0.038867172424122076,0.05966151233610373,0.024101031718282817,0.07357903425505574,0.05132880297797682,-0.03827379226545258,-0.8275188993284341,-0.8275188993284341,-0.827027027027027,-0.829136690647482,-1.2934380032206119,-0.19546062182868806,-1.6075804607090345,-3.054785894206549,-0.18207892504798895,-0.09164386968415827,-0.09399167162403332,-0.055023923444975975,0.05114049106494245,-0.29333333333333333,-0.4032121724429417,,0.011985985616817185,-0.0193133047210301,-0.04444444444444451,-0.013006280599376918
2008-06-28,-0.006419464372233286,-0.011405792422898853,-0.03731259089788497,-0.03421851225664885,0.018977041733852174,0.0586549542401833,0.3576693684049548,0.3576693684049548,0.35416666666666674,0.35789473684210527,-4.328440115242145,-0.10955673473763194,-2.9010654745899433,-0.4329757891510879,-0.12622630954167746,-0.012320328542094305,-0.09126723571897566,-0.05696202531645578,0.018935729094678777,-0.05660377358490576,0.025495750708215414,,0.025692419825072976,-0.020787746170678356,-0.03488372093023262,0.02364966429501969
2008-09-27,-0.22178613793666901,-0.024229756385347412,-0.0741320036204548,-0.11428230245952864,-0.3364637429636179,-0.04185278077438326,-17.724650251188358,-17.724650251188358,-17.69230769230769,-17.821705426356587,-0.3073919609099528,0.16089809185577564,-0.4334650506979252,-0.7824019024970273,-0.03143446078890655,-0.0864864864864866,-2.523843930635838,-2.5194630872483224,-0.33654367878459035,-0.10999999999999999,-0.04972375690607744,,-0.14745070172321895,0.0,0.024096385542168752,0.10166421928536473
2008-12-31,-0.07547682071334649,-0.10296651153354952,-0.09208179054774213,-0.21181828558999305,-0.05748166920441289,-0.15760444778716687,-0.9140512978008205,-0.9140512978008205,-0.9133640552995392,-0.9133640552995392,0.07394623370861897,0.07905561892910229,-0.16159283474027497,-16.645305514157975,0.5077629987908101,-0.29160977089971174,0.6770981507823612,0.6413427561837457,-0.057861378041300315,0.0674157303370786,0.0,,0.019587414044592633,0.0,0.0235294117647058,0.13809037188430273
2009-03-28,-0.02459427489945587,-0.008738122977461571,0.0011669398233249417,0.10147152064735954,-0.061668087702370755,-0.1863979390939231,-0.17026211652235235,-0.17026211652235235,-0.17553191489361697,-0.17553191489361697,-0.8089771038512884,-0.5660398513582778,-1.316186186745082,0.3663872483647679,0.460152482383259,-0.32512315270935954,0.27085100367543125,0.22389666307857903,-0.06184895833333337,-0.28421052631578936,0.0,,-0.038013488657265504,0.0,0.011494252873563315,-0.10005855943782938
2009-06-27,0.010823304656949029,0.013092484082383171,-0.021493750102390186,-0.03620775692671485,0.04780094305639748,0.16359068109197827,-1.4368902698159358,-1.4368902698159358,-1.4387096774193548,-1.432258064516129,5.016139666130436,-0.046617207396744575,-4.457825651892401,1.0912090721074525,0.6590236686390532,0.2792764201840685,0.18464961067853158,0.12840809146877752,0.047883414295628146,0.36764705882352944,0.0,,0.03654132143615896,0.0,0.022727272727272707,0.051188617039736206
2009-09-26,0.020889316642145328,0.04581046053836091,0.005270719664062895,-0.0012707790638343264,0.037117530731056725,-0.01667624458397221,-0.2348846760770411,-0.2348846760770411,-0.26470588235294124,-0.25373134328358216,-0.3575962406740135,-0.05993031358885015,-0.5803813090475785,-0.11544487782111545,0.35137700127569604,0.05556933763334149,-0.908169014084507,-0.9076383476227592,0.03686534216335535,0.010752688172043001,0.0,,0.015781922525107683,0.0,-0.04444444444444451,0.04712776493892368
2009-12-31,-0.014951016844533815,-4.705162241203098e-05,-0.02627772435314213,-0.049174932400601445,-0.00467743515352792,-0.025645810504388633,-0.4707727080096059,-0.4707727080096059,-0.42000000000000004,-0.4,0.7714962231062648,0.5502841611069929,-1.1413561591042778,1.8304942086882239,0.7359682503388918,0.06157461809635745,-0.9631901840490797,-0.9620253164556962,-0.005109644453906825,0.02127659574468077,0.0,,0.01049233252623094,0.0,-0.023255813953488413,0.0516670607708678
2010-04-03,-0.011350483130108557,0.03580245866892762,0.003245634373127304,0.5962453423104854,-0.024743636246052914,9.501836526837337e-05,0.13549007046764894,0.13549007046764894,0.034482758620689724,0.0,-1.177927745742669,-0.38080437785570076,-1.2930119098866408,-1.3511692623150906,-0.1488791212099545,0.07195040956386989,-22.38888888888889,-22.11111111111111,-0.025893430344532287,0.08333333333333348,0.0,,-0.013578274760383424,-0.7519553072625698,0.023809523809523725,-0.35109612141652613
2010-07-03,-0.049847916567757,-0.06490719300270353,-0.08609081675854502,-0.1778025335975214,-0.01367397664612291,0.03922846479755582,2.200799247766808,2.200799247766808,2.3000000000000003,2.3000000000000003,-3.926242639418081,0.02235188124758669,101.83937316356513,0.3859686816728385,-0.24243536317110104,0.1412639405204461,0.18181818181818188,0.20000000000000018,-0.01384007029876988,0.16346153846153832,3.537790697674419,,0.0380566801619433,0.18018018018018012,0.011627906976744207,0.13727188727188722
2010-10-02,0.031311897101824915,0.004088653134108888,-0.006327369153419027,-0.024913464389389572,0.06676198091679653,-0.0646631706909433,-0.24951161116904863,-0.24951161116904863,-0.2525252525252525,-0.2525252525252525,-0.1017393041303849,3.80083927822073,-1.0035095572338784,-1.2112126351881236,0.06759213594301272,-0.11744480636988774,0.10329670329670337,0.12280701754385959,0.06660726219648039,-0.09917355371900816,-0.2527226137091608,,0.0343213728549141,0.12595419847328237,0.0,0.029756766363682408
2010-12-31,-0.01501701413618739,-0.019871397549126035,-0.02937029143967651,-0.07283319971254587,-0.003939115127018056,-0.03616045792759659,-0.11876149841468664,-0.11876149841468664,-0.14864864864864868,-0.17567567567567566,-0.09964831942808672,-0.3886664801930002,-60.56037991858887,-1.5015974440894568,-0.03175748629846786,0.15665368054131634,0.1593625498007969,0.17578124999999978,-0.0045948203842941515,0.08256880733944949,0.037719674239177214,,0.011312217194570096,0.18305084745762712,-0.011494252873563204,0.057152719562108656
2011-04-02,0.02743220691643078,0.04049696412855397,0.009927544719081416,-0.2444814350842872,0.04333595390083489,0.0644882973986649,-0.4793674765690934,-0.4793674765690934,-0.46031746031746024,-0.44262295081967207,-1.6166688011123511,-0.24489912638156108,-1.1911791507198835,7.433981752453089,-0.2766270393572302,0.041836553802517384,-0.012027491408934665,0.01661129568106312,0.04196391103650865,0.04237288135593231,-0.080545229244114,,0.015473527218493599,0.011461318051575908,0.011627906976744207,0.377180707155518
2011-07-02,0.019591834520037876,0.045973051812751686,0.007126781163309115,0.5451383893982642,0.030359484515423585,0.09992520067431032,1.5980291783977476,1.5980291783977476,1.6176470588235294,1.5882352941176467,-2.424102176138134,0.13059779212664036,-2.406696854146807,-1.2979099054967036,0.11392454464916413,0.07435766547558265,-0.06956521739130439,-0.05555555555555558,0.030004027386226317,0.03252032520325199,0.058400718778077065,,0.010648063154029774,-0.050991501416430496,-0.011494252873563204,-0.3230592060696382
2011-10-01,-0.017441227109093793,-0.002716941595766964,-0.004812410709286508,-0.009181841791059409,-0.027928673606942844,-0.02391440561787561,-0.23409355860959236,-0.23409355860959236,-0.2359550561797752,-0.22727272727272718,0.14161015801589527,0.5716151939438601,-0.6140618382041507,-1.3174266040903018,-0.03246421088773821,-0.19702248970541647,-0.03364485981308407,-0.02768166089965396,-0.027956989247311825,-0.22047244094488194,-0.16256366723259752,,-0.010717529518619484,-0.047761194029850906,0.023255813953488413,0.006504553187231199
2011-12-31,-0.011364273553070237,-0.017382696301055267,-0.02454110382774699,-0.09222667586518407,-0.0008628922686315654,-0.04451609414687707,-0.07964241306864472,-0.07964241306864472,-0.08823529411764708,-0.08823529411764708,0.4854741874851731,-0.005594748396172133,4.521290605794556,-4.862400172674294,0.1295970393545678,0.0007889546351085297,-0.023210831721469982,-0.014234875444839923,-0.0018101367658889256,0.030303030303030276,0.02483527622909265,,0.010650018362100777,-0.03448275862068961,0.022727272727272707,0.08247166434678865
2012-03-31,0.031092315654532854,0.06107338780834004,0.04468244870715932,-0.2929633375887324,0.03030401503607516,0.02230143430624887,-0.059490810835992614,-0.059490810835992614,-0.048387096774193616,-0.06451612903225812,-1.273148859064525,-0.5364954507946373,-3.8606241303915723,-1.2003408868646792,-0.022984821042170922,0.2394560504532912,0.08910891089108897,0.09025270758122761,0.028208744710860323,0.2450980392156863,0.23442136498516342,,-0.0007267441860464574,0.08441558441558428,0.0,0.5007118254879446
2012-06-30,-0.02100530160517089,-0.004103546765971244,-0.031750441074802294,0.015252500346735198,-0.01221238218882914,0.04312029154705166,0.8126160933204547,0.8126160933204547,0.7966101694915255,0.827586206896552,-4.14922419608725,0.1894060252942129,-1.816798454675579,-3.0485355648535566,0.0481929292100729,0.0785498489425982,0.06909090909090909,0.06953642384105962,-0.012737605330197854,0.047244094488189115,-0.015224358974359031,,0.008909090909090756,0.06586826347305386,0.011111111111111072,-0.01906481424811801
2012-09-29,0.006039321112307761,0.024679719641731213,-0.02897012292452572,0.03578435278894054,0.034121446887195095,0.0025173612882902763,-0.0394053670000547,-0.0394053670000547,-0.037735849056603765,-0.047169811320754707,0.4493166530996957,-0.08032190968644903,0.7162617394855042,3.17885348583878,0.1921317961704485,0.08344390387734046,0.1020408163265305,0.11455108359133104,0.03314807463279079,0.09774436090225547,0.017087062652563212,,0.027932960893854775,0.1123595505617978,0.0,-0.010700358758384043
2012-12-31,0.00017008821104647076,-0.017977617225363174,-0.0456516785421599,0.011955660254085343,0.03468268550057241,-0.025676402941853138,-0.055686731907146125,-0.055686731907146125,-0.05882352941176472,-0.04950495049504955,0.42406058008286895,0.5492380207562724,0.280188351920694,0.5775753922351292,0.25425241963859024,0.16764185603483472,0.08024691358024705,0.10000000000000009,0.030739673390970168,0.13013698630136994,0.049599999999999866,,0.034537166900420635,0.09090909090909083,0.01098901098901095,-0.02957870837537835
2013-03-30,0.15200016371379022,0.3515858145304045,0.36887356248889835,0.05911067291458738,0.0009681104264229745,0.03563241689008323,-0.2394071306993628,-0.2394071306993628,-0.23958333333333337,-0.25,-1.1347342782907734,1.8794340755293604,-8.26329768698844,5.635288650211711,1.3450547656132241,0.2039389348560774,0.02571428571428558,0.007575757575757347,-0.04268406337371855,0.16969696969696968,0.09070121951219523,,-0.13116420945602425,0.02777777777777768,-0.021739130434782594,0.2761421979593164
2013-06-29,0.1717358329735763,-0.05118397635238836,0.24522080785104627,0.5324914457214935,0.10002959805200762,0.3292164795216621,0.6748588969204872,0.6748588969204872,0.6027397260273972,0.6111111111111112,-4.925071898110106,0.8218819147978451,-1.778623097630534,-2.4808239752838546,-0.8493572833336458,0.08624528119252739,0.0,-0.0401002506265663,0.09968847352024923,0.1295336787564767,0.045772187281621246,,-0.061244392432221684,-0.04054054054054057,0.0,-0.3808820533713587
2013-09-28,0.006486453580012874,-0.024993005004288693,-0.039536891631633764,0.029934674734304778,0.055872694199943895,-0.007470023513648449,0.40788913588421694,0.40788913588421694,0.4017094017094016,0.4051724137931034,0.39383610933022806,-0.7154092221268628,-0.7103647808042677,-0.8894654527643885,-0.623218465732318,0.08554624844056313,0.12534818941504167,0.09138381201044377,0.054355524079320094,-0.00917431192660556,0.0571333110591381,,0.049241637232495306,0.096244131455399,0.0,-0.05330262400263219
2013-12-31,-0.008171265426357821,-0.032223990054142115,-0.04884808595814605,-0.04649937230323209,0.03158110156469496,-0.019083004339456422,-0.20506769241105927,-0.20506769241105927,-0.20731707317073167,-0.20858895705521463,-0.06978818073866866,-0.04021822568264066,-0.5135891532603094,-0.909532639186041,-0.14963825102233408,0.11541618781809238,0.03960396039603964,0.016746411483253842,0.030394626364399713,0.05555555555555536,-0.03919089759797734,,0.040000000000000036,0.017130620985010836,0.0,0.014944825788513194
2014-03-29,0.02205169494348902,0.05754122703370812,0.04079976718935563,0.3957447356207664,0.00535366394107939,-0.05769386685958766,-0.1433687969487908,-0.1433687969487908,-0.14615384615384608,-0.13953488372093015,-1.3582723649023665,0.16219638759557076,-3.0705899504325007,-2.9528063905822997,0.3436355565420042,0.06108330880188406,0.040476190476190554,0.04235294117647048,0.003585397653194322,0.03070175438596512,-0.011842105263157876,,-0.016374714394516432,0.040000000000000036,0.0,-0.24231658248437626
2014-06-28,0.023059756576292,0.035490430775963144,0.004855966174185378,0.01573353078222861,0.0400605136300598,0.12969645826611398,0.8839185505852172,0.8839185505852172,0.8918918918918919,0.8738738738738738,-3.3783905585443486,0.045501466467860574,-1.2097229197861465,-1.1399967705473921,-0.0358042535618418,-0.056595921764461044,0.14187643020594964,0.16704288939051937,0.03994803507632372,-0.05957446808510647,-0.12749667110519303,,0.01664730933023617,0.17004048582995956,0.0,0.019490424269815287
2014-09-27,-0.02029131647488802,-0.003040760394295572,-0.01982686453531657,-0.021982675752461933,-0.020126874514026838,-0.028116237934194488,-0.00971522094926347,-0.00971522094926347,-0.00952380952380949,-0.009615384615384581,0.33555779251539564,0.11179632647943838,-0.06499552372426143,-14.658208381391772,0.5071812003883274,0.0058814880164681504,0.05711422845691372,0.06769825918762074,-0.02092442223610247,-0.03167420814479627,-0.14574589851201836,,0.000190403655750071,0.06747404844290661,-0.011111111111111072,0.019339465809597556
2014-12-31,-0.047798415438328745,-0.07021580888704448,-0.06356719682361589,0.06795889605358219,-0.03341242363082442,-0.01969800940191635,-0.029074610289159475,-0.029074610289159475,-0.033653846153846256,-0.029126213592232997,0.5019574460538507,0.2270039398659458,2.6417320949827654,-1.2165235749472203,-0.07286229859144255,0.01944160210495549,0.11184834123222753,0.11594202898550732,-0.03492822966507181,0.03738317757009346,-0.04734256364448419,,0.015039025318865473,0.10534846029173428,0.011235955056179803,-0.12938298450665942
2015-04-04,-0.00011127814902678335,0.022842539116998184,0.05128392321391262,0.4786579909950537,-0.04483357424141121,-0.036008682792144864,-0.8478497698613721,-0.8478497698613721,-0.8457711442786069,-0.85,-1.1465499682670879,-0.37318988345175796,-2.152277223818006,-2.1913676547061884,0.09362771641958778,0.2168052767421853,-0.09718670076726343,-0.10064935064935077,-0.045777557428524185,0.26126126126126104,0.09751523675574325,,-0.04463615903976004,-0.1187683284457477,0.022222222222222143,-0.3082734935997503
2015-07-04,0.2270529663272507,0.12635014649704002,0.3616645082393315,0.03788096736491964,0.09201643344405386,0.08534869392938571,7.345654703302605,7.338494585160655,7.193548387096774,7.433333333333334,-7.388530798050195,11.1007312915819,5.0677965134851455,5.98886948930598,0.598331480460758,0.08561159556917275,0.07459867799811137,0.032490974729241895,0.07984066505022502,0.13928571428571423,0.2221272960273386,,-0.11012956419316844,0.07154742096505817,-0.03260869565217395,0.08530420653547566
2015-10-03,-0.009953893840740413,-0.030324040589454926,-0.043952564109056125,0.09936695639658555,0.030565071131370525,0.05334830754070197,0.15235506080689798,0.15317819805508437,0.14566929133858264,0.14229249011857714,0.22785616319581292,-0.8983631412178823,-1.2900295099505596,-1.9426193673297316,-0.35286725467159985,0.049226594301221116,0.11423550087873457,0.08391608391608396,0.03031275060144334,-0.028213166144200552,-0.019224047535826627,,0.041032428855062975,0.10403726708074523,-0.022471910112359605,-0.11802378774016464
2015-12-31,-0.012133560375983565,-0.07122268728169978,-0.042921060999548066,-0.01235111146668999,0.022128052035286894,-0.07098252812165218,-0.108634047602429,-0.10850544970540876,-0.10996563573883167,-0.11072664359861606,-0.3454047294399807,1.3131356784668462,-1.108837076630352,-0.5192393698961422,-0.26214819899562847,-0.012311193875439663,0.05283911671924302,0.032258064516129004,0.02179327521793284,-0.04193548387096768,-0.11867426942266568,,0.03454121635939833,0.07172995780590719,-0.034482758620689724,-0.05960015088645798
2016-04-02,0.03519796700261635,0.06787104627362939,0.010427016321019833,0.019834134594731934,0.06086556865608217,0.08711174241002362,-0.10446389885100671,-0.10446389885100671,-0.10424710424710426,-0.10505836575875482,-0.45959728700264,-0.5463424376447548,-0.5865920123894333,-1.5723883682469681,0.20336140625765076,-0.09861736671205601,0.1827715355805244,0.1812499999999999,0.058805606337599015,-0.11784511784511786,-0.1605337646583097,,0.02478492421138867,0.19947506561679784,-0.011904761904761862,0.04713196951464105
2016-07-02,0.001993331918037855,0.014018523283478634,-0.040830897217595585,-0.05834938989092775,0.04445313979173249,0.06366808069442365,0.48756033296803225,0.48756033296803225,0.48275862068965525,0.4869565217391305,1.987950058072009,-0.0337420916972585,-19.96037749441683,-0.17269608138205017,0.1398097756980825,0.10104003253733063,0.04813172894236861,0.08597883597883604,0.04359712230215829,0.041984732824427384,-0.11271676300578037,,0.042374575254847,0.05579868708971558,0.024096385542168752,0.07680520972993676
2016-10-01,0.010449313093562784,0.016228390348610233,-0.03678976418177382,-0.046781611472412665,0.05334159331655308,-0.007010668578076973,0.057565402761885265,0.057357712745113476,0.058139534883721034,0.0584795321637428,0.05753121811379436,0.35100418133317657,-0.04284373587042012,-0.9957072176949942,0.0005265553463216222,0.06174142480211087,0.01993957703927496,0.05602923264311799,0.053219357507238385,0.0146520146520146,-0.022801302931596212,,0.0425695110258868,0.04870466321243527,0.0117647058823529,0.06616862326574169
2016-12-31,-0.018232839532260736,-0.029304473824166455,-0.0634640253863723,-0.08882721263558724,0.01959405815115578,-0.04863393194571031,-0.13387530662002833,-0.13396460668952104,-0.1346153846153847,-0.13259668508287292,-0.2123335347265456,0.1496850624979602,-0.5130104440818855,160.98305084745763,0.08524815356620397,-0.051043737574552606,0.0035545023696681444,0.04036908881199541,0.019374263647074175,-0.09747292418772568,-0.10944444444444434,,0.038440316350928816,0.025691699604743157,0.011627906976744207,0.0653153153153152
2017-04-01,0.04857204800189541,0.07589488384312082,0.0486228620298399,0.040468745401571526,0.04863903459061625,0.017446895076712376,-0.14200763215086332,-0.14175061409289702,-0.1428571428571428,-0.14649681528662417,-0.516198464733195,-0.043848319258155355,-1.7406972668508873,5.9866066757350636,0.5488102576747627,0.13559943434766653,-0.010035419126328216,0.019955654101995624,0.04661615513034545,0.11199999999999988,0.08359326263256395,,0.00017711654268515176,0.026011560693641522,-0.011494252873563204,0.03406154568945263
2017-07-01,0.08035167877151816,0.07382659407729397,0.10128140783685735,0.13874209028871132,0.06422974035776341,0.10465112613677552,0.2998045414202659,0.2998045414202659,0.2999999999999998,0.29850746268656714,0.49501452839970583,1.3443890804910512,0.8316679138970815,-1.8716059367090503,-0.30884756628245136,0.09261138271377178,-0.03875968992248047,-0.023913043478260843,0.06404907975460117,0.04676258992805771,0.06044905008635593,,-0.015052240127501282,-0.010328638497652642,-0.011627906976744207,-0.05701953657428438
2017-09-30,0.020132204252973684,-0.0033941511293599236,-0.021843338811362356,-0.16260791403204544,0.05314126566475519,-0.0018458743810736422,0.03584457632125093,0.03566811543610782,0.03418803418803429,0.03735632183908044,0.8562557460604203,-0.5156017172019907,-2.686163181927421,-0.21413106979621288,-0.3511724688646939,0.05111861544955665,-0.04466501240694798,-0.03118040089086871,0.05315959409594084,-0.013745704467354014,0.04614549402822998,,0.032362459546925626,-0.016129032258064502,-0.0117647058823529,0.19007468079980727
2017-12-31,0.023009752416789375,0.018977961577239633,0.000335821440657913,-0.015447801979816211,0.03978611446782265,-0.03243319406496192,-0.10979353763540411,-0.10964186103363593,-0.11019283746556474,-0.11080332409972293,-0.30622968910206283,0.4609921352475981,-1.0582301484081313,-1.0083522826657338,0.004520603062649453,0.07196498132605122,-0.04220779220779225,-0.033333333333333326,0.038541552611409235,0.017421602787456303,0.07317073170731714,,0.016544757924068287,-0.012536162005785889,-0.023809523809523836,0.03502024291497974
2018-03-31,0.03848901677432548,0.05501444033305458,0.03702358823787133,0.05293265872171515,0.03949208135469906,0.018194696122615595,-0.13150953914251717,-0.13277837406085413,-0.13312693498452022,-0.1339563862928349,-0.42628838380201206,-0.2799331951506837,4.299167788520377,77.42670157068063,0.35294048348334206,-0.04690368261341926,-0.038644067796610004,-0.030915576694411362,0.037111228255139794,-0.08219178082191769,-0.05222437137330749,,0.0008566044200788436,-0.011718750000000111,-0.012195121951219412,0.0019557989438685475
2018-06-30,0.02656505714958124,0.11092312636678425,0.05925081784506392,-0.02140197645846964,0.0037627711199172964,0.0683242945657121,-0.05834283360317294,-0.05696509179175002,-0.05714285714285705,-0.05755395683453224,1.3891435806754426,0.01232594163401557,1.5569579325396368,12.46450148536333,3.5124735508476794,-0.11583664164144492,-0.09590973201692521,-0.0895705521472393,0.0036596523330283404,-0.14552238805970152,-0.12244897959183687,,-0.022252653200958594,-0.07806324110671936,-0.024691358024691357,0.13520723534387402
2018-09-29,0.008289644540395713,-0.0471774396272896,-0.016872589727608966,0.08084546020718753,0.026909313270936597,-0.012112468151123768,0.1547770441435301,0.1513688665520434,0.1477272727272727,0.15267175572519087,-0.37522786562438604,1.2195132928016759,-1.7066973761459603,-2.0582374567098762,-0.8237236263715059,-0.1057615364097092,-0.0725429017160687,-0.06873315363881416,0.03251291400790035,-0.10917030567685593,-0.04302325581395339,,0.01855742296918761,-0.05680600214362275,-0.012658227848101222,-0.11841577348541288
2018-12-31,0.007553077373104067,-0.008612566423434664,0.0483782462955189,0.10447740501293246,-0.017179559996382765,-0.03817346217299078,0.01024610925365499,0.0003490278029363303,0.00990099009900991,0.009933774834437026,0.0488484418590196,-0.4398891037421957,-1.2970527338258224,-1.0648878477306003,0.30321507153725746,-0.28883917474521503,-0.028595458368376736,-0.0318379160636757,0.00843633509907793,-0.31372549019607854,-0.25273390036452004,,-0.02457889309040906,-0.02386363636363631,-0.012820512820512886,-0.10239906377998831
2019-03-30,0.03862487587909502,0.039844135315135754,0.06519912126811067,0.05143775455500954,0.018427552801294267,-0.002502636180898743,-0.4698459485739451,-0.46301596134651224,-0.4509803921568628,-0.45245901639344266,-0.40689676809861286,-0.30297116378260613,-0.42345753377506234,-1.483122134373082,-0.11240655186896265,-0.09709891646277535,-0.10822510822510834,-0.11958146487294474,0.016926070038910668,-0.09999999999999998,-0.08455284552845532,,-0.01938325991189427,-0.10360884749708965,-0.012987012987012991,-0.0110097059249602
2019-06-29,0.01477588326414958,0.025453804837528127,-0.007219439850166598,0.07906944375288094,0.03226501396615755,0.05813534548759658,0.6650162437800715,0.6650162437800715,0.6666666666666665,0.6706586826347307,1.3286527915738495,-0.3290162657286527,-9.665522388059701,-2.6759826632790316,0.21224968770110153,0.05210591514400731,-0.006796116504854344,-0.01018675721561979,0.0360627511000573,0.031746031746031855,0.1651865008880995,,0.017250673854447562,0.006493506493506551,-0.013157894736842146,-0.04972901713783495
