Quarter end,Assets,Current Assets,Liabilities,Current Liabilities,Shareholders equity,Revenue,Earnings,Earnings available for common stockholders,EPS basic,EPS diluted,Cash from operating activities,Cash from investing activities,Cash from financing activities,Cash change during period,Cash at end of period,Price,ROE,ROA,Book value of equity per share,P/B ratio,P/E ratio,Cumulative dividends per share,Equity to assets ratio,Net margin,Asset turnover,Current ratio
1996-03-31,0.05371712234771886,0.20049243797556215,0.05852977562798811,0.1036606331415535,0.04876515632210254,0.41090030758769225,20.688317302496486,20.688317302496486,inf,inf,2.8233045547187308,-0.2880610276748369,-1.0307560302829866,-1.9577189847380527,1.8049417087175916,2.0,0.4296296296296296,0.35674676524953797,0.0,0.33333333333333326,0.0,,-0.004666260904848896,0.4019607843137254,0.03301886792452824,0.08777486200343865
1996-06-30,0.05371712234771886,0.20049243797556215,0.05852977562798811,0.1036606331415535,0.04876515632210254,0.41090030758769225,20.688317302496486,20.688317302496486,inf,inf,2.8233045547187308,-0.2880610276748369,-1.0307560302829866,-1.9577189847380527,1.8049417087175916,2.0,0.4296296296296296,0.35674676524953797,0.0,0.33333333333333326,0.0,,-0.004666260904848896,0.4019607843137254,0.03301886792452824,0.08777486200343865
1996-09-30,-0.06216383491128663,-0.16731713089981026,-0.13819349588169438,0.5390077924046648,0.01679504234419449,0.0390287480088527,-0.7226059138338267,-0.7226059138338267,-0.75,-0.75,0.5560075408845897,-0.07320933913731698,-38.44903122711232,-0.7100401363190593,1.8049417087175916,0.3333333333333335,0.4296296296296296,0.35674676524953797,0.0,0.33333333333333326,0.0,,0.084182633509988,0.4019607843137254,0.03301886792452824,-0.4589468430247068
1996-12-31,-0.047653074634775194,-0.11188690620076247,-0.08046430754749168,-0.08046430754749168,-0.01877176999326835,-0.35301116027446866,-2.56319609111159,-2.56319609111159,-3.0,-3.0,-1.702340517507565,-2.8299940878933194,-1.7294536196299384,-1.052291204730229,-0.033648676592224924,0.0,0.4296296296296296,0.35674676524953797,0.0,0.0,0.0,,0.030268847527730625,0.4019607843137254,0.03301886792452824,-0.03413284132841332
1997-03-31,-0.024681184323889993,-0.07307082778858853,-0.05566465823136657,-0.5477706752698781,0.0008765837386126574,0.018432701143571872,-1.1215525166628362,-1.1215525166628362,-1.0,-1.0,-1.3793529369894446,-2.120521932658482,-1.572137496679089,18.876939622061762,-0.692121691961205,-0.25,0.4296296296296296,0.35674676524953797,0.0,-0.25,0.0,,0.026094890510949043,0.4019607843137254,0.03301886792452824,1.049665711556829
1997-06-30,0.12228229011114289,0.441910378370882,0.20528342814944045,0.4384473800647015,0.057683768847502925,0.6147326543987248,25.592436776175845,25.592436776175845,inf,inf,0.21585616211562653,2.0686197562108566,-2.0850018744461867,-2.7816801799364654,4.005282179594106,0.0,0.4296296296296296,0.35674676524953797,0.0,0.0,0.0,,-0.05744264627423079,0.4019607843137254,0.03301886792452824,0.0024075799937868236
1997-09-30,0.014695919256463963,0.06741111912242514,-0.031086108610137053,-0.05423524210883657,0.055299739877725074,0.16898299163864872,-0.10941707862052785,-0.10941707862052785,-0.16666666666666663,-0.16666666666666663,1.2652574914441854,-0.7170067388047625,-1.9192191260714049,-0.017383042965225193,0.7863009608975784,0.3333333333333335,0.7063903281519861,0.35674676524953797,0.0,0.33333333333333326,-0.20000000000000007,,0.040000000000000036,0.6293706293706294,0.05936073059360725,0.12861238087859306
1997-12-31,-0.0535712159845767,-0.07145119626265328,-0.1317100700800623,-0.2042697810531814,0.01005678285771583,-0.18130508497908493,-0.6698183066571659,-0.6698183066571659,-0.4,-0.6000000000000001,-0.16257611550923,-7.0790925020750715,2.372735621382654,-1.526866956579325,-0.2319183627462984,0.0,0.3319838056680162,0.35674676524953797,0.0,0.0,-0.44453125000000004,,0.06712626995645854,0.24463519313304727,0.09051724137931028,0.16688405299649878
1998-03-31,0.0236957711697956,0.045042025405029884,-0.043711509943234805,-0.04543059889653034,0.07088110277318682,0.023858619359218958,3.2629001837701903,3.2629001837701903,1.666666666666667,2.5000000000000004,0.1351824070019787,-1.8452809350138661,-0.840417017051499,-1.5923343779852184,0.1788523673497271,0.0,0.4756838905775078,0.5108991825613078,0.0,0.0,-0.3075480543834974,,0.04607276436586205,0.4137931034482758,0.07114624505928857,0.09477585598305693
1998-06-30,0.16198249190290315,0.4498246230196361,0.2664780786700498,0.6188593711015642,0.09666254484705372,0.23841174711864932,0.4403235458446424,0.4403235458446424,0.375,0.4285714285714286,2.931377611779857,-0.7929364720409496,0.00023014411783384148,22.775237664101404,3.607116258405431,1.0,0.16580844490216262,0.19116321009918846,0.5,1.0,0.2999322951929586,,-0.05607020965382736,0.173170731707317,0.014760147601476037,-0.10441184373152768
1998-09-30,0.11378462198680195,0.25498763181026507,0.1254326423213834,0.36992604017016095,0.10537600324708096,0.18915682773342657,0.11487295411225396,0.11487295411225396,0.09090909090909083,0.09999999999999987,0.22306294636849522,0.621877437808789,-0.6024183374723295,0.2718954388370034,0.9958235171622465,0.375,0.17844522968197873,0.18925056775170312,0.0,-0.08250000000000002,0.14583333333333348,,-0.007575757575757458,0.18918918918918926,0.0,-0.08388335533421343
1998-12-31,-0.022629826072161685,-0.037561395555886556,-0.1598617234213794,-0.19271857750615684,0.0782343822792626,-0.27293553316799046,-0.373107953923269,-0.373107953923269,-0.41666666666666663,-0.4545454545454546,-1.1095655619779716,-0.08800957694692058,1.8489722610257435,-1.2236325411283238,-0.11158228257325131,-0.09090909090909083,0.08508245877061471,0.10884786760025467,0.0,-0.09264305177111709,-0.2727272727272727,,0.10322692574600967,0.15559440559440563,-0.043636363636363695,0.19216662300235798
1999-03-31,-0.002380655721974434,-0.009773715063213784,-0.1260125023968166,-0.08457563465991569,0.06842206848095445,0.2626168797682551,0.28038316605036107,0.28038316605036107,0.2857142857142856,0.5,-1.1875805173917566,1.2801908021189816,10.080511620739413,2.6180548582521674,-0.4544155430942366,0.0,-0.026597582037996448,0.0011481056257176547,0.0,0.0,-0.11750000000000005,,0.07092310111652766,-0.015128593040847238,0.019011406844106515,0.0817492583232613
1999-06-30,0.17144618225432207,0.33149030289380943,0.3275497693166165,0.4124707094079194,0.0983163016234545,0.2569516236805527,0.5845208337000722,0.5845208337000722,0.5555555555555558,0.5555555555555558,23.719313213181188,-0.007936059212047986,-0.9044432054092736,-1.4711033993892038,0.3923805093369124,0.0,0.023420865862313622,0.04644495412844041,0.0,0.0,-0.05594900849858353,,-0.06240822320117467,0.021505376344086002,0.02238805970149249,-0.05733875063484006
1999-09-30,0.07853045074979415,0.07133559611849694,0.069530258950399,0.06446867874189399,0.08362677589773382,0.07047333575833603,-0.07181135822356777,-0.07181135822356777,-0.07142857142857151,-0.07142857142857151,-0.34386802017317175,4.767236064265767,-2.8995891743131406,-1.0804693205039304,-0.022676698469704992,0.0,-0.03120665742024964,-0.007671232876712231,0.3333333333333335,0.0,-0.09977494373593399,,0.00469851213782313,-0.012030075187970057,0.007299270072992581,0.006411292495016374
1999-12-31,0.03878056676359054,0.08224701403177148,0.01763853122046677,-0.05127200281931854,0.050596431501880534,-0.1488778267227524,-0.40752770862258825,-0.40752770862258825,-0.3076923076923077,-0.46153846153846145,-1.852574976921074,-0.9996424528810393,-1.5847043254161735,11.454885153890736,-0.28898899132697187,0.0,-0.05189692197566198,-0.04748757592490349,0.0,-0.2492492492492493,-0.04749999999999999,,0.011379579111457705,-0.0578386605783866,0.010869565217391353,0.1407387580299786
2000-03-31,-0.034383177762810746,-0.06657810225178562,-0.13044273394349104,-0.14019503741567185,0.017618446509576335,-0.08386010319616843,-0.13118088682042128,-0.13118088682042128,-0.2222222222222221,0.0,1.1864136462001427,677.2110552763819,0.11994019965215741,1.2966311012384018,-0.9334610818976137,-0.10000000000000009,-0.10305775764439418,-0.10028985507246369,0.0,-0.09999999999999998,-0.12073490813648291,,0.053791615289765504,-0.058158319870759256,-0.04659498207885304,0.08564456333004844
2000-06-30,0.09906493604123856,0.13963150188557916,0.14082532791533398,0.1496294130332283,0.07974729391393431,0.41862386799050344,1.4009298026603574,1.4009298026603574,1.4285714285714284,1.2857142857142856,-1.2291220315045175,1.5366245813698467,-2.849953996457993,-0.9935600074221475,-0.09034535893542384,-0.11111111111111105,-0.007154882154882136,0.005798969072164928,0.0,-0.11111111111111116,-0.06766169154228874,,-0.017551557700746012,0.0017152658662094034,0.003759398496240518,-0.008688510417567352
2000-09-30,0.2869866558838077,0.11094268234435023,0.7350245567576723,-0.0683621966654051,0.0680082272820377,0.001537448534253416,-0.17365853008951704,-0.17365853008951704,-0.17647058823529405,-0.1875,-0.1586536241120995,9.132756248667311,18.170144748379307,-1.2926809074350059,0.02906857222738446,0.25,-0.0457821110640102,-0.08648302370275451,0.25,0.25,0.19103521878335128,,-0.17016525234479674,-0.022260273972602773,-0.06367041198501866,0.1924737278158113
2000-12-31,-0.011917535249558853,-0.0352026316216395,-0.03829589016342361,-0.2241098956361114,0.009026739005265627,-0.19008842715393404,-0.8463596222644794,-0.8463596222644794,-0.9285714285714286,-0.8461538461538461,-2.1101974346306562,-1.0059710644009283,-0.959890309870417,0.5618104667609618,0.044117177012082065,-0.10000000000000009,-0.16525988449577955,-0.19354838709677413,0.0,-0.28,-0.09946236559139776,,0.021169716541083572,-0.14010507880910683,-0.06400000000000006,0.2434636340366403
2001-03-31,-0.021253826971093348,-0.03776469753727363,-0.07055361867230547,0.0021719054833180262,0.016054131963550988,0.020802871354053343,0.551614318134142,0.551614318134142,2.0,0.5,-5.448934788556435,-4.073599343423371,-5.334721697742848,10.403912334721971,0.48185053380782916,-0.11111111111111105,-0.1287919105907397,-0.15565217391304342,0.0,-0.11111111111111105,0.005970149253731183,,0.038123682361208555,-0.12423625254582493,-0.03418803418803418,-0.039847081311571775
2001-06-30,0.05726288252085254,0.06091659845641506,0.06858700605402057,0.4468241983296508,0.04942374111201575,0.3700969950336719,2.4030782183328827,2.4030782183328827,2.666666666666667,2.666666666666667,0.9303869122593837,1.4810335349092907,0.7935152656315634,2.337145216880291,1.0851331949221694,-0.12499999999999989,-0.18204031765424566,-0.2059732234809475,0.0,-0.1250000000000001,-0.022749752720078953,,-0.007446268404129208,-0.1813953488372092,-0.030973451327433565,-0.26673813169984695
2001-09-30,0.03302544971538124,0.06916604818350436,0.003942277894486201,-0.14426691820553839,0.053525960089793045,0.018082703329887817,0.13652694070111293,0.13652694070111293,0.18181818181818188,0.09090909090909083,-1.3434116358315875,-0.35108100408344145,-1.60418660482671,-0.25467612203131695,0.38787722670259783,0.1428571428571428,-0.06572068707991041,-0.04798962386511019,0.0,0.14285714285714302,0.3400809716599189,,0.019948849104859168,-0.07386363636363646,0.027397260273972712,0.24940478676747002
2001-12-31,-0.06894651613590497,-0.12114731149175373,-0.20515039052852801,-0.21130001822034705,0.022543955763187684,-0.17434232125209448,-0.7396999520152026,-0.7396999520152026,-0.7692307692307693,-0.75,-3.3945030417575244,-0.8341756097560975,-2.927129624544202,-2.9966730523627074,-0.5580205448159676,0.0,0.005595523581135131,0.04087193460490446,0.0,0.0,0.035498489425981994,,0.09829488465396197,0.0030674846625766694,0.040000000000000036,0.11430195239368812
2002-03-31,0.003168903979903881,0.009538087463437428,-0.022411096444114764,-0.07641212796749575,0.016525319843658792,-0.13986919275390308,0.2533114806133412,0.2533114806133412,0.3333333333333335,0.3333333333333335,-0.9264817426121165,1.266076366417603,-1.050915336061044,-1.6516011628539173,0.8226781395236153,0.0,-0.006359300476947549,0.023560209424083878,0.0,0.0,-0.03428154631655733,,0.013242009132419907,0.030581039755351647,-0.008547008547008517,0.09306651465602589
2002-06-30,0.07152549541885822,0.15860979743095638,0.11567079373782274,0.5552277364905702,0.04935824108811859,0.4126630492017327,2.095332951819698,2.095332951819698,2.25,2.0,5.30770451731691,-1.9116222917450962,-11.98801817149347,-2.4271627843056414,-0.6441596015941551,0.0,0.016799999999999926,0.04347826086956519,0.19999999999999996,0.0,-0.033232628398791486,,-0.02073005858494803,0.047477744807121525,-0.004310344827586077,-0.2550160568715176
2002-09-30,0.011676287095780724,0.02464486250447595,-0.0544975319637262,-0.1185920474370693,0.047004846969521896,0.02743094671085866,-0.0006750149282147566,-0.0006750149282147566,0.0,0.0,1.7711442936300634,-2.2254610181559276,-1.062421880364092,-10.463086325071448,17.130539265125197,-0.12499999999999989,-0.029897718332021928,0.001225490196078205,0.0,-0.26875000000000004,-0.15312500000000007,,0.03497468936953507,-0.005665722379603388,0.008658008658008587,0.16251565838921223
2002-12-31,-0.03507425421468624,-0.05923387944961789,-0.113487109057536,-0.15452048554241538,0.0027300261381570934,-0.2512976715877737,-0.9391903009309375,-0.9391903009309375,-1.0,-0.9166666666666666,-1.4276783632230803,-1.007634386111692,-15.163500887049084,-1.862882457906462,-0.8152896949285704,0.2857142857142856,-0.1021897810218978,-0.08690330477356178,0.0,0.28205128205128216,0.2859778597785978,,0.03912850155624725,-0.06267806267806264,-0.025751072961373467,0.11269926789845663
2003-03-31,0.03133601500908045,0.052088431072632835,0.03445449719877858,0.2401055151944298,0.030006791503247143,0.09317120773172571,7.195942621889646,7.195942621889646,-inf,5.0,-3.3745656924418808,-498.158295281583,-0.33370437669725195,-1.7039467366601582,3.1071386079714456,-0.11111111111111105,0.04065040650406493,0.0536193029490617,0.0,-0.11333333333333329,-0.050215208034433245,,-0.0012836970474966458,0.033434650455927084,0.017621145374449254,-0.15161354638411795
2003-06-30,0.03223794896273713,0.04505167254406506,-0.050509732232796534,0.1884192817125696,0.06766066689551198,0.28627593842132715,2.123163120724216,2.123163120724216,2.166666666666667,2.166666666666667,-0.6119169650170069,0.5537223734282819,1.5474386048464415,-1.8705665696616953,-0.6586023160151214,0.0,0.17361111111111094,0.2048346055979644,0.0,0.0,-0.06419939577039269,,0.034418737503570496,0.19117647058823528,0.01298701298701288,-0.12062714026723964
2003-09-30,0.1041633378258513,0.16605501860832272,0.18603216955934743,0.27204731166424345,0.07299584159782335,0.17184435515079688,0.058998555521387885,0.058998555521387885,0.05263157894736836,0.0,-0.04553971096342757,0.6437240023093733,-1.0099709044609553,-1.1523801800340605,0.2939619809772305,0.375,0.1568047337278109,0.16895459345300945,0.16666666666666674,0.37593984962406024,0.12106537530266337,,-0.028303189286207453,0.1358024691358024,0.02991452991453003,-0.08334287786813277
2003-12-31,0.009107697821901795,-0.004556854789600551,-0.08090501905527814,-0.15053452767083764,0.04698557424698735,-0.20202001208251286,-0.41432156784082796,-0.41432156784082796,-0.35,-0.42105263157894735,-0.4517486771464988,-0.07787960704160346,14.998273054719494,-0.4461126996869954,0.1258319876718279,0.4545454545454546,0.17647058823529393,0.18789521228545625,0.0,0.2513661202185793,0.2289416846652268,,0.037510656436487544,0.16739130434782612,0.016597510373443924,0.1718450645564349
2004-03-31,0.12029774010174132,0.21116334319666352,0.26964174412722186,0.3508129364904342,0.06512948600978885,0.17816864969320134,0.780360494946645,0.780360494946645,0.6153846153846152,0.7272727272727273,2.5551091863027064,-0.5531220627675604,-0.8719331846766408,12.975653250168962,1.5620307885528106,0.4375,0.18641304347826093,0.18250950570342206,0.0,0.4366812227074235,0.17574692442882256,,-0.049164612434949184,0.16573556797020483,0.01632653061224487,-0.1033906738697754
2004-06-30,0.23956182892915323,0.386434850448649,0.4338630431514854,0.5427003620300448,0.15400478925255667,0.47173591382131375,1.325925522184272,1.325925522184272,1.2857142857142856,1.263157894736842,1.2100543011128235,0.22253285119579225,13.859189866101532,1.7138602231730848,1.6545988609370608,0.826086956521739,0.3018781493357765,0.26045016077170424,0.1428571428571428,0.8237082066869301,0.47732934728450416,,-0.06899034999279863,0.23162939297124607,0.02008032128514059,-0.10128037420224367
2004-09-30,0.1588455166947247,0.2338800415343938,0.1686756127322977,0.1997530946422965,0.15346730298327604,0.1428013038423901,0.14188220944285024,0.14188220944285024,0.12500000000000022,0.13953488372093026,1.1108933284765614,-0.29495148033751983,0.11145632263825878,1.1053391917724227,1.3122479180764608,0.1428571428571428,0.21745249824067536,0.18673469387755093,0.25,0.0,-0.15548060708263067,,-0.004641089108910923,0.18287937743190663,0.003937007874015741,0.02844918842625277
2004-12-31,0.061916790851232806,0.09236223792999443,-0.1486739787520336,-0.2094306705919331,0.17865373481712732,-0.043770523384060844,0.26352315229343115,0.26352315229343115,0.2407407407407407,0.4285714285714286,-0.5588943309618317,0.38528001188021244,-1.068209623160679,-0.6230388547294021,0.2139331488677776,0.29166666666666674,0.24913294797687868,0.2536543422184008,0.09999999999999987,0.03333333333333344,-0.025958466453674056,,0.10988498601181229,0.23903508771929816,0.011764705882353121,0.3817386456233649
2005-03-31,0.21708290683863507,0.2910682531243678,0.3610326736226481,0.4404630064847097,0.1594474652392901,0.19224181369008586,0.20718490086840968,0.20718490086840968,0.20895522388059695,0.04285714285714293,1.309688257275016,-0.39652962874531605,-6.385039656241315,1.59650099508988,0.4575850280025586,0.564516129032258,0.14183248496066647,0.13888888888888884,0.18181818181818188,0.42258064516129035,0.05453054530545298,,-0.04733230639966379,0.14513274336283177,-0.00387596899224818,-0.1036997951455707
2005-06-30,0.21225240904452014,0.26499652786320826,0.15768988595887734,0.17838767086265372,0.23789669316992623,0.4236706062184674,0.723707484912173,0.723707484912173,-0.14814814814814825,-0.136986301369863,-0.6579053244298559,-69.19599744844403,-1.0799179026264807,1.0996904887273429,0.09333212797066004,0.4948453608247423,0.15906788247213766,0.17916290274013846,0.23076923076923084,0.26417233560090714,0.15163297045101087,,0.021167132147581924,0.15765069551777433,0.015564202334630295,0.07348408768223846
2005-09-30,0.2010014321578879,0.24197520297852249,0.08484326250626006,0.09418963093983956,0.25205824859523873,0.23385731752327676,0.3279397243733937,0.3279397243733937,0.3333333333333335,0.31746031746031744,4.1862156314735435,-1.5441676553729091,-2.2033182653618795,-0.6102883651297504,0.23495486934957444,0.35862068965517246,0.14405594405594413,0.17747701736465782,0.25,0.10403587443946183,0.25185685347737996,,0.042464373110695286,0.14485981308411233,0.03065134099616862,0.13506887318945782
2005-12-31,0.1276201687378251,0.14543434710709424,-0.04253344343377674,-0.053183103243220176,0.19242204895709336,-0.07030228401137395,-0.0891646424999536,-0.0891646424999536,-0.09782608695652184,0.048192771084337505,0.4541092633090946,-0.5391449438329374,-6.911079920739763,1.5938274159243249,0.4934855489454606,0.36040609137055846,0.0025977995110024743,0.02732595966167861,0.1499999999999999,0.08854589764419174,-0.06742179072276155,,0.0574426953880145,0.048979591836734615,-0.02230483271375472,0.20977093162053095
2006-03-31,0.24383445932856218,0.27835575863843176,0.40565495282502084,0.45922444604047175,0.1943494597739479,0.2217748612298418,0.1437664142091324,0.1437664142091324,0.12048192771084354,-0.034482758620689724,-0.03934012264656195,12.222815375496003,-8.815636566799357,-2.5274069131958194,-0.5046940290475193,0.58955223880597,-0.015851242188690717,-0.0008444162972345293,0.17391304347826098,0.3820895522388059,0.24233661075766344,,-0.039827631235309635,0.02056698165647597,-0.019011406844106404,-0.12394577959452169
2006-06-30,0.3057388590763026,0.3410915523689264,0.2662601782740115,0.3231260500315525,0.3199474166443219,0.3030636832092073,0.3370455787458684,0.3370455787458684,-0.6666666666666667,-0.6666666666666666,-0.9572172238695859,-0.4594220171593605,14.80604688858488,-0.6280612287692957,-0.3789978202378139,0.5798122065727702,-0.05792163543441242,-0.04584829917599831,0.33333333333333326,0.34611231101511875,0.316806331471136,,0.010879912960696236,0.0,-0.04651162790697683,0.013568957657343672
2006-09-30,0.1676703847439862,0.18017845708630964,0.6088560345458538,0.5358551649353303,0.015344027655638692,0.14490152976537618,-0.06180851063829784,-0.06180851063829784,-0.06451612903225812,-0.0357142857142857,38.08768211608048,-1.3902626609387632,-2.504335011845578,-3.1575241472919355,1.3167053364269141,-0.025260029717682153,-0.08137432188065097,-0.11691762621789192,0.0277777777777779,-0.2691536301644605,-0.23952625066289546,,-0.13036459034037395,-0.07135076252723316,-0.04878048780487809,-0.23157922586448665
2006-12-31,-0.007834443883181552,-0.030591178128523078,-0.24220946419310518,-0.3569601342501637,0.12038945136337853,-0.15283356563502326,-0.1608753071020902,-0.1608753071020902,-0.10344827586206884,-0.14814814814814814,-0.7018333626738424,-2.7563679444867564,-1.003532506576475,-1.3526231477773327,-0.20041425775026178,-0.2332317073170731,-0.09377236936292055,-0.09804413239719145,0.1351351351351351,-0.2541163556531284,-0.2824267782426778,,0.12917698019801982,-0.05161290322580647,-0.0512820512820511,0.5075402837074783
2007-03-31,0.19403188356919565,0.1919122537315061,0.45019690711747185,0.39105389621755804,0.0992429492989284,0.09586956030200433,-0.09020976885346343,-0.09020976885346343,-0.15384615384615385,-0.08695652173913049,3.051197705802969,-0.46547819802457235,-3.24468085106383,-5.171039182282794,1.0454610151157162,0.23856858846918483,-0.12006319115323849,-0.1390047261606896,0.09523809523809534,0.09124356144223689,0.22319403952057004,,-0.07932593505959717,-0.07915893630179349,-0.06306306306306309,-0.14315404819001942
2007-06-30,0.2343606568062444,0.24731448364602104,0.27086369055504034,0.3057722665812532,0.21654097048766885,0.47578277149041615,0.8967719576195663,0.8967719576195663,0.9545454545454546,0.8571428571428572,-0.9146592825466886,2.022264287001983,-62.88151658767772,-1.4458149539835539,-0.22786166585484657,0.1043338683788122,-0.012791741472172324,-0.04003874717468503,0.19565217391304346,0.008766014834794333,0.10434322033898313,,-0.014434523809523925,-0.0282068502350572,-0.014423076923077094,-0.044779699869392564
2007-09-30,0.1183522956046108,0.1274271340323121,-0.10093159609120517,-0.14305112660756214,0.2301801667115173,0.010001511666387408,0.1954007987262143,0.1954007987262143,0.16279069767441867,0.17948717948717952,8.26372285923396,0.6545975126010319,0.6157616604120395,-1.2193855738105417,0.06474171803467788,0.16860465116279055,0.005683109797681274,0.038345105953582204,0.21818181818181825,-0.022727272727272818,0.05155875299760182,,0.09995470330665857,0.08016586040082929,-0.03902439024390236,0.3156235175935487
2007-12-31,0.07144149993114168,-0.4142476149176062,-0.11282761019368581,-0.15271061859148016,0.14011985427362306,-0.002317858024117103,-0.015219337511190645,-0.015219337511190645,-0.020000000000000018,-0.021739130434782594,0.19427472874749818,0.705697856769472,-0.8746741242830735,-13.982739420935411,-0.7894166638453465,0.10572139303482597,0.007459312839059651,0.03206997084548102,0.11940298507462677,-0.09233926128590975,-0.05701254275940704,,0.06410432395332877,0.05694177863083816,-0.020304568527918843,-0.3086663273097481
2008-03-31,0.07215531313635815,0.36740835612939526,0.07991113724721477,0.12377987717329675,0.06990598507225809,-0.13971894030927923,-0.36117516629711754,-0.36117516629711754,-0.36734693877551017,-0.3555555555555556,-0.42825641138724113,-1.1191097678252506,-0.41906202723146746,-1.830617146288116,3.113745980707395,-0.2485939257592802,-0.08211801660309614,-0.05147520401757677,0.06666666666666665,-0.32856066314996224,-0.358162031438936,,-0.002063983488132193,0.006053268765132902,-0.05699481865284972,0.21678171498696108
2008-06-30,0.028383333418964485,0.17529046788881542,0.08482831644229316,0.130148164054112,0.011860192747504383,0.33022273751284303,0.7435007462427545,0.7435007462427545,0.741935483870968,0.7586206896551726,0.820232952792348,10.82175494632242,-32.6796875,2.4020394991609657,2.57504640937958,-0.15568862275449102,-0.023221706184307078,0.005294506949040434,0.02499999999999991,-0.2087542087542088,-0.19819140919366984,,-0.016158221302998932,0.03489771359807459,-0.027472527472527486,0.0399384786061876
2008-09-30,0.06607135719900348,0.09924520392392622,-0.12148275188934443,-0.16061826680093483,0.12493326565084595,0.009714998370204508,0.04389632107023411,0.04389632107023411,0.05555555555555536,0.05882352941176472,0.3370484161457781,-0.9238834310245191,-1.0049116317303741,-0.44237277846074463,0.40164960399665484,-0.20744680851063835,-0.042042042042042094,-0.01876234364713636,0.13414634146341475,-0.22695035460992907,-0.26315789473684215,,0.055314676126658746,0.000581395348837388,-0.02259887005649719,0.30958904109589036
2008-12-31,0.1900988212064123,0.17617575878217684,1.5832744760378064,1.1202422047422331,-0.1513590788411604,-0.10742282077014309,-1.44716516963213,-1.44716516963213,-1.456140350877193,-1.4814814814814814,0.0026782035434693707,-2.0524551370538355,-215.06276150627616,-0.9804580651307105,0.0014233570949475638,0.031319910514541416,-0.3928944618599791,-0.4394498490439449,-0.13978494623655913,-0.089908256880734,-0.014668367346938771,,-0.2869770916334662,-0.3927948866937827,-0.07514450867052014,-0.44525493390602433
2009-03-31,-0.03825884014559544,-0.05039870021591808,-0.24016269303670112,-0.41831167860612595,0.11237497593487289,-0.03996509049738184,-2.7726458546571138,-2.7726458546571138,-2.769230769230769,-2.6923076923076925,-1.0586050481263138,-3.1735994004122166,-1.0359453489963057,14.544568245125348,0.08692333752594417,0.22125813449023846,0.09810671256454384,0.05685218432076611,0.11250000000000004,0.4193548387096775,1.0245954692556638,,0.15662650602409633,0.08421052631578951,-0.025000000000000022,0.6324923241222802
2009-06-30,0.07343760662763232,0.0875741509922443,-0.04496185459058877,-0.06315499678810677,0.13377645272351524,0.22949477080825198,0.3782990496812222,0.3782990496812222,0.3695652173913042,0.36363636363636354,-10.356796116504855,-2.3597689754751947,-0.6155519303969549,-0.8136367708986649,0.014903823762284052,0.09058614564831258,0.00901253918495315,-0.008493771234428071,0.1348314606741572,-0.019886363636363535,-0.0425191815856778,,0.05631038647343001,0.04148278905560465,-0.05128205128205132,0.16088805298879705
2009-09-30,0.01881380348558226,0.015191973973373019,0.017411587405068207,0.055275840451375347,0.01941574667211854,0.025575353871773565,-0.013685000610937581,-0.013685000610937581,0.0,0.0,1.6572993226689725,-0.7625206035247876,-72.91796322489392,7.262980769230769,0.12134155597053131,-0.11563517915309451,0.008155339805825168,-0.022272986864648847,0.03960396039603964,-0.2202898550724638,-0.17595993322203674,,0.0005716735743890311,0.01016949152542379,-0.027027027027027084,-0.03798471454231678
2009-12-31,-0.0015275292214842473,-0.005126410102613166,-0.10492853725008844,-0.22279566698536168,0.042773179501532255,-0.05525624413419972,-0.05571188390407933,-0.05571188390407933,-0.04761904761904767,-0.050000000000000044,-0.6419545528499376,-2.517618793379605,-0.33566062227117177,-0.6889509513004015,0.0336589465996342,0.11049723756906094,0.47419106317411397,0.5625000000000002,0.05714285714285716,0.06691449814126393,0.06239870340356557,,0.04427938865876313,0.5318791946308725,0.02083333333333326,0.2800527192516795
2010-03-31,0.12607146874648478,0.1939047384817183,0.23172970987881003,0.6200121821591085,0.08721555407015602,-0.18151068700715678,-0.389714564162153,-0.389714564162153,-0.3833333333333333,-0.38596491228070173,1.0600727052408363,-3.73570800351803,-1.3207910240089997,3.4480920314253645,0.14484283491041539,0.12935323383084563,-0.10504311471126193,-0.0919626168224299,0.072072072072072,0.06968641114982566,-0.2948131197559115,,-0.034468608945424695,-0.0383351588170866,-0.061224489795918435,-0.2630276856194943
2010-06-30,0.07099172416242672,0.10039111004297352,0.08101039378637265,0.17159876734344826,0.06681761718320045,0.5358489773634034,0.9604459048613456,0.9604459048613456,0.9459459459459458,0.9714285714285713,-0.13650868344043643,-0.9986175855971708,-3.117940199335548,-0.2850354296768225,0.0904556434021091,-0.15565345080763582,-0.021021897810219126,-0.02017291066282423,0.07563025210084051,-0.21335504885993484,-0.12006489994591663,,-0.003966567502479146,-0.023348519362186737,0.007246376811594235,-0.060774231105074294
2010-09-30,0.06403287404328961,0.0953182018504628,-0.07584723720547004,-0.12044576448231159,0.12308685501367789,0.04310898794370255,0.04163664275196588,0.04163664275196588,0.04166666666666674,0.04347826086956519,-0.24911444141689376,-1038.1162790697674,-1.4080610021786493,1.9326235920359967,0.2432674409810911,0.24695652173913052,-0.03071875932001189,-0.015546218487394903,0.1171875,0.15942028985507228,0.19668100799016597,,0.05561086616413036,-0.011661807580174988,-0.007194244604316502,0.24531537301406936
2010-12-31,0.05401001285697582,0.06601521839500646,-0.04145353713176125,-0.07828898888944535,0.08717357810109005,-0.164630661710349,-0.26112848893166507,-0.26112848893166507,-0.2533333333333333,-0.2777777777777777,0.32062505669962804,-6.066777289442999,0.2799786438868126,-2.5522473374917265,-0.3037248665205473,0.1659693165969316,-0.10153846153846158,-0.08920187793427226,0.08391608391608396,0.044642857142857206,0.10580380071905515,,0.03139315548369703,-0.040707964601770064,-0.05072463768115931,0.15656054548169274
2011-03-31,0.04607667648371594,0.06420509645906658,0.09737007011307153,0.20501575671018513,0.030365838642778087,0.11847551503930465,0.12030855654156158,0.12030855654156158,0.10714285714285698,0.13461538461538458,-0.5944804135396452,-0.7853362129245258,-3.8926336864937015,-0.6166538533597783,-0.16722090395161793,0.11842105263157898,0.028767123287671392,0.04498594189315841,0.03870967741935494,0.030769230769230882,0.14305620065025537,,-0.015022860875244848,0.014145141451414434,0.03053435114503822,-0.11684883954442438
2011-06-30,0.0897338497091853,0.10286047881450355,0.017192275507382337,0.04253222284488589,0.11339776206046959,0.29663401782733234,0.5305851788601639,0.5305851788601639,0.532258064516129,0.5254237288135595,3.2499047135052725,-1.2798474384084115,-1.2182615216011998,-3.0677149164939244,0.41519432835315806,0.2620320855614975,0.0,0.021973094170403495,0.11180124223602483,0.21558872305140953,0.14181227143437636,,0.021750663129973535,0.0181928441479684,0.007407407407407307,0.057854729729729826
2011-09-30,-0.012274941835485609,-0.014611980438938077,0.009377670129154803,0.02520234785295017,-0.018727955350904546,0.02718627270661811,-0.02203019656252969,-0.02203019656252969,-0.010526315789473717,-0.022222222222222254,0.0865345330981635,-10.999336967732429,-14.47225158562368,-2.0680402960258206,-0.31334514594796237,0.1550847457627118,0.011651131824234273,0.018867924528301883,-0.005586592178770999,0.03819918144611201,0.06619217081850537,,-0.0064901349948078835,0.0005955926146516966,0.014705882352941124,-0.0388300322432058
2011-12-31,0.11816127009556565,0.13857761193455098,0.34055659327974475,0.603637700462246,0.04998359330263602,-0.13640356513148055,-0.21672006990969994,-0.21672006990969994,-0.6063829787234043,-0.6136363636363635,-0.07532305547658136,-0.9825758301346045,-0.7535455775907727,-1.5507783882783883,0.2513398593800604,0.06823184152604544,0.01382033563672258,-0.003014642549526214,0.050561797752809,0.07490144546649136,0.009012016021361813,,-0.061013848967859885,0.0,0.0,-0.2899953674861424
2012-03-31,0.07952589513057484,0.08606407328459076,0.05264572423096703,0.0827802623172611,0.09004675445637988,0.10890898313725583,0.1791713152349077,0.1791713152349077,0.18918918918918926,0.2058823529411764,-0.6353050860906133,7.462579281183933,-1.103629417382999,-0.5551445118740821,0.08935215720324718,0.2451923076923075,0.015254787406686177,0.004751619870410284,0.08021390374331538,0.18581907090464544,0.1799536883890176,,0.009739807986642646,0.015476190476190421,-0.014492753623188248,0.003014826647467661
2012-06-30,0.08891548160966045,0.10104923224725049,0.02521212541861151,0.040660564978810765,0.11299338160340588,0.30363722352371836,0.44279162669680283,0.44279162669680283,0.40909090909090917,0.4390243902439024,0.993445743812891,0.8753372639152592,1.1751152073732718,-0.13635655775999,0.0708388046127355,0.3292884721456151,0.021419437340153502,0.012467755803955205,0.10891089108910901,0.22989690721649492,0.23605270535463974,,0.022185476092049017,0.009964830011723436,0.007352941176470562,0.05802920526681765
2012-09-30,-0.17645457400701958,-0.201745510186621,0.037861349942454714,0.057385469196083116,-0.25107056061431277,-0.08554940604751615,-0.21542875358622893,-0.21542875358622893,-0.20967741935483875,-0.2033898305084746,0.47314424480552253,-4.63677297311699,-68.79713983050847,-5.9086876555230985,-0.3247226045943502,-0.13402489626556013,0.021596244131455444,-0.006369426751592244,-0.2276785714285715,-0.21877619446772834,-0.20231344976185073,,-0.0907252628740901,-0.022634939059779535,0.014598540145985162,-0.24506021031207592
2012-12-31,-0.20895625366776804,-0.2603059338120728,-0.07063299219330599,-0.0898725073965897,-0.27569393317784585,-0.12994611949662327,-0.21079148382902646,-0.21079148382902646,-0.16326530612244905,-0.17021276595744672,-0.35518614558251527,0.41317518809661613,-0.15797532831774752,-0.5552224989530757,-0.2138814501826507,-0.2089123143267848,0.09957107843137236,0.06965811965811963,-0.24855491329479762,0.023605150214592197,-0.22206425931191365,,-0.08435878428465526,-0.020190023752969077,0.09352517985611519,-0.18725603077873576
2013-03-31,0.0997263556418182,0.1217038612424377,0.11799873661412597,0.14285813304683836,0.0884144401665432,0.026947066595690128,-0.0660155330666039,-0.0660155330666039,-0.07317073170731703,-0.05128205128205132,-0.3408735117124104,-1.079913114252684,-0.9656708109111153,-1.3306739345887018,0.08996737283946188,0.0066626287098727754,0.06603510727222073,0.023571713943267847,0.08461538461538454,0.3396226415094341,-0.020102339181286566,,-0.010200777202072686,-0.050909090909091015,0.07894736842105265,-0.018520438132752837
2013-06-30,0.14857430719940878,0.16774118473490418,0.0354707724870571,0.04975649399877491,0.22049671286665684,0.30298230360804834,0.6831453949855109,0.6831453949855109,0.6842105263157894,0.6756756756756757,0.17288039570304847,2.578657152124554,-4.7910810810810815,1.063339827164194,0.170310844297477,0.10409145607701564,0.09749085206481967,0.04957064793130361,0.2056737588652482,0.017996870109546093,0.12831033196568442,,0.06265336168820546,-0.026819923371647403,0.07317073170731714,0.11237458193979921
2013-09-30,0.14722933401727967,0.1687980311238939,0.19413365784578884,0.2660453991345393,0.1219245789530865,-0.06420956867120808,-0.13741543701402603,-0.13741543701402603,-0.140625,-0.14516129032258063,2.2718524160737177,2.1925496238557054,-0.9347924241344074,-0.9230136057715586,0.011203534398021464,0.07138964577656659,-0.004286734936889691,-0.020453700260319674,0.12352941176470589,-0.11145272867025358,0.05388429752066104,,-0.02216748768472898,-0.003937007874015852,-0.017045454545454586,-0.07681108966041084
2013-12-31,-0.06042727303393747,-0.07463215422966907,-0.22348388687812348,-0.2789546217873832,0.03320314330309215,-0.08396197973652741,-0.17444975972751042,-0.17444975972751042,-0.1636363636363637,-0.18867924528301894,-0.6241127905788296,-0.4713116848458695,-19.808673469387756,-24.79559748427673,-0.2636410829945056,0.012716174974567673,-0.07701506816551063,-0.047076689445709974,0.03664921465968596,-0.09861591695501737,-0.019134253450439176,,0.09965365239294721,-0.006587615283267456,-0.040462427745664775,0.28337332876242716
2014-03-31,0.12183942516379687,0.1455314811042372,0.1462461761203091,0.20363654774788453,0.11130639668883457,-0.00872701992607916,0.251560344261218,0.251560344261218,0.23913043478260843,0.2790697674418605,1.0604842973458815,-0.5280471695073622,-1.1489992443471353,-2.3303951367781153,0.4763258875130707,0.18834756403817177,-0.018398548846851548,0.009960159362549792,0.11111111111111116,0.14683301343570054,0.16405500479693003,,-0.009305654974946287,0.06896551724137945,-0.054216867469879415,-0.04826904583823055
2014-06-30,0.11008902579909541,0.09750496785376184,0.04590135212495694,0.06434591945652346,0.13866091848745743,0.28177919866300827,0.4803464566929134,0.4803464566929134,0.47368421052631593,0.47272727272727266,-0.1013694813859034,0.4580830147460404,-0.7013003901170352,-0.3937578845943718,0.19559964104865069,-0.039306846999154654,-0.008975712777191114,0.014201183431952646,0.13636363636363624,-0.1355648535564853,-0.12060439560439562,,0.025722543352601157,0.06575682382133996,-0.04458598726114649,0.031154396699317966
2014-09-30,0.05305708983340485,0.08748830976909994,-0.07197285483883531,-0.08455171289469199,0.1041778993987883,-0.07454463699743452,-0.13760700126947656,-0.13760700126947656,-0.13095238095238093,-0.13580246913580263,0.2080114215786253,0.7942379124137715,2.1179799738789726,-0.422064196883551,0.09455007492273171,0.1636603607567091,-0.023974427277570598,0.015947102294826987,0.10399999999999987,0.02420135527589551,0.06841611996251196,,0.04846435615666378,0.052386495925494714,-0.040000000000000036,0.18794741283105143
2014-12-31,0.04079547882362666,0.046955787370346114,-0.11063978943745045,-0.04019038830471844,0.09283488647182714,-0.04780870855949637,0.03069078947368431,0.03069078947368431,0.027397260273972712,0.014285714285714235,0.20561618671997417,0.8912094220799556,-0.6999441496788606,-2.0773418008618734,-0.09306357956813605,0.27939508506616284,0.0027292576419213344,0.032924961715160794,0.07608695652173925,0.1587901701323251,0.19210526315789478,,0.0501209352324643,0.08407079646017701,-0.04166666666666674,0.09077994684263602
2015-03-31,0.075338018180646,0.0876718185409604,0.4551702165319489,0.5441728794881311,-0.030885390885390884,0.035048144961663974,-0.9647815402291514,-0.9647815402291514,-0.96,-0.9577464788732395,-1.457965023134922,-1.596262550535597,-23.233597021870636,-0.8016842105263158,-0.020349802739770384,0.23463356973995264,-0.2406096897114861,-0.24017790956263896,-0.030303030303030387,0.14763458401305063,0.1098847191562422,,-0.09878438899552133,-0.21683673469387754,-0.02898550724637672,-0.29563500399109355
2015-06-30,1.7778086338926764,1.1295345282983016,0.519255845032047,-0.10442628352755479,2.3063007966743716,0.10678360091322303,50.881286814680564,50.881286814680564,42.0,41.0,-0.2932542352149715,-2.8166229558778157,-34.999246546672246,-177.95169851380044,3.6757325924027047,0.07252273815222599,-0.253405017921147,-0.19756097560975605,1.7326388888888888,0.10589907604832982,0.3204419889502763,,0.19025983245775957,0.22149837133550498,-0.34328358208955223,1.3778778480257663
2015-09-30,-0.032433803481294654,-0.04378261254203131,0.013258451195128806,0.025774149416478487,-0.04125034501794089,0.09066600165484151,-0.23768143787881435,-0.23768143787881435,-0.3410852713178295,-0.33333333333333337,-4.242557978539287,0.285698514269215,-1.2102329108812397,-1.3416387453243626,-0.26857238864702193,0.009596072305289027,-0.18002880460873738,-0.15866261398176296,-0.027954256670902122,-0.6304627249357326,-0.15866108786610877,,-0.009185255874985088,0.06026666666666669,-0.20454545454545459,-0.06781212767291644
2015-12-31,0.012750596119947,-0.04480426976998897,-0.08786732983487866,0.018991054406804597,0.033269116695745726,-0.14695242916183704,-0.20525966065966295,-0.20525966065966295,-0.18823529411764706,-0.20238095238095233,-0.1451202263083451,-3.670898408473171,-0.9038533614429609,-3.051679405063458,0.75335471344392,0.06056587091069843,-0.18911007025761117,-0.17485549132947975,0.03267973856209161,0.09043478260869553,0.008155957827730154,,0.020226342403082187,0.010060362173038184,-0.18571428571428572,-0.0626009041007427
2016-03-31,0.03670274241086946,0.058691978623358176,0.029867899313797075,0.05147134613926019,0.03793313524943809,0.05384610617384955,0.18117211206492678,0.18117211206492678,0.17391304347826098,0.17910447761194037,-0.3159659353420826,-0.7103189716145434,-1.0468997441832135,-0.6226682357975821,0.16212615788145435,-0.08837015423092942,0.05631768953068583,0.07793345008756569,0.037974683544303556,-0.11642743221690588,-0.07537490134175218,,0.0012980882700024399,0.26693227091633465,-0.1578947368421052,0.006860423394330795
2016-06-30,-0.3136624489843093,-0.6591435197391318,-0.05158259293569811,-0.0800861917488972,-0.3604748624056111,0.21656135233597862,0.12412968262782442,0.12412968262782442,0.1358024691358024,0.139240506329114,0.2595587765496217,-1.9887950758093158,-1297.5753246753247,-6.935320336157327,-0.8280260067900553,0.07361682670324643,0.024606971975392966,0.01380991064175463,-0.3182926829268292,0.03429602888086647,-0.15556978233034569,,-0.06823806717737191,-0.10652515723270439,0.14583333333333348,-0.6294670220803101
2016-09-30,0.04912636179389285,0.1989433991452827,-0.009003778181151612,-0.049690764764072415,0.06452458658988447,-0.047775919409103196,0.040299860492131634,0.040299860492131634,0.09782608695652173,0.09999999999999987,0.25472477463114873,0.16273467819570286,-1.0008158355227508,-0.9554573074608043,-0.21446561277367981,0.09603918228279373,0.10473649099399585,0.09615384615384626,0.06440071556350624,0.6073298429319371,0.21935809957038166,,0.014672400708322764,0.014958205015398018,0.07272727272727253,0.2616373009155959
2016-12-31,-0.01958252123072468,-0.0759691462841866,-0.01702681643041848,-0.004343668146292501,-0.02021274717514121,-0.043389588732337114,-0.09756161195556323,-0.09756161195556323,-0.7029702970297029,-0.696969696969697,0.6208943845403039,-1.0390801354401806,-151.29711479435235,-1.38668854498461,0.10557322136528402,-0.11326986594132504,0.15458937198067635,0.13815789473684204,-0.01176470588235301,-0.16720955483170474,-0.15295336787564773,,-0.0006232859636001731,0.013003901170351106,0.13559322033898313,-0.071931696905016
2017-03-31,0.04725589753726456,0.1288486109462601,-0.005148331678324514,-0.0016256223583637208,0.060220577834279254,-0.015414618614554954,0.029107351427613226,0.029107351427613226,0.03333333333333344,0.03333333333333344,-0.3124463305220325,-1.598707961238837,-1.0525131313461367,4.512397381850455,0.5263889698131796,-0.014460999123575902,0.1302301255230125,0.11303789338471426,0.05782312925170063,-0.0026075619295957697,-0.07780768289699047,,0.012348758887364308,-0.00042789901583217826,0.10447761194029836,0.13066763043763951
2017-06-30,0.07687435614071347,0.16282805217167562,0.108103392103436,0.19442812627707395,0.06962472091021943,0.22222312051806514,0.2508877401955276,0.2508877401955276,0.25806451612903225,0.25806451612903225,0.7633237287784249,22.544589019358934,-0.6422182468694096,0.012895273074891245,0.3493060483710051,0.07558915073365946,0.00925497454881996,0.013848817080207576,0.06913183279742774,0.01699346405228752,0.03528787476784312,,-0.006776737309019176,0.026541095890411093,-0.013513513513513487,-0.026443495190770938
2017-09-30,0.005289134740253942,0.028838149886254882,0.035940421577026704,0.06506572862817217,-0.0020823529131357432,0.002654707254582833,-1.816900459500613,-1.816900459500613,-1.7948717948717947,-1.7948717948717947,-0.2451757196010087,1.2154564692878997,-53.5504347826087,-2.550263761809674,-0.40132963846435754,0.0983877635386523,-0.5011462631820266,-0.50199203187251,0.004511278195488577,0.02699228791773778,0.023833931317273294,,-0.007319191167349026,-0.5070892410341952,0.013698630136986356,-0.03402680356982957
2017-12-31,0.017436321727382076,0.07862287952677383,-0.04778305015562023,-0.0624627729703322,0.03371889790066973,-0.10898693313512398,-4.309711935514024,-4.309711935514024,-4.419354838709678,-4.35483870967742,-0.23034633130219795,-0.8535675716784547,-0.6406764516075654,-1.2020628268225162,0.1354565157155161,0.1253293187805795,1.015625,1.024,0.029940119760479167,0.12015018773466823,1.1694618272841049,,0.01599600099974996,1.0609137055837565,-0.013513513513513487,0.15048048697586758
2018-03-31,-0.01061988573604078,-0.022924428327191104,-0.034912926992632265,-0.046986620885837604,-0.005033102177750548,0.050059541805751895,-0.6410736060764137,-0.6410736060764137,-0.6415094339622642,-0.6346153846153846,-0.24668393415421352,-2.5762423134452384,1.8320515772507484,-1.2737262737262738,-0.03265471357605243,0.027926421404682378,0.022799817601459216,0.024844720496894235,0.0014534883720929148,-0.0022346368715083775,-0.5039806161301488,,0.005658056580565951,0.013546798029556717,0.013698630136986356,0.02524642118550746
2018-06-30,-0.041784068460540724,-0.10295023712956475,0.08372805876059108,0.1501623528618672,-0.06978184320546432,0.19385113306640678,-0.7497523721360796,-0.7497523721360796,-0.736842105263158,-0.736842105263158,1.36644035699176,3.616917521153491,1.2216698104003383,-9.592689143784034,0.2900637515644555,-0.1410444119082479,-0.1872492197949176,-0.1900826446280992,-0.053701015965166965,-0.1422172452407614,-0.18120493137939053,,-0.02923189823874761,-0.22073714054272997,0.027027027027026973,-0.22005082126110076
2018-09-30,0.07249756168443033,0.17717270226212478,0.04395512909457677,0.06862451401144876,0.0799151771349953,0.0002825156294143927,-1.044075759257204,-1.044075759257204,-1.0,-1.0,-0.0917423642622216,-1.7765540787430347,-1.0189473992384446,-0.6357574817801209,0.08189793038213566,0.13049242424242435,0.24958859023587499,0.2489795918367348,0.07975460122699385,0.19451697127937329,0.4014204545454543,,0.006929570366637439,0.22401247401247404,0.026315789473684292,0.10156853525005882
2018-12-31,-0.07071291604663088,-0.16189236534519214,-0.06349300474801967,-0.08412583300069165,-0.07252674938554171,-0.09046902062667295,-305.3520772135963,-305.3520772135963,-inf,-inf,0.06392863838030372,-1.4367459471381832,-52.56552390149686,-2.410424417420919,-0.10676685619169579,-0.09482325347629417,0.16374012291483764,0.15795206971677556,-0.05539772727272718,-0.16174863387978144,-0.2793431988647882,,-0.0018768768768769872,0.10743099787685773,0.0512820512820511,-0.08491630332042566
2019-03-31,0.028487542554039846,0.05716201910019558,0.04480507429120406,0.049616980928062215,0.02434821669162357,0.023546112489437165,-0.6394657996803954,-0.6394657996803954,-0.6363636363636365,-0.627906976744186,-0.6376258732941581,-0.6062638879536731,-0.6478731592756775,-0.7484416215010301,-0.030068406448182206,0.057005367388487826,0.05809128630705396,0.05079962370649094,0.022556390977443552,0.11994784876140807,-0.09226441631504911,,-0.004136893569010813,0.02032208588957074,0.024390243902439046,0.007197121151539587
