Quarter end,Assets,Current Assets,Liabilities,Current Liabilities,Shareholders equity,Revenue,Earnings,Earnings available for common stockholders,EPS basic,EPS diluted,Cash from operating activities,Cash from investing activities,Cash from financing activities,Cash change during period,Cash at end of period,Price,ROE,ROA,Book value of equity per share,P/B ratio,P/E ratio,Cumulative dividends per share,Equity to assets ratio,Net margin,Asset turnover,Current ratio
1993-12-31,0.006249389708036235,0.07768582136164892,-0.001718126231744943,-0.024595612674495948,0.03337060290702665,0.05896774193548393,0.052092228864218715,0.052092228864218715,0.05223880597014907,0.2456140350877194,0.6075514874141876,-2.097560975609756,-0.32692307692307687,0.7037037037037037,0.14835164835164827,0.05434782608695654,0.006924101198402033,0.03560209424083771,0.040723981900452344,-0.10791366906474809,0.09929701230228472,inf,0.026860413914574943,0.017906336088154173,0.0,0.10486257928118392
1994-03-31,0.006249389708036235,0.07768582136164892,-0.001718126231744943,-0.024595612674495948,0.03337060290702665,0.05896774193548393,0.052092228864218715,0.052092228864218715,0.05223880597014907,0.2456140350877194,0.6075514874141876,-2.097560975609756,-0.32692307692307687,0.7037037037037037,0.14835164835164827,0.05434782608695654,0.006924101198402033,0.03560209424083771,0.040723981900452344,-0.10791366906474809,0.09929701230228472,inf,0.026860413914574943,0.017906336088154173,0.0,0.10486257928118392
1994-06-30,0.011955361475012083,0.007244801854669358,0.0009870918754746327,-0.036877177040739006,0.04802330420307954,0.05896774193548393,0.052092228864218715,0.052092228864218715,0.05223880597014907,0.2456140350877194,0.6075514874141876,-2.097560975609756,-0.32692307692307687,0.7037037037037037,0.22009569377990434,-0.07162235485621271,0.006924101198402033,0.03560209424083771,0.05434782608695654,-0.10791366906474809,0.09929701230228472,1.0,0.03559176672384212,0.017906336088154173,0.0,0.045828549559892906
1994-09-30,0.014211465065879114,0.02423937279723809,0.009962325216819723,0.023979872631496146,0.027557179161372236,0.018033386133788243,-0.0016233766233766378,-0.0016233766233766378,0.0,0.2456140350877194,0.5153024911032029,0.2606060606060605,0.6559999999999999,1.152173913043478,0.388235294117647,0.11163062536528345,0.006924101198402033,0.03560209424083771,0.035051546391752675,0.053763440860215006,0.09929701230228472,0.6086956521739129,0.013250517598343725,0.017906336088154173,0.0,0.0002744488152959246
1994-12-31,-0.004406036080329745,-0.02331460674157304,-0.0020028540670455897,-0.004530098280098316,-0.011824715974959377,-0.012507480550568495,-0.1121951219512195,-0.1121951219512195,-0.0921985815602836,0.2456140350877194,0.18882104274307188,-0.08814102564102566,0.4444444444444444,-2.717171717171717,-0.480225988700565,0.057308096740273484,0.006924101198402033,0.03560209424083771,-0.003984063745019806,0.022959183673469274,0.09929701230228472,0.3648648648648649,-0.007355946056395557,0.017906336088154173,0.0,-0.01893177245289912
1995-03-31,0.015916731561853137,0.052415875754961094,0.005368386724531549,-0.033011955264172776,0.04880337869544804,0.0009696382037451823,0.22252747252747263,0.22252747252747263,0.2265625,0.2456140350877194,-0.8391939944685896,-1.6063268892794376,-0.6774964166268513,-1.4294117647058824,0.3967391304347827,0.025857782197911572,0.006924101198402033,0.03560209424083771,0.05800000000000005,0.029925187032419087,0.09929701230228472,0.27722772277227725,0.03211198023878126,0.017906336088154173,0.0,0.08837512818122484
1995-06-30,-0.004187933516555442,-0.041538566646170616,-0.01731666541906829,-0.0023131530669219247,0.03504847129008204,0.03705273354725436,0.05617977528089879,0.05617977528089879,0.06369426751592355,0.2456140350877194,4.511056511056511,-2.4434782608695653,1.6977777777777776,-1.904109589041096,-0.25680933852140075,0.14590402326708696,0.01110817244115303,0.03560209424083771,0.041587901701323204,0.08232445520581111,0.09929701230228472,0.20930232558139528,0.0394894295971282,0.02571041948579178,0.008000000000000007,-0.03931477516059967
1995-09-30,0.00801682218425559,0.0494689571601683,0.01038519158012341,0.08562519987208184,0.0012968299711815234,-0.025687430673127398,0.01631205673758873,0.01631205673758873,0.017964071856287456,0.2456140350877194,-0.20329915292019618,-0.5883534136546185,-0.5074135090609555,-11.409090909090908,3.5968586387434556,0.09602368866328259,0.021710698404394435,0.03560209424083771,0.007259528130671544,0.05145413870246096,0.04796163069544357,0.21153846153846145,-0.006523407521105029,0.03957783641160928,-0.007936507936507908,-0.033345221112696
1995-12-31,0.0022536785248650215,0.010595666644026336,0.0008544431041415113,0.0511083290374843,0.00625989350985745,-0.057103481335011086,-0.11235170969993025,-0.11235170969993025,-0.09999999999999998,0.2456140350877194,0.2590934527140458,-2.2146341463414636,1.4905239687848382,-0.6215429403202328,0.29612756264236895,0.13855654187572375,0.011520737327189057,0.028311425682507663,0.012612612612612706,0.13191489361702136,0.0854309687261634,0.17989417989418,0.0038624951718810863,0.04695431472081224,-0.016000000000000014,-0.03846153846153855
1996-03-31,0.017487130884020097,0.05517843941125067,0.018982574197760282,-0.010649478035451576,0.013228459063282072,0.11152770716827654,0.23034591194968557,0.23034591194968557,0.23529411764705865,0.2456140350877194,-0.727111111111111,-2.959839357429719,-0.738585496866607,-2.7615384615384615,-0.4024604569420035,0.07491525423728818,0.02809415337889143,0.036381514257620484,0.017793594306049654,0.0601503759398494,0.03302881236823607,0.14798206278026904,-0.0042323970757985885,0.026666666666666616,0.008130081300812941,0.06647482014388473
1996-06-30,0.005004383401519652,0.004649681528662519,0.005445764131881026,0.028609871822108834,0.003740296400846832,0.0010291006803500036,0.03578274760383393,0.03578274760383393,0.03703703703703698,0.2456140350877194,2.5521172638436482,0.596311475409836,0.4965753424657535,-2.058951965065502,0.713235294117647,0.013560391043834663,0.030773018217626902,0.02941176470588247,0.012237762237762295,-0.0035460992907800915,-0.03401360544217691,0.1328125,-0.0011591962905717068,0.031877213695395534,0.0,-0.023295556754811875
1996-09-30,-0.005542834296514365,-0.0249159956888354,-0.011200156851211895,-0.04833046471600688,0.010686915559305454,-0.0054257810269005,0.015422578655151176,0.015422578655151176,0.025510204081632626,0.2456140350877194,-0.2081613938560294,-0.5609756097560976,1.3924485125858124,-2.4556701030927837,-0.6060085836909872,0.00155569383945231,0.02746596608550278,0.030414746543778737,0.015544041450777257,-0.01067615658362997,-0.03943661971830981,0.1344827586206898,0.016247582205028976,0.02517162471395884,0.008064516129032251,0.024587899438254013
1996-12-31,0.0027411779755486254,-0.012353706111833507,0.007609180587914599,0.07552629675179046,-0.010921739130434815,-0.03583323762489954,-0.10631834750911295,-0.10631834750911295,-0.09950248756218893,0.2456140350877194,0.8019687319050377,0.30409356725146197,0.36633189861310367,-0.6898016997167139,-0.4771241830065359,0.08108108108108114,0.028358902835890154,0.027728085867620766,-0.005102040816326592,0.06474820143884896,0.03592375366568912,0.12158054711246202,-0.013703844689760158,0.016741071428571397,0.008000000000000007,-0.081700521301456
1997-03-31,-0.0027154598968489596,0.041869651086240856,0.006198804516271972,-0.05293603282437609,-0.028203685469123663,0.08499106611078022,0.2053025152957173,0.2053025152957173,-0.5966850828729282,0.2456140350877194,-0.7766709511568124,-0.28026905829596416,-0.9142457122856142,-1.36986301369863,0.3374999999999999,0.18649425287356336,0.039556962025316444,0.0330722367275893,-0.02564102564102555,0.19256756756756754,0.14295824486907271,0.10840108401084003,-0.025472790428406,0.021953896816685026,0.015873015873015817,0.10012723891553299
1997-06-30,0.0045685464712545976,0.00587640591431815,-0.009314264759809343,0.0014204545454545858,0.045668379532459946,0.010759180984794448,0.035532994923857864,0.035532994923857864,0.041095890410958846,0.2456140350877194,2.9741007194244604,0.9781931464174456,7.677551020408163,-1.0493827160493827,-0.012461059190031154,0.03390651489464758,0.028919330289193468,0.033698399326032025,0.04561403508771922,0.060906515580736675,-0.004953560371516952,0.10024449877750619,0.040792079207920606,0.020408163265306145,0.0078125,0.004448398576512469
1997-09-30,0.0012915666157315986,0.014573779760035155,-0.003010561642483478,-0.005106382978723456,0.013358250276855,-0.017433335143648532,-0.23420479302832242,-0.23420479302832242,-0.23684210526315796,0.2456140350877194,-0.4094858797972484,-0.584251968503937,-0.5884289746001882,-116.5,1.4574132492113563,0.013117826188802972,-0.040152155536770984,-0.03748981255093731,0.01342281879194629,-0.03070761014686252,-0.026135656502800253,0.08888888888888902,0.012176560121765823,-0.04526315789473678,0.007751937984496138,0.01975199291408325
1997-12-31,0.01642352342713882,0.07980929973376272,0.015469531211326215,0.07435129740518964,0.01905607540468557,-0.041952244085783796,-0.07894736842105265,-0.07894736842105265,-0.06896551724137923,0.2456140350877194,0.9938687921520539,-3.2765151515151514,1.6,2.2532467532467533,1.9293966623876764,-0.04254335260115616,-0.0389696169088507,-0.03132938187976286,0.018211920529801473,-0.05509641873278226,-0.010223642172523917,0.08163265306122436,0.002631578947368318,-0.034178610804851184,0.007692307692307665,0.005124641709371991
1998-03-31,0.025220297781829215,0.08738532110091746,0.02654349574670345,0.050295269059783765,0.0215817694369973,0.06057808804015452,0.06718146718146722,0.06718146718146722,0.05555555555555536,0.2456140350877194,-0.8551660516605166,-1.7986688851913477,-1.0861538461538462,-0.8855622089155023,0.07537248028045584,0.049746438058440035,-0.08453608247422673,-0.07342657342657344,0.019512195121951015,0.030612244897959107,0.07553260167850229,0.07547169811320753,-0.0037495313085864623,-0.06392694063926929,-0.01526717557251911,0.03534393363290689
1998-06-30,0.03495589107012109,0.09982071292976169,0.02908633298508878,0.009286752163750078,0.051174386563443086,0.03236686068650374,0.2561505065123011,0.2561505065123011,0.2456140350877194,0.2456140350877194,5.768577494692145,0.04166666666666674,-3.739795918367347,11.505813953488373,0.8765281173594133,-0.12215320910973093,-0.042292292292292366,-0.03584905660377358,0.0510366826156301,-0.13861386138613863,-0.0648259303721489,0.07017543859649122,0.015807301467820833,-0.025609756097561,-0.007751937984496138,0.08964193306067947
1998-09-30,0.02547041086198476,0.042240015342570825,0.00692185228767217,0.007260891337005582,0.07564598676819378,-0.02060280324586361,0.14055299539170507,0.14055299539170507,0.15492957746478875,0.14084507042253525,-0.13519447929736517,0.30000000000000004,1.350093109869646,-0.5727568572756857,0.1995656894679696,0.12919287211740071,0.0535667624771361,0.0714285714285714,0.0743550834597877,0.07389162561576357,0.15211810012836957,0.0721311475409836,0.048907002593553406,0.09136420525657063,-0.015625,0.03477594791267702
1998-12-31,-0.015687885010266966,-0.06937160732358083,0.0018789670264200975,0.017834949043002757,-0.060171753510502524,-0.007747350298595745,-0.8616161616161616,-0.8616161616161616,-0.8658536585365854,-0.8641975308641976,-0.3819368879216539,0.42153846153846164,0.8153724247226624,-2.570184983677911,-0.26122375090514116,0.21257832443722435,-0.1763392857142857,-0.1735159817351598,-0.05649717514124297,0.12844036697247696,0.10696378830083586,0.06727828746177367,-0.0452137054044508,-0.17201834862385323,-0.007936507936507908,-0.08572063069065061
1999-03-31,-0.018991989319092073,-0.0282254078101829,-0.01788532351394001,-0.008303315220709484,-0.021979378897326707,0.05714905384156599,5.521897810218978,5.521897810218978,5.7272727272727275,5.636363636363636,0.14612676056338025,-0.5400432900432901,0.03142732431252737,-0.3853083853083853,-0.21734868904680227,-0.14296650717703352,0.0656428786510086,0.06850828729281755,-0.01646706586826341,-0.09214092140921404,0.02415702063412173,0.0630372492836675,-0.00295967443581191,0.059556786703601095,0.008000000000000007,-0.02007934580195947
1999-06-30,0.028427069511074876,0.04135510453227531,0.03658508185650078,0.018777319460690833,0.00631273278202138,0.0160537518592605,0.13598209289311702,0.13598209289311702,0.1351351351351351,0.15068493150684925,0.7910906298003073,1.1741176470588237,-0.4468895471857808,-2.3686583990980834,0.38008766437069497,-0.1500669941938365,0.05227465385702179,0.046535677352637084,0.01522070015220689,-0.13582089552238807,-0.20737100737100744,0.05929919137466322,-0.02152133580705018,0.03921568627450989,0.007936507936507908,0.022143270263571102
1999-09-30,0.030883496269829447,0.06941187964048456,0.04297717469446449,0.08913463862702442,-0.0028856408004516165,0.003432609793033725,-0.014285714285714235,-0.014285714285714235,0.0,0.0,0.08433390508862204,-0.06493506493506496,0.12012241775057375,0.20922570016474462,0.33303085299455537,-0.014713610089332696,0.02443609022556381,-0.0029644268774703386,0.007496251874062887,-0.029360967184801412,-0.06633601983880955,0.061068702290076216,-0.03261281759575274,-0.012578616352201255,0.015748031496062964,-0.01810686282434737
1999-12-31,-0.01506739409499358,-0.04558534691453886,-0.007517501346257394,-0.00033290795095153314,-0.03711859075180879,-0.02349330918603476,-0.07196401799100449,-0.07196401799100449,-0.05952380952380942,-0.0714285714285714,-0.4381755866069075,-0.45717592592592593,0.6140710382513661,-1.5286103542234333,-0.13206262763784893,-0.24319999999999997,0.27758846657929226,0.2527254707631319,-0.01636904761904756,-0.2491103202846976,-0.25232403718459495,0.05755395683453246,-0.022736181889455143,0.24458598726114644,0.0,-0.04527866963036131
2000-03-31,-0.011958097782701516,-0.04268963866953812,-0.011806580432329183,-0.03202530942998283,-0.012414243711205475,0.03240430683633,0.08185245018847609,0.08185245018847609,0.10126582278481,0.11538461538461542,0.5687470671046457,0.6012793176972282,0.4210749047820568,0.12628865979381443,-0.17137254901960786,-0.2367864693446089,0.041034058268362594,0.020569620253164445,0.0,-0.22274881516587675,-0.39698046181172286,0.054421768707483054,-0.00040112314480544864,0.02149437052200609,0.0,-0.010951108045184066
2000-06-30,-0.014196909987303608,-0.05169224616307555,-0.018097162435210423,-0.04340596330275226,-0.002447899437644674,0.04011976047904198,0.0806371329019413,0.0806371329019413,0.09195402298850563,0.09195402298850563,-0.2503739156446305,-0.1691078561917443,-0.4648600357355569,-0.9977116704805492,-0.0004732607666824151,0.13388734995383178,0.03212455656286961,0.020930232558139528,0.013615733736762392,0.13414634146341475,0.08689248895434454,0.05161290322580636,0.012038523274478186,0.005010020040080221,0.015503875968992276,-0.008718395815169977
2000-09-30,0.008246077677048103,0.03321208287205435,0.014963764874295515,0.10927291254570526,-0.011672635628067418,-0.03770869314910763,0.06817134960847526,0.06817134960847526,0.09473684210526323,0.08421052631578951,0.30327214684756587,-0.5016025641025641,0.23984418475236513,-278.5,0.13139204545454541,0.1604234527687296,0.05671185793393163,0.048595292331055306,0.0,0.14247311827956977,0.12195121951219501,0.05419222903885501,-0.019825535289452745,0.03688933200398803,0.01526717557251911,-0.06851363236587515
2000-12-31,0.3116840027206822,-0.12046532986376857,0.4117724838574608,0.40219388306495185,0.0069118239162528905,-0.03210689001894507,-0.13281586890901254,-0.13281586890901254,-0.125,-0.12621359223300976,-0.4093692590324556,49.868167202572344,-5.506732495511669,-7.922522522522523,-0.803933877380205,0.32456140350877183,0.023491145645103018,-0.051412020275162895,0.014925373134328401,0.3247058823529412,0.2560386473429954,0.051406401551891356,-0.23220064724919098,0.018269230769230704,-0.06766917293233088,-0.3727693324520819
2001-03-31,0.005451073140501084,-0.03666318598445295,0.009459586026037359,0.05202512620910249,-0.011662779073642104,0.1516946533429484,-0.1148682247637991,-0.1148682247637991,-0.10989010989010983,-0.11111111111111105,-0.7112493519958527,-0.9599241466498104,-1.0456129867543074,-0.8669963560645497,-0.5453575240128068,0.2023841059602649,-0.022245762711864514,-0.09236641221374042,-0.008823529411764675,0.18472468916518658,0.16346153846153832,0.04889298892988925,-0.01738672286617493,-0.053824362606232246,-0.040322580645161366,-0.08429926238145424
2001-06-30,-0.00038994691690352745,0.007527399735035578,-0.07323560338962087,-0.147734349243562,0.055360755225893454,0.03707679234312811,0.2853932584269663,0.2853932584269663,0.28395061728395055,0.28749999999999987,6.305206463195691,0.04100946372239744,6.443231441048035,-0.9393346379647749,-0.07276995305164324,0.0782110597047807,0.004514265077645518,-0.05298570227081578,0.06231454005934722,0.08845577211394295,0.09917355371900838,0.046613896218117956,0.05576407506702408,-0.013972055888223589,-0.04201680672268915,0.18214696695709365
2001-09-30,0.010973108334277226,0.03950750104596268,0.008776613495294683,0.04194962606378416,0.01686793176154877,-0.033810591685354496,0.0174825174825175,0.0174825174825175,0.028846153846153966,0.01941747572815533,-0.19980339149668225,-0.3484848484848485,-0.17893810501613372,-3.064516129032258,0.16202531645569618,-0.052308949734368504,-0.0154592845586915,-0.06216696269982247,0.026536312849162025,-0.10743801652892548,-0.07218045112781957,0.04873949579831938,0.006094464195022908,-0.026315789473684292,-0.0350877192982455,-0.0023640661938533203
2001-12-31,0.05761834227461127,-0.006727230910763549,0.08088259618247373,-0.16916921046118305,-0.019352811812755277,-0.019237636136404168,-0.07044673539518898,-0.07044673539518898,-0.06542056074766356,-0.05714285714285716,-0.6894963144963144,1.772093023255814,-1.0807431225437656,-1.09375,-0.013071895424836555,0.03945666235446299,0.008216176739090919,0.0,-0.010884353741496655,0.012345679012345512,0.03322528363047006,0.04647435897435903,-0.07269056032306909,-0.010395010395010229,0.009090909090909038,0.19556732645664887
2002-03-31,-0.016759250541380277,-0.04665701881331408,-0.022739793107669715,-0.11057047812918919,0.002370731082206756,-0.06544395394347613,0.09288354898336415,0.09288354898336415,0.10000000000000009,0.101010101010101,0.08803165182987138,-0.7567114093959731,-4.792035398230088,10.666666666666666,-0.1545253863134658,0.03588467123003514,0.054509235784136134,0.05492424242424243,0.005502063273727709,0.04725609756097571,0.0117647058823529,0.04441041347626351,0.019597169297768113,0.09033613445378141,-0.03603603603603611,0.07181998367727638
2002-06-30,0.03158814516901276,0.10225271722630391,0.027872600294384764,0.14508205872501945,0.04468166709281518,0.02766009252495749,0.10359408033826645,0.10359408033826645,0.1090909090909089,0.11009174311926584,3.214545454545455,0.193103448275862,2.9743290548424737,-15.242857142857142,2.6031331592689293,0.0016019223067682553,0.024042589730379538,0.014362657091562037,0.05745554035567735,-0.004366812227074246,-0.06821705426356595,0.04252199413489732,0.012279765082754857,0.06069364161849711,-0.03738317757009346,-0.03731099749809641
2002-09-30,-0.002297436849494683,-0.057400980554178416,-0.015264617165838934,-0.04231462974698974,0.04693140794223827,-0.05245699663554948,0.6701149425287356,0.6701149425287356,0.7049180327868854,0.6942148760330578,-0.09490940465918896,1.3150289017341041,0.27246036406341756,-1.9277833500501504,-0.6702898550724637,-0.10515793682526997,0.19201744088546024,0.19469026548672574,0.06985769728331159,-0.15350877192982448,-0.1422628951747087,0.04500703234880432,0.04957805907172985,0.24886466848319722,-0.04854368932038844,-0.015819209039548032
2002-12-31,0.01808454963074957,0.01928583951843854,0.052939356435643514,-0.02865869177907865,-0.11677381648158969,-0.061112222444488884,-0.5944023858683184,-0.5944023858683184,-0.5865384615384616,-0.5804878048780487,-0.8379408960915158,0.29088639200998756,-1.0996769727734195,-1.118918918918919,0.2417582417582418,-0.11193029490616613,-0.027011817670230753,-0.041481481481481675,-0.10157194679564685,-0.16925734024179628,-0.2783705140640155,0.043068640646029666,-0.13266331658291453,0.004363636363636347,-0.04081632653061229,0.04936854190585538
2003-03-31,0.02695910440941285,0.10033828335531214,0.024815609297405228,0.04040456975159845,0.03917416622551606,0.03179929689996808,0.23642533936651589,0.23642533936651589,0.2558139534883721,0.2441860465116279,2.195588235294118,-0.5705996131528046,-3.1597222222222223,6.509090909090909,1.461946902654867,-0.12201257861635229,-0.01706188548293819,-0.03400309119010814,0.044414535666218,-0.022869022869022704,-0.09946236559139787,0.041290322580645133,0.012166859791425289,-0.0021723388848660097,-0.031914893617021156,0.057658643326039316
2003-06-30,0.047296996662958835,0.15830337137199724,0.031010308095941186,0.16330025688812766,0.12137035150280173,0.07537039905012644,0.11482159194876496,0.11482159194876496,0.11111111111111094,0.12149532710280364,-0.08927749654855044,0.7635135135135136,-3.2357984994640945,3.1658595641646485,2.473759884974838,0.05959885386819486,-0.03486319505736968,-0.03759999999999997,0.11855670103092786,0.014893617021276562,0.06417910447761188,0.039653035935563796,0.07040641099026912,-0.012336719883889735,-0.03296703296703296,-0.004344677769732019
2003-09-30,0.0029101877814596833,0.0283413558864547,-0.0044080429401784915,0.001169084217363059,0.031913685406019354,0.005184580673035288,0.021748050882232306,0.021748050882232306,0.025000000000000133,0.025000000000000133,1.399191510864073,-0.4955300127713921,-2.402205177372963,-0.6466143562917757,0.2516556291390728,0.15981611681990282,-0.18701417466849568,-0.1928512053200332,0.031105990783410142,0.03563941299790363,0.16129032258064502,0.040524433849821184,0.02887700534759352,-0.18368846436443786,-0.011363636363636354,0.027116883116883095
2003-12-31,0.018522440853154798,-0.06461350015311251,-0.006969565763928709,-0.0747772684023873,0.11803874092009692,-0.01184392759921682,-0.16024096385542164,-0.16024096385542164,-0.16260162601626016,-0.1707317073170731,-0.5964616680707666,1.037974683544304,0.26051282051282043,-2.8675986842105265,-0.37549603174603174,0.1527162508743296,-0.03880764904386935,0.012358393408856694,0.10949720670391061,0.11740890688259098,0.36956521739130443,0.03894616265750295,0.09823284823284828,0.012601260126012592,0.0,0.011025692899049089
2004-03-31,-0.006342604626982107,-0.049714713310261005,-0.03337646628597146,-0.12013275370448273,0.08667618250725995,0.055483060267749185,0.049258727881396513,0.049258727881396513,0.03883495145631066,0.0490196078431373,-0.8491649269311065,-0.5428571428571429,-0.8435042039598589,-0.7476882430647291,-0.15170770452740268,0.12722491909385103,-0.08074897600936226,-0.0142421159715157,0.0845921450151057,0.01630434782608714,0.08730158730158721,0.037486218302094754,0.09323237103644111,-0.028444444444444494,0.02298850574712641,0.08004002001000488
2004-06-30,0.024653377282477962,0.08996505733549887,0.02067660967624585,0.11852520852148962,0.04583748527946363,0.05352809194560182,0.1973564266180492,0.1973564266180492,0.20560747663551404,0.1869158878504673,13.107266435986158,-0.5815217391304348,2.4956672443674175,-4.18848167539267,0.5702247191011236,-0.08523237035707876,-0.04625503925312957,0.01031991744066052,0.04456824512534818,-0.1568627450980392,-0.08515815085158152,0.036131774707757636,0.020779220779220786,-0.0054894784995423995,0.011235955056179803,-0.025567392311255044
2004-09-30,0.023723205441120943,0.09712376394094013,0.014469820089527463,0.09209651372660788,0.056691208315287955,-0.012169680111265624,0.00799390940236,0.00799390940236,0.0,0.007874015748031482,0.08830022075055188,0.2987012987012987,0.30639563708477935,-0.10344827586206895,0.3255813953488371,-0.0702236171047469,-0.053615127919911076,0.0020429009193054792,0.05688888888888899,-0.10993657505285426,-0.08421985815602828,0.03743589743589748,0.03223070398642913,-0.0036798528058878954,0.011111111111111072,0.004658237475045013
2004-12-31,0.014005825785084358,0.06597250802535193,-0.0031899495510181453,0.02526855999652078,0.06356817902373058,-0.030491024287222834,-0.26472809667673713,-0.26472809667673713,-0.26356589147286824,-0.2656250000000001,-0.5296371422132071,2.47,0.04478178368121433,-1.5647130647130647,-0.1387014544909282,0.13670886075949373,-0.07310766337564645,-0.02854230377166167,0.055508830950378396,0.07600950118764849,0.12391093901258454,0.036085022244191745,0.04889071487263763,-0.029547553093259404,0.0,0.039647993943981774
2005-03-31,0.006217535022823961,-0.07432145477008612,-0.014985761412016796,-0.026681937728005423,0.06516377649325622,0.07184025414113915,0.33333333333333326,0.33333333333333326,0.32631578947368434,0.32978723404255317,-1.231432678485865,1.3746397694524495,-1.217944061024337,0.6605405405405405,-0.2674094707520891,0.19617668893838158,-0.014709611970580738,0.025183630640083887,0.06374501992031867,0.1346578366445914,0.21705426356589164,0.03482824427480913,0.05836271053662334,0.021883920076118057,0.0,-0.048966960953854666
2005-06-30,0.05792921392256556,0.14731398064731405,0.0707875942808891,0.2235781215951187,0.04008538041315446,0.04936912524345849,0.027349768875192693,0.027349768875192693,0.023809523809523725,0.02400000000000002,-12.488612836438923,0.279126213592233,1.0816666666666666,-3.7936197916666665,1.0197243346007605,0.026997672614429646,-0.04916344916344917,-0.02149437052200609,0.03745318352059934,-0.035019455252918275,-0.012031139419674486,0.03365606270170596,-0.016654330125832728,-0.014897579143389073,-0.01098901098901095,-0.062302612690209536
2005-09-30,-0.019546231689847926,-0.07219717900247202,-0.04321210420091692,-0.10984861976847726,0.04497547740790986,0.007182052937378947,0.08098987626546683,0.08098987626546683,0.07751937984496116,0.0703125,-0.4793656514687331,-0.786527514231499,-4.764611689351481,-1.5369377767420183,-0.2710907165548888,0.039734098806466056,-0.02761234434217652,0.009414225941422494,0.04187725631768946,0.002016129032258007,0.03796561604584525,0.035682426404995304,0.06586375611592032,0.0,0.011111111111111072,0.04225352112676073
2005-12-31,0.017522857950796444,0.010148107515085103,0.009191998211890873,0.04669681085190658,0.050728979428799725,-0.018908741286755903,-0.20603537981269515,-0.20603537981269515,-0.20863309352517978,-0.2043795620437956,0.07476635514018692,0.508888888888889,-0.5148872820076563,-1.02734375,0.01016949152542379,0.0700377797151992,-0.015311804008908747,0.01865284974093262,0.048510048510048476,0.026156941649899457,0.049689440993788914,0.03445305770887175,0.03248587570621453,0.007561436672967714,0.01098901098901095,-0.03486094790442629
2006-03-31,-0.02904149181557958,-0.1418486482293162,-0.07712964757343377,-0.10566557076229066,0.08338085281632135,-0.00551245406288281,0.5190039318479684,0.5190039318479684,0.5181818181818181,0.5137614678899081,-1.2225442834138487,-0.8586156111929308,0.3121437965804472,-60.79365079365079,-0.6019495046340684,0.004345464421509959,0.027424370935821285,0.07833163784333674,0.08261731658955696,-0.04117647058823526,-0.02564102564102566,0.033305578684429626,0.11593707250341989,0.07692307692307687,0.0,-0.040482954545454586
2006-06-30,0.01860438491041272,0.14947568251672383,0.0060446977651118505,0.07664358382491243,0.04699105210831034,0.058057893656333404,-0.22030486051193554,-0.22030486051193554,-0.22155688622754488,-0.21818181818181814,-12.299565846599132,3.572916666666667,0.44203140661543605,-1.8287762144942925,1.2533119229225211,-0.03488372093023251,-0.049807374793615855,0.007547169811320753,0.04395604395604402,-0.10838445807770947,-0.10661268556005399,0.03223207091055613,0.027888446215139417,-0.0060975609756097615,0.021739130434782483,0.06767473828909809
2006-09-30,0.009506949908208773,0.03019936298218706,-0.0072160183680467505,0.08472624766744752,0.0443792766373412,0.004501532849547907,0.060494282552563616,0.060494282552563616,0.05384615384615388,0.0620155038759691,-0.48424692622950816,-1.5626423690205011,-0.02131603336422616,-0.9737347853939782,0.014608943523962248,0.10409078173157749,-0.05357660005792064,-0.004681647940074862,0.04327485380116958,0.05733944954128445,0.10196374622356497,0.0335675253708041,0.03458556946929048,-0.009640666082383786,0.0,-0.05031197385361996
2006-12-31,-0.03255736275155641,-0.0017939616015878457,-0.02910390605054891,-0.06932396325171108,-0.03484516232550672,-0.018813984933359063,0.02921739130434786,0.02921739130434786,0.03649635036496335,0.021897810218977964,-0.3935932455922523,-2.3360323886639676,-0.32930871212121215,-9.231707317073171,-0.1185250219490781,0.027153914477858088,0.02539779681762555,0.06773283160865473,-0.0358744394618834,-0.015184381778741929,0.027416038382453767,0.03247734138972813,-0.002593659942363158,0.04955752212389375,0.02127659574468077,0.07258316821357802
2007-03-31,-0.5721779994245708,-0.439545732639951,-0.5344387557810397,-0.5822550831792976,-0.5979607104264222,-0.30876446964327897,-0.07063197026022305,-0.07063197026022305,-0.07746478873239426,-0.07142857142857129,-1.2063882063882063,0.16969696969696968,-0.398164489939993,2.84,-0.5639442231075698,0.06040765904879564,0.08892867800656523,0.09515418502202633,-0.5988372093023255,0.09911894273127753,0.0026684456304202353,0.0314557425018287,-0.06009823750361176,0.006745362563237878,0.08333333333333348,0.3416626154594069
2007-06-30,0.10952946714788503,0.2619226308248619,0.10654839031197039,0.6079834306157033,0.11571330117160583,0.07137161084529509,-0.19454545454545458,-0.19454545454545458,-0.19083969465648853,-0.1923076923076923,-12.156746031746032,-0.5466321243523315,-0.10967741935483866,-2.5304783950617287,1.8122430333485609,-0.18965517241379315,0.13620169909564273,0.13515687851971037,0.11449275362318834,1.0200400801603204,-0.1363938789088489,0.7812056737588651,0.005533353827236409,0.031825795644891075,0.10576923076923062,-0.21523298789767376
2007-09-30,0.04511566824931812,0.12170198961937717,0.03551912568306004,0.12318501170960183,0.06485885477793563,0.02116008293901861,0.18871331828442428,0.18871331828442428,0.17924528301886777,0.18095238095238098,-0.4369553619064557,0.9085714285714286,0.18050065876152832,-0.7093521552810689,0.1872969460688758,-0.02717078780908566,0.212011577424023,0.19631467044649176,0.06371911573472033,-0.12698412698412687,0.018489984591679498,0.01493131594664554,0.018954448180984462,0.058441558441558294,0.1217391304347828,-0.0012928248222366934
2007-12-31,0.10599675224249916,0.10329204222297195,0.12085012612717105,-0.02095496246872397,0.07628052671268626,-0.050918935804654564,-0.16900873528294724,-0.16900873528294724,-0.16799999999999993,-0.16935483870967738,-0.35849652558433354,12.053892215568862,-1.7455357142857144,-1.7033824804856894,-0.11095909153098915,0.09058667060735925,0.17154228855721398,0.14218009478672977,0.07579462102689494,0.02499999999999991,0.11875945537065036,0.014711651628089406,-0.027002700270027047,0.016871165644171793,0.12403100775193798,0.12686084142394827
2008-03-31,-0.5482162521193477,-0.6227610310179117,-0.453165015391779,-0.4094345650090512,-0.746254176996874,-0.7580777881397773,0.12157221206581359,0.12157221206581359,0.1153846153846152,0.12621359223300965,0.7730182176267848,-1.0903669724770642,-4.235778443113773,-0.9642416769420469,-0.2593105570944906,-0.31205962059620584,0.13742143706471888,0.06846473029045641,-0.7443181818181819,-0.3603104212860311,-0.2569303583502366,1.001739802822347,-0.43848288621646614,0.18024132730015086,-0.08965517241379306,-0.36120456223845077
2008-06-30,-0.19329129105892362,-0.5880718008106542,-0.19972562562089025,-0.3796429859358096,-0.16440101954120645,0.14603174603174596,-0.6210268948655256,-0.6210268948655256,-0.6120689655172413,-0.6206896551724137,-1.6612052207720078,-1.032994923857868,-0.5364330326162388,150.6551724137931,-0.9137751921878247,-0.5769155012802836,0.10304659498207891,0.02378640776699026,-0.1511111111111112,0.6551126516464474,-0.5641492265696088,0.002800579430227046,0.036243822075782584,0.11757188498402549,-0.08333333333333337,-0.33603082851637756
2008-09-30,-0.008680638818282072,0.08096710711273536,-0.02512265768162203,-0.05929370730998407,0.06202338586680223,0.036406806489909016,-0.06774193548387097,-0.06774193548387097,-0.06666666666666676,-0.045454545454545525,-2.128937421251575,-16.0,0.189121756487026,-1.11368804001819,1.2048192771084336,-0.04283054003724407,0.11142702409964778,-0.019914651493598945,0.0628272251308899,0.12670157068062826,0.10855949895615868,0.0030816640986131016,0.07101218865924741,0.11778158947970274,-0.12396694214876025,0.14915844457341842
2008-12-31,0.3166424770198355,1.8806241872561769,0.47871695367450884,0.10335238683763315,-0.32312111057922455,-0.11149293623520429,-0.21683967704728946,-0.21683967704728946,-0.19047619047619035,-0.2142857142857142,-0.6380208333333333,-1.4974358974358974,-3.570289550986152,13.002,7.651366120218579,-0.1425097276264592,0.0,0.00870827285921627,-0.32512315270935954,-0.19330855018587356,0.08851224105461397,0.0029761904761904656,-0.4858980702622464,0.30281329923273637,-0.2264150943396227,1.6107744107744106
2009-03-31,0.420393165533713,-0.27058504875406286,0.46975847787755765,0.34472136656398766,-0.016619519094766666,-0.02814782982380748,-0.13254786450662737,-0.13254786450662737,-0.17647058823529405,-0.1515151515151515,1.0996916752312438,100.8659793814433,-0.3828571428571429,-1.579631481216969,-0.512632642748863,-0.08905275099262622,0.08843951760263136,-0.45227817745803356,-0.014598540145985384,0.3502304147465438,0.18166089965397925,0.003063080310137023,-0.30798845043310874,-0.38201806046329,-0.1097560975609756,-0.4575702863038432
2009-06-30,-0.07313224337748347,-0.3957172917440277,-0.094607036241386,-0.27353186172428157,0.20208558072635752,0.48551846119831965,0.7147707979626485,0.7147707979626485,0.7499999999999998,0.7499999999999998,-1.9339207048458151,-1.0021252909624532,-1.3775132275132276,-0.18334154756037457,-0.8589942975635044,0.03922789539227911,0.07229994404029094,-0.09982486865148854,0.19259259259259265,0.05460750853242313,0.6617862371888725,0.003053726500620302,0.29763560500695396,-0.054637865311308875,-0.0547945205479452,-0.16821207798383253
2009-09-30,0.0014234279494265145,0.025809094633346907,-0.010076420559595678,0.02766231904830163,0.11307209093628479,-0.06236047030808156,-0.12673267326732673,-0.12673267326732673,-0.12244897959183676,-0.1428571428571429,-1.9811320754716981,6.380952380952381,0.07988787666433073,-1.1466505733252867,0.8933823529411764,0.04254044337926888,0.04101868280972765,-0.10603112840466933,0.11801242236024834,-0.12540453074433644,0.008810572687224738,0.0032347064979545426,0.11146838156484473,-0.043010752688172005,-0.05797101449275355,-0.0017150207231670933
2009-12-31,0.02221293199554064,0.15275559105431302,0.013945525291828798,0.11464435146443508,0.09352324643912935,-0.045396825396825435,-0.17800453514739234,-0.17800453514739234,-0.18604651162790697,-0.16666666666666674,-0.23290598290598286,-1.3806451612903226,-0.6521739130434783,0.7304526748971194,0.8165048543689319,0.08505747126436791,-0.07589733306597157,-0.05114254624591941,0.0888888888888888,-0.029602220166512483,0.08471615720524017,0.003224276908487367,0.06943105110896819,-0.044241573033707904,-0.015384615384615441,0.03407301360057269
2010-03-31,0.03604438749079808,0.21912350597609564,0.03466060847941543,0.13113113113113117,0.047677562054558864,-0.04223478550049886,0.12137931034482752,0.12137931034482752,0.11428571428571432,0.11428571428571432,0.4213091922005572,-1.288135593220339,0.1921641791044777,0.6872770511296076,0.7584179583110635,0.05932203389830515,-0.03319952262124326,0.0745412844036697,0.04591836734693877,-0.02764537654909449,0.04589371980676327,0.003308441251536065,0.011722272317403082,0.016164584864070575,0.0625,0.07780700539941843
2010-06-30,-0.07247559146293325,-0.3390167661267406,-0.0894012224793781,-0.38595132743362837,0.06052076002814921,0.08923611111111107,0.28167281672816724,0.28167281672816724,0.28205128205128194,0.28205128205128194,-1.857422831945125,-0.7647058823529411,0.07981220657277,-2.7167019027484143,-0.7404255319148936,0.02750000000000008,-0.06239479295253059,0.01387406616862319,0.05853658536585371,-0.01764705882352935,-0.04157043879907629,0.0032975315620877854,0.14349376114082002,0.02819956616052055,-0.014705882352941235,0.07642903018625558
2010-09-30,0.05291530713576398,0.1835769561478935,0.04027501710710668,0.14375788146279955,0.13912851139128501,0.020401657634682824,0.08541266794625724,0.08061420345489445,0.08000000000000007,0.08000000000000007,-1.8177142857142856,14.5,-0.062318840579710155,-1.3472906403940887,0.990632318501171,0.07737226277372256,-0.014482345900658333,0.06315789473684208,0.13824884792626735,0.017964071856287456,0.07148594377510054,0.0035684101793596046,0.08183943881527678,0.06610407876230684,0.0,0.03484486873508352
2010-12-31,0.007868499056858047,0.08626952415546674,0.007830853563038476,0.07733501338793514,0.008155339805825168,-0.07419556388628556,-0.18744473916887705,-0.1865008880994672,-0.18518518518518523,-0.18518518518518523,-0.2697414395527603,1.838709677419355,-0.0618238021638331,-0.2742316784869976,0.3611764705882352,0.12646793134598022,-0.010201603109060042,0.046534653465346576,0.004048582995951344,-0.009803921568627416,0.0502248875562219,0.0035557219051183253,0.0,0.0554089709762533,-0.014925373134328401,0.008302583025830312
2011-03-31,0.031602588096893314,0.16836649389734148,0.028624708624708672,0.15263157894736845,0.05026964560862868,-0.04791631516787587,0.019586507072905324,0.022925764192139653,0.022727272727272707,0.022727272727272707,0.9732057416267943,-1.0454545454545454,0.542009884678748,0.8208469055374592,0.4831460674157304,-0.005613472333600655,-0.028588957055214692,0.027436140018921584,0.048387096774193505,-0.00990099009900991,-0.05353319057815842,0.003543123543123583,0.018011527377521652,0.03624999999999989,-0.015151515151515138,0.013723696248856276
2011-06-30,-0.04540742276591336,-0.19046937607326841,-0.028160502779792096,-0.30923389142567226,-0.15037593984962405,0.049087364876838624,-0.5261472785485592,-0.5261472785485592,-0.5333333333333334,-0.5333333333333334,-1.7677012609117362,-13.25,-1.125,-2.223613595706619,-0.39860139860139865,0.08749999999999991,-0.1533409119616016,-0.1574585635359116,-0.1384615384615384,0.03699999999999992,0.05354449472096534,0.0035306141410387237,-0.10969568294409071,-0.1357056694813027,-0.015384615384615441,0.17181859205776173
2011-09-30,0.010018462206776713,0.16227682517235276,0.018094764332794444,0.28149100257069404,-0.0461903734081589,0.03175675675675671,1.641891891891892,1.641891891891892,1.714285714285714,1.714285714285714,-2.3171193935565384,-0.1428571428571429,-11.17094017094017,-1.715643274853801,0.47432170542635665,-0.06192065257693724,0.05132030434133972,0.012021857923497414,-0.04017857142857151,0.0887174541947926,0.10450966356478153,0.0037959448199240686,-0.05564387917329083,0.025819958129797538,-0.015625,-0.0930008664676999
2011-12-31,-0.006424558479610765,0.08456273764258548,0.015299578574482275,0.09514257056884934,-0.16723240552161123,0.0034381139489194634,-0.2872975277067349,-0.2872975277067349,-0.2807017543859649,-0.2807017543859649,-0.4968824940047961,1.5357142857142856,-0.13025210084033612,-0.7681307456588355,0.07459743674005925,0.11343873517786562,0.05818078615013489,-0.02051835853131745,-0.16279069767441856,0.16031886625332148,0.09332469215813366,0.0037815901125253237,-0.16161616161616166,-0.03129251700680269,0.015873015873015817,-0.009659271839507544
2012-03-31,0.0230777555327093,0.1068573832562052,0.02502481426895664,0.14889441318853858,0.0057065217391303324,-0.0786425191711535,0.1638755980861244,0.1638755980861244,0.1707317073170731,0.1707317073170731,0.7511916110581507,0.34741784037558676,0.19613526570048312,2.9030837004405288,0.27094801223241594,0.047213347532836236,0.11827812793348524,0.015435501653803696,0.011111111111111072,0.251145038167939,0.0663900414937757,0.0037673435633556185,-0.017068273092369357,0.010533707865168607,0.0,-0.03654876741693447
2012-06-30,-0.08642073251355287,-0.34840998352970987,-0.11267936265735501,-0.30748206354629315,0.1545528235611997,0.14875154949530733,0.2589928057553956,0.2589928057553956,0.25,0.25,-2.0462710941752857,-0.22299651567944256,-0.24959612277867527,-3.966139954853273,-0.6323387872954764,0.10745762711864404,0.0,0.24647122692725287,0.15384615384615397,0.0951799877974373,0.08727070594774888,0.003753203954595552,0.2635342185903984,0.1994440583738708,0.046875,-0.059183446434531106
2012-09-30,0.014212522071380906,0.15380128329768628,0.029696749231125308,0.04390725209669455,-0.09524923941025043,-0.0377678433790658,-0.4636734693877551,-0.4636734693877551,-0.4666666666666667,-0.4666666666666667,-2.147242455775234,-0.022421524663677084,0.89989235737352,-1.2503805175038052,0.43062827225130884,0.05601469237832868,0.14078426669864497,-0.10888501742160273,-0.0904761904761906,-0.08467966573816155,-0.1436605316973415,0.004012767897856762,-0.1083265966046888,-0.12746234067207407,0.014925373134328401,0.10535650940049668
2012-12-31,0.008305268565557355,0.06420626895854409,0.031730738349873056,0.29977945809703854,-0.1805483704086912,0.0,1.0213089802130897,1.0213089802130897,1.03125,1.03125,-0.19138321995464858,-0.11926605504587151,-0.2855524079320113,0.0851063829787233,0.3266239707227814,-0.06869565217391294,0.0,0.1456500488758552,-0.17277486910994755,0.0237370663420573,0.05970149253731338,0.003996729948224198,-0.18676337262012688,0.12815405046480732,0.014705882352941124,-0.18121523320496358
2013-03-31,0.019162727504316468,0.12684085510688825,0.008591439688715896,0.1511331959762452,0.12657828282828287,-0.11438641461070165,0.04292168674698793,0.04292168674698793,0.06153846153846132,0.06153846153846132,0.005608524957936067,-0.02083333333333337,-0.12291831879460746,0.22549019607843146,0.3017241379310345,0.04761904761904745,0.0,0.11262798634812277,0.12658227848101267,0.26634958382877527,-0.07492957746478868,0.003980819686962844,0.10479375696767002,0.10417892878163615,0.01449275362318847,-0.021165403710478148
2013-06-30,-0.04349275120813201,-0.1765036537380551,-0.04814666214005736,-0.2556327647925879,-0.0011207621182404148,0.14055716353111425,-0.08592057761732852,-0.08592057761732852,-0.08695652173913038,-0.08695652173913038,-1.6820970440602343,-0.7287234042553192,-0.9710669077757685,-2.376,-0.31894039735099333,0.06476530005941794,0.0,0.009969325153374342,0.0,-0.05492957746478877,-0.03410475030450688,0.00396503559520589,0.04439959636730584,0.015991471215351938,-0.014285714285714346,0.10638013881473563
2013-09-30,0.04384436701509875,0.2882252559726963,0.035472260951330936,0.17920792079207915,0.11669004207573641,0.03933386201427447,0.10268562401263814,0.10268562401263814,0.11111111111111094,0.11111111111111094,-2.9672935404742438,3.8235294117647056,30.625,-2.3621262458471763,0.6378840917930766,-0.015066964285714413,0.0,0.15186028853454814,0.1179775280898876,-0.014903129657228065,-0.028373266078184023,0.004308410376088423,0.06956521739130439,0.14480587618048268,0.01449275362318847,0.09241162987091323
2013-12-31,-0.03034770514603613,-0.1270366936018016,-0.03848442148113351,-0.15341249850065974,0.03466465712132627,-0.07218068060430338,-0.6504297994269341,-0.6504297994269341,-0.6571428571428571,-0.6571428571428571,-0.4185369908561929,-0.524390243902439,1.5217391304347827,-1.6317073170731708,-0.24602232248872002,0.03144475920679879,0.0,-0.15359261700725124,0.04020100502512558,-0.07715582450832059,-0.11486048020765738,0.004289927607471711,0.0677506775067751,-0.15032080659945002,-0.014285714285714346,0.031143014908890043
2014-03-31,0.015691786912992445,0.05872534142640373,0.018009509542109114,0.07452536129215082,-0.0009711094925952679,-0.0925986842105263,1.4077868852459017,1.4077868852459017,1.4583333333333335,1.4583333333333335,0.5189421015010722,-0.3504273504273504,-0.31191222570532917,-1.4295366795366795,0.14015748031496056,-0.008788794287283519,0.0,-0.04205607476635509,0.0,-0.04754098360655745,0.17082111436950154,0.0042716027409450685,-0.016920473773265665,-0.045846817691477915,0.01449275362318847,-0.014672807111491881
2014-06-30,-0.05998983223182508,-0.358606851082127,-0.07690585111487891,-0.3346518987341772,0.06755771567436208,0.1339496102954505,0.07404255319148945,0.07404255319148945,0.0847457627118644,0.0847457627118644,-1.6428235294117646,-0.6578947368421053,-0.38097949886104787,-6.453932584269663,-0.6704419889502762,0.11554447215295083,0.0,0.007317073170731714,0.06763285024154597,0.11589213998852554,0.16718847839699436,0.004253433761630454,0.13597246127366613,0.0005652911249292014,0.0,-0.0360869565217391
2014-09-30,0.02403701700618943,0.26525139664804476,0.03122509097210191,0.4599682917162109,-0.022535852492601816,0.03756393861892593,0.10697305863708406,0.10697305863708406,0.109375,0.109375,-2.684480234260615,-2.6153846153846154,0.11407543698252076,-1.4318088174701278,0.8784576697401509,0.07377049180327866,0.0,0.013720742534301777,-0.018099547511312264,0.005655526992287996,0.06866952789699576,0.004588370246183748,-0.045454545454545525,0.0028248587570620654,0.014285714285714235,-0.1332882273342355
2014-12-31,0.011531013438178528,0.21476510067114085,0.05625756150020167,0.04153658205511057,-0.29902189101071264,-0.03589585580033894,-0.11524695776664284,-0.11524695776664284,-0.11267605633802813,-0.11267605633802813,-0.30334637114298135,-3.7857142857142856,-0.4715111478117259,0.03053435114503822,0.4819277108433735,0.11334721258385394,0.0,0.1767515923566878,-0.2949308755760368,0.13394683026584864,0.10843373493975883,0.004567413263065534,-0.30714285714285716,0.16507042253521131,0.0,0.16627634660421542
2015-03-31,-0.007628716461203777,0.05161384123291657,0.006999681832643878,0.1592597419523003,-0.16013289036544853,-0.0725471396612336,-0.1763754045307443,-0.1763754045307443,-0.17460317460317454,-0.17460317460317454,0.5583281347473488,-0.15384615384615385,2.50625,-0.6731481481481482,0.10629328515507375,0.09308123831290249,0.0,-0.023004059539918686,-0.1568627450980392,0.5504959422903517,-0.07291666666666663,0.004546646847949587,-0.15349369988545258,-0.042553191489361764,0.028169014084507005,-0.0928157072735385
2015-06-30,-0.06848474219572076,-0.359463569749758,-0.08183254344391788,-0.2961214165261383,0.09691455696202533,0.1393866299104065,0.42239685658153237,0.42239685658153237,0.4230769230769229,0.4230769230769229,-1.50080064051241,-1.121212121212121,-0.42602495543672014,-8.226628895184135,-0.6943385955362003,-0.04675917126021667,0.0,0.04916897506925211,0.09302325581395343,0.13056120965396922,-0.02002931118710305,0.004526068413264861,0.1772665764546686,0.02323232323232327,0.027397260273972712,-0.09001475651746194
2015-09-30,0.0040791992218143225,0.18951003669328736,0.0007914659325534146,0.04887398179204605,0.03894698882077163,0.013004687736277054,0.05524861878453047,0.05524861878453047,0.05405405405405417,0.05405405405405417,-3.272581934452438,-1.6666666666666665,0.6048136645962734,-1.3073304586436691,0.6981300089047195,0.03489531405782653,0.0,0.04158415841584162,0.042553191489361764,-0.0532407407407407,-0.004985044865403632,0.004938913439043402,0.034482758620689724,0.01727541954590328,0.026666666666666616,0.13405405405405402
2015-12-31,0.016750523453857857,0.10433678098348764,0.0186363167486161,0.07781330896908778,-0.0027768136063867077,-0.056874160322436196,-0.18390052356020947,-0.18390052356020947,-0.1923076923076923,-0.1923076923076923,-0.39500527611677805,-14.75,-0.4446057087566522,-0.4107142857142857,0.24226533822758256,0.11194605009633918,0.0,0.017110266159695797,0.0,0.06655800054333039,0.08266533066132253,0.0048284186928782,-0.018888888888888844,0.0,0.012987012987013102,0.02454718779790288
2016-03-31,0.046964807130782216,0.23200788695366414,0.055797468354430446,0.21729302062729583,-0.044552732335537804,-0.03988603988603989,-0.024057738572574205,-0.024057738572574205,-0.015873015873015928,-0.015873015873015928,0.5633720930232557,-1.309090909090909,0.11236933797909399,2.1298701298701297,0.6103841283241873,0.03361635765032056,0.0,0.03925233644859816,-0.04761904761904767,0.033622007131940856,0.03378065710319289,0.00480521709284365,-0.08720271800679502,0.027171276079573037,0.012820512820512775,0.012095836240986202
2016-06-30,-0.08040982884654901,-0.38650306748466257,-0.10016625103906895,-0.3602599814298979,0.14389799635701284,0.07500824266402906,0.3582580115036975,0.3582580115036975,0.37096774193548376,0.37096774193548376,-1.6065451840833025,-3.8529411764705883,-0.007047768206734584,-3.071922544951591,-0.7853211009174312,0.07912824811399832,0.0,0.04196642685851315,0.15000000000000013,0.13307047806801386,0.040286481647269445,0.004867634500427043,0.24317617866004948,0.041568256967406736,0.0,-0.041025051712250016
2016-09-30,0.051398288851998375,0.39195652173913054,0.0641677029667791,0.2509071117561683,-0.06242038216560508,0.058886673823033364,-0.3387779794313369,-0.3387779794313369,-0.3529411764705882,-0.3529411764705882,-2.497240956468424,-2.0103092783505154,-0.16324921135646686,-1.4936582109479306,1.8058608058608057,0.030138263166071155,0.0,-0.0834292289988493,-0.06211180124223603,-0.10417572857764246,-0.009466437177280462,0.0051839891221212575,-0.10778443113772462,-0.08435374149659869,0.0,0.11276213301378069
2016-12-31,0.394668124127042,0.13384351085428703,0.1058395379119228,0.06961566352429305,3.3376358695652177,-0.09456915278783495,8.401646843549862,8.401646843549862,8.6,8.6,-0.8808353808353808,36.47959183673469,0.5956644674835061,0.5354969574036512,0.9882506527415145,-0.028502488312471708,0.0,1.4783427495291903,3.3576158940397347,0.035688273852876984,0.05603822762814947,0.005157253973621989,2.109619686800895,1.7394749876176325,-0.10126582278481022,0.060090458755115206
2017-03-31,0.005290429330314428,0.0504132231404959,0.022734820808550493,0.12542372881355934,-0.039937353171495715,-0.027031349968010265,-0.8636629038536395,-0.8636629038536395,-0.8636363636363636,-0.8636363636363636,8.15807560137457,-1.0626191124421454,0.049025398700531575,-0.7098194627917217,0.14423287371416071,0.11611300838248995,0.0,-0.06534954407294835,-0.0349544072948329,-0.7437880918893577,-0.5948169477581242,0.0051307931701571885,-0.04496402877697847,0.0122943409871632,-0.07042253521126751,-0.06663957740755799
2017-06-30,-0.05303735787763941,-0.3953579858379229,-0.07690263919230089,-0.32746987951807227,0.012887438825448516,0.09534769028439904,0.4197002141327624,0.4197002141327624,0.4305555555555556,0.4305555555555556,-1.2690431519699812,-0.9304347826086956,0.26126126126126126,-5.511380880121396,-0.5686687069625096,0.026286509040333694,0.0,-0.052032520325203224,0.018897637795275646,0.06312900274473932,0.012182741116751439,0.005104602510460188,0.06967984934086613,0.017681728880157177,-0.0757575757575758,-0.10100130605137136
2017-09-30,0.009925444815441553,0.1181956191715463,0.021906680738111195,0.19347903977069159,-0.020293122886133053,0.009905447996398031,-0.06184012066365008,-0.06184012066365008,-0.058252427184466105,-0.058252427184466105,-4.092050209205021,-3.75,-0.13660714285714282,-1.1099899091826437,0.14501108647450112,-0.08524190269684251,0.0,-0.013150371640937686,-0.013910355486862369,-0.10240963855421681,-0.10631895687061188,0.005494962950628457,-0.029929577464788526,0.05949455949455951,-0.06557377049180335,-0.06307506053268752
2017-12-31,-0.021693840579710133,-0.15748642358417375,-0.13050009388495964,0.019513659561693153,0.2639322702613842,-0.09332738891365733,1.6613076098606645,1.6613076098606645,1.6804123711340209,1.6804123711340209,-0.6585475868290482,-7.0227272727272725,-0.05842812823164423,-5.064220183486238,-0.5147172734314485,0.012592592592592489,-0.1769157994323557,-0.33169177288528395,0.26802507836990586,0.0268456375838928,-0.04152637485970834,0.005464933344373701,0.2918330308529944,-0.3379161835348683,0.01754385964912286,-0.17353663263987607
2018-03-31,0.016133512337391798,0.11049723756906071,0.02451050964583934,0.10055948174322737,0.00110554724588674,0.0011473528929684118,-0.6186065243656866,-0.6186065243656866,-0.6153846153846154,-0.6153846153846154,2.7107001321003965,-0.8452830188679246,-0.01537616694124111,-1.7336343115124153,0.8268156424581006,-0.04213606437454276,-0.011111111111111183,0.06155179887299522,0.004944375772558907,-0.24463118580765641,0.44145199063231866,0.005764638063081584,-0.014610845743186274,0.047035276457342956,0.01724137931034475,0.009068167604753041
2018-06-30,-0.0164468438916604,-0.14365671641791045,-0.039451958545582255,-0.14541806020066894,0.0261140704170455,0.03225278323510161,-0.009503695881731833,-0.009503695881731833,-0.010000000000000009,-0.010000000000000009,-0.6294054823780705,-0.024390243902439046,-0.014500836586726185,-1.7856410256410258,-0.33464394932284836,-0.09332518710859938,-0.06754487924577035,-0.007349938750510376,0.03075030750307506,-0.09765142150803463,-0.13891145410235584,0.0,0.043056743655546015,0.0035842293906809264,-0.016949152542372947,0.002014254725751563
2018-09-30,0.017972531671955005,0.2503025901718712,0.03938994952819841,0.3534752661239824,-0.019118764244112407,0.0843774781919111,0.03571428571428581,0.03571428571428581,0.04040404040404044,0.04040404040404044,1.6090297790585977,0.3999999999999999,-0.043010752688172005,-2.265013054830287,0.6362442547603415,0.004211590296495871,-0.0466759002770083,0.008638420403126235,-0.015513126491646823,-0.02602739726027392,0.01132075471698113,0.0,-0.0363586659376709,0.0028571428571428914,0.0,-0.07623318385650224
2018-12-31,0.26585216026209824,-0.16766698935140367,0.43601111932158054,1.4511913023363405,-0.04563056667096943,-0.10574813514699433,-0.3566649511065363,-0.3566649511065363,-0.3495145631067961,-0.35922330097087374,-0.32805596465390274,228.48214285714286,-6.894145476049674,-2.0928792569659445,-0.4249598715890851,-0.05603086730414353,-0.3417114630248438,-0.3915171288743883,-0.043636363636363695,-0.04078762306610406,-0.06623134328358216,0.018832391713747842,-0.24595744680851062,-0.3482905982905983,-0.06896551724137923,-0.6605289588215602
2019-03-31,0.06461411265681738,0.456617818097232,0.10546434697378104,-0.5225310243948473,-0.04787989450192742,-0.07948969578017662,-0.10399999999999998,-0.10399999999999998,-0.10447761194029859,-0.09090909090909094,0.25424657534246586,-0.8482608357326278,-0.8311427711447777,-2.909348441926346,1.4110258199581298,-0.11071618979918263,-0.09181196203928499,-0.17828418230563003,-0.04562737642585546,-0.0703812316715543,0.3586413586413586,0.006429317688660285,-0.1057185854025583,-0.09398907103825138,-0.09259259259259267,2.051282051282051
2019-06-30,-0.02924045717758683,-0.28409453848610666,-0.046925566343042124,-0.21415159600751066,0.02734569216563676,0.17608386638237383,0.7821428571428573,0.7821428571428573,0.7666666666666668,0.7666666666666668,-0.9550021843599825,-0.9866666666666667,-2.007724301841949,-1.8006923837784372,-0.46859623733719247,0.050959232613909,0.04252733900364514,-0.048123980424143564,0.027888446215139417,0.10094637223974767,0.17867647058823533,0.006388245628044409,0.05805637358014315,0.006835544833132312,-0.04081632653061229,-0.08888170652876548
