Quarter end,Assets,Current Assets,Liabilities,Current Liabilities,Shareholders equity,Revenue,Earnings,Earnings available for common stockholders,EPS basic,EPS diluted,Cash from operating activities,Cash from investing activities,Cash from financing activities,Cash change during period,Cash at end of period,Price,ROE,ROA,Book value of equity per share,P/B ratio,P/E ratio,Cumulative dividends per share,Equity to assets ratio,Net margin,Asset turnover,Current ratio
1993-12-31,0.05673172865810017,0.05964112327999871,0.05667008945220098,0.06389855499852559,0.056930535341511934,0.06079254410927715,0.1023592618547069,0.1023592618547069,0.08823529411764697,0.0,0.594355588396539,1.2438520008942544,-0.1687657430730478,-1.631010642429892,0.05742363143244589,0.05545617173524153,0.025060630557801167,0.023958333333333304,0.05418719211822687,-0.09278350515463918,-0.00038804811796655514,2.0515715593530666,0.00012554927809160787,0.004826254826254761,0.010752688172043001,-0.004015296367112842
1994-03-31,0.05673172865810017,0.05964112327999871,0.05667008945220098,0.06389855499852559,0.056930535341511934,0.06079254410927715,0.1023592618547069,0.1023592618547069,0.08823529411764697,0.0,0.594355588396539,1.2438520008942544,-0.1687657430730478,-1.631010642429892,0.05742363143244589,0.05545617173524153,0.025060630557801167,0.023958333333333304,0.05418719211822687,-0.09278350515463918,-0.00038804811796655514,2.0515715593530666,0.00012554927809160787,0.004826254826254761,0.010752688172043001,-0.004015296367112842
1994-06-30,0.09362059376419829,0.040496221050372316,0.22664378263392004,0.13864866063508963,0.06304494356280799,0.0,0.0,0.0,0.0,0.0,0.594355588396539,1.2438520008942544,-0.1687657430730478,-1.631010642429892,-0.0342671768284194,-0.04067796610169494,0.025060630557801167,0.023958333333333304,0.06074766355140171,-0.09278350515463918,-0.00038804811796655514,0.0,-0.027868440873713318,0.004826254826254761,0.010752688172043001,-0.08619696678825095
1994-09-30,0.021816099364348585,0.04624180889582896,-0.022497329723040083,-0.033004858954010396,0.03614393600827581,0.12713775527312965,0.15926428208170873,0.15926428208170873,0.16216216216216206,0.0,-0.4760644659729697,-0.7558472613146686,-1.9575757575757575,-2.9169026221839225,0.06801761267833273,0.18021201413427557,0.025060630557801167,0.023958333333333304,0.03524229074889873,0.11363636363636354,-0.00038804811796655514,0.0,0.013946280991735671,0.004826254826254761,0.010752688172043001,0.08196778711484587
1994-12-31,0.03750875700022771,0.01563370689121424,0.07373060065884185,0.08899126450670902,0.027354761302668118,0.02254378037850646,0.020326094903853287,0.020326094903853287,-0.18604651162790697,0.0,0.8596376087887003,2.0812079167516835,-3.117088607594937,-0.7321944640678184,0.01705542399293236,0.026946107784431295,0.025060630557801167,0.023958333333333304,0.02765957446808498,-0.006802721088435382,-0.00038804811796655514,0.0,-0.009806418746816203,0.004826254826254761,0.010752688172043001,-0.0673764603087279
1995-03-31,0.12229420103381061,0.07978239560555922,0.13377920141796573,0.1448564427389154,0.11968454937680284,0.1119940646127997,0.13916159082766044,0.13916159082766044,0.14285714285714302,0.0,-0.09472004419143487,0.13408052446857832,-0.28998505231689087,-0.5023980815347722,0.008344492835800521,0.005830903790087438,0.025060630557801167,0.023958333333333304,0.10351966873706009,-0.020547945205479423,-0.00038804811796655514,1.0,-0.0023151125401930095,0.004826254826254761,0.010752688172043001,-0.056837503036191284
1995-06-30,0.06379821629869808,0.14853268039889223,0.09845589258152776,0.12286922353112217,0.05375114081160115,0.13859789700904313,0.16301817953072906,0.16301817953072906,-0.10000000000000009,0.0,0.10910539340316627,-0.18517437192531716,-8.934736842105263,4.327710843373494,0.011206738400427518,0.10579710144927534,0.025060630557801167,0.023958333333333304,0.054409005628517804,0.0,-0.00038804811796655514,0.0,-0.009410854711873085,0.004826254826254761,0.010752688172043001,0.022846841543725294
1995-09-30,-0.05302147090255516,-0.09089486130012059,-0.09999155731377851,-0.1120821734533135,-0.039269625781653605,-0.028598347753151065,-0.04921978527192583,-0.04921978527192583,-0.02777777777777779,0.0,-0.5426148085886757,0.10134723565874815,1.8503581851950117,-6.322478516508367,-0.23206285101281,0.06815203145478388,0.025060630557801167,0.023958333333333304,-0.03736654804270467,0.013986013986013957,-0.00038804811796655514,0.5,0.014575741801145181,0.004826254826254761,0.010752688172043001,0.02388317387238348
1995-12-31,0.018328246428479744,0.0037110239324047445,0.03653437682169347,0.04105200055087055,0.012774185785486836,0.01865005204390613,-0.002844383764257441,-0.002844383764257441,0.0,0.0,1.8417588292291756,-0.025246034973566478,0.3467374104067764,-1.1321719918422841,0.039941041127408594,0.060122699386503164,0.01971608832807581,0.019328585961342792,0.014787430683918634,0.10000000000000009,-0.00038804811796655514,0.3333333333333335,-0.005515649050795268,-0.0009606147934678733,0.02127659574468077,-0.035867350523431485
1996-03-31,0.011854988320598503,-0.0067084503508043625,-0.024124812938967177,-0.021733970904648348,0.02229400162431827,0.007495290043340264,0.030407621872949875,0.030407621872949875,0.028571428571428692,0.0,-0.4451094049452682,-0.22069989820269342,-1.0503870611003594,-1.4346148900604345,-0.01669226476499963,-0.05960648148148151,0.01933488012374318,0.020958083832335328,0.02003642987249532,-0.07210031347962387,-0.1071428571428572,0.25,0.010318586353669668,0.0,0.02083333333333326,0.015339770449990908
1996-06-30,0.03904345352393146,0.048443795520426214,0.08307637276560231,0.09446329211592852,0.027126532376243295,0.016953596588535236,0.08653766298480203,0.08653766298480203,0.08333333333333348,0.0,0.9294401830741197,-0.08175939012377409,-1.297668038408779,-13.920118343195266,0.21932710224048124,0.053538461538461535,0.009863429438543125,0.012707722385141729,0.025000000000000133,0.03378378378378377,0.023913043478260843,0.0,-0.011489850631941745,0.012500000000000178,0.0,-0.042022536424316304
1996-09-30,0.018902819235331547,0.025106556183117412,0.0032873612427755106,-0.001657085129114555,0.02345149835892557,0.01882991593686345,-0.0864735407271523,-0.0864735407271523,-0.07692307692307698,0.0,-0.48610775549649676,-0.05256529850746272,26.83410138248848,-1.0157087245248455,-0.002825615065553455,-0.02453271028037396,-0.01577761081893303,-0.01737451737451734,0.026132404181184565,-0.04901960784313719,-0.045010615711252755,0.19999999999999996,0.00452021180421025,-0.010446343779677125,0.0,0.02678404195542239
1996-12-31,0.017735937273279268,0.027947019515770943,0.027127116448481425,0.022273101199012935,0.0150207159952358,0.048415578637077905,0.12109887045042522,0.12109887045042522,-0.11111111111111105,0.0,0.06817113305124578,1.516762664303648,-0.25546357615894044,84.38483965014578,-0.24194834216602712,0.15389221556886223,0.012977099236641365,0.013752455795677854,0.015280135823429575,0.12371134020618557,0.14628723877278804,0.16666666666666674,-0.0026999228593470592,0.011516314779270509,0.0,0.005545421379058668
1997-03-31,0.0023729091007500536,0.014672958891686516,0.032844191877976714,0.05588135804447303,-0.0064227802776056775,0.026652166416891054,0.07448317038584973,0.07448317038584973,0.0625,0.0,1.0411731754161333,-0.3206188995168515,1.8112074716477653,0.0,0.014488962995657051,-0.0036325895173845435,0.03165033911077608,0.027131782945736482,-0.0033444816053512794,-0.01834862385321101,-0.03685027152831666,0.0,-0.008766275622018704,0.018026565464895672,0.010204081632652962,-0.039002975110659754
1997-06-30,0.07791188406789606,0.11226772425471232,0.14325404464262625,0.15339297697773313,0.05846645039070131,0.0749406412041762,0.09914102475052666,0.09914102475052666,0.11764705882352944,0.0,-0.24972065943975064,-0.05456063572497982,-0.29125138427464003,0.0,0.07298928981942021,0.10833333333333339,0.028487947406866443,0.02169811320754711,0.006711409395973256,0.11214953271028039,0.06282722513089012,0.2857142857142856,-0.018077773442580325,0.009319664492078106,0.010101010101010166,-0.03567787971457692
1997-09-30,-0.010220956167364403,-0.002945236683478014,-0.044276010082605954,-0.046271336097255755,0.0011028293276544865,-0.014096558420800931,-0.0635519137193773,-0.0635519137193773,-0.07894736842105265,0.0,-0.19383915974290644,-0.019307488503821912,-0.4536830357142857,-0.7240926008126473,-0.08089924762348133,0.23026315789473673,0.03409090909090917,0.029547553093259626,0.05166666666666653,0.22128851540616257,0.1671087533156499,0.11111111111111116,0.011523178807947065,0.01754385964912286,0.010000000000000009,0.045454545454545636
1997-12-31,-0.026443031724478483,-0.03154271727737268,-0.07395574488226242,-0.07318209687308397,-0.011815481602715616,-0.011450679434608979,0.024631095915062184,0.024631095915062184,-0.17142857142857149,0.0,-0.1077134986225895,-0.03696860540943392,2.488049029622063,1.0264216323247326,-0.17836563075280765,-0.019862490450725745,0.02060439560439553,0.02062780269058284,-0.009508716323296307,-0.0665137614678899,-0.06363636363636371,0.09999999999999987,0.014927327484614228,0.012704174228675091,0.00990099009900991,0.04490132194884455
1998-03-31,0.019570078301868188,0.0133895865883642,-0.01195161427719571,-0.018952925299674517,0.028652376465661655,0.009201054508418016,0.019033610678141022,0.019033610678141022,0.034482758620689724,0.0,0.43057951800664696,-0.2526078194276501,-0.9188825114208738,-2.053100858041467,0.22861385285402736,-0.11262665627435697,-0.0006729475100942794,0.0035149384885764245,0.02719999999999989,-0.10565110565110569,-0.13869625520110962,0.09090909090909083,0.008902077151335286,0.0044802867383513245,0.0,0.03297254677084083
1998-06-30,0.01952959347753369,0.015125265978913616,0.07908644934346087,0.12230696093702598,0.003086616076483306,-0.02730018473809226,-0.01292602007841781,-0.01292602007841781,-0.033333333333333326,0.0,0.38513685065759407,0.3334987164829475,19.745848375451263,-0.42249478079331937,0.10745906282877882,-0.06016688625384281,-0.014141414141414121,-0.009632224168126036,0.004672897196261738,-0.0851648351648352,-0.0748792270531401,0.16666666666666674,-0.016112531969309507,0.001784121320249632,-0.009803921568627416,-0.09548261744500741
1998-09-30,0.03988999984142794,0.006627171749879812,0.01981197400660495,0.021377458137313177,0.045958607132382756,0.029734509717225688,-0.1450303374219739,-0.1450303374219739,-0.13793103448275856,-0.13793103448275856,-0.5180643387407204,0.09002377986637988,-0.6565273379041521,0.0,-0.0960382340618332,0.02102803738317771,-0.04508196721311475,-0.04155614500442095,0.04961240310077519,0.018018018018018056,0.033507397737162714,0.0714285714285714,0.005848713283077789,-0.02849510240427422,-0.01980198019801982,-0.014461066359800379
1998-12-31,0.045013633119242336,0.02725913579427197,-0.000112295289604325,-0.007841407100208864,0.05818953431093932,0.04836883862090491,0.11998059888188295,0.11998059888188295,0.1200000000000001,0.1200000000000001,0.31093108169785477,0.06565551630999367,1.041341574627622,0.0,0.04432252396940961,0.16338672768878726,-0.04220314735336206,-0.03966789667896675,0.06203840472673572,0.10619469026548667,0.19452631578947366,0.06666666666666665,0.012663134771934148,-0.024747937671860787,-0.010101010101010055,0.03537928618689912
1999-03-31,-0.007487418543946522,0.004584589805138206,-0.029853007239941887,-0.05234433363768953,-0.00019264731790535894,-0.008237960709116199,0.024776058167893744,0.024776058167893744,0.03571428571428559,0.03571428571428559,-0.15612034699857835,-0.3560983761802635,-0.6927429762732056,0.0,0.06052958874559411,-0.0007867820613691734,-0.0336071695294996,-0.03170028818443804,0.0027816411682892728,-0.058666666666666756,0.008107155445893577,0.0625,0.0072731912721706315,-0.017857142857142794,-0.010204081632653073,0.060070671378091856
1999-06-30,0.07552611103068907,-0.022330243558284946,0.07758059044921728,0.07124288712941906,0.07483319186427573,0.04618492742469105,0.11261120996441276,0.11261120996441276,0.13793103448275867,0.10344827586206917,1.3177473698686653,0.3462020936067134,6.453311793214863,0.0,-0.10953664684528619,-0.0031496062992125706,-0.019319938176197593,-0.012896825396825351,0.061026352288488184,-0.005665722379603388,-0.0031468531468531458,0.0588235294117645,-0.000633392449961967,-0.004784688995215336,-0.010309278350515427,-0.08734042553191479
1999-09-30,0.053664750800731076,0.05778146409209639,0.05629548571814036,0.004675257927643006,0.05285774359445994,0.10319135335900653,-0.09047837994522523,-0.09047837994522523,-0.12121212121212133,-0.09375000000000011,-0.6217996261904055,0.1722764005590991,-0.7642838564244842,-1.7703469398001705,-0.08384519541837898,0.08412322274881512,-0.010244286840031758,-0.0060301507537688925,0.0535947712418301,0.02279202279202286,0.055769905296387146,0.11111111111111116,-0.0007605526682723518,-0.011538461538461497,0.0,0.052842211601973776
1999-12-31,0.0762887565035979,0.047419022314518555,0.06924852647612556,0.08279803047302359,0.07813706600365089,0.10396852826966474,0.18948502099039488,0.18948502099039488,-0.0344827586206895,-0.06896551724137923,1.00392218387198,-0.29966011567031225,0.32229885057471264,-2.7255425927132895,0.1579192240931948,0.3012750455373405,0.0031847133757962887,0.005055611729019249,0.0781637717121586,0.23398328690807801,0.2571428571428571,0.09999999999999987,0.0017759736141063076,-0.0077821011673152585,0.01041666666666674,-0.03266044211536345
2000-03-31,0.05850423649449321,-0.01030343994183125,0.04666713856580995,0.0917541768672423,0.06127704093883812,0.045229452918828184,0.0679441221035515,0.0679441221035515,0.03571428571428559,0.07407407407407396,-0.22242229703280358,0.8013541809357938,-0.2864394993045897,-2.159017941454202,-0.1580690692547032,0.414333706606943,-0.0007936507936506798,0.0,0.05983889528193331,0.31151241534988716,0.34857293868921757,0.13636363636363646,0.002532607319235103,-0.006862745098039191,0.010309278350515427,-0.09346864031741187
2000-06-30,-0.015792996035326468,0.058567335362150086,0.1403382709422174,0.16901519268076193,-0.05635209966420862,0.08294850493948758,0.12542607491997582,0.12542607491997582,0.13793103448275867,0.13793103448275867,0.7027663109142166,0.3257759285613411,1.191891628496248,-1.0276682418119603,0.005194598596418132,0.0033650039588279945,0.03971405877680678,0.030181086519114775,-0.05428881650380024,-0.05335628227194489,-0.052126200274348444,0.08000000000000007,-0.04117721359100668,-0.009871668311944748,0.04081632653061229,-0.09447857924417136
2000-09-30,0.003297129730417625,-0.028012461278444256,-0.021007274243617702,-0.037827401046168996,0.010635454014646495,0.0183470864624955,-0.008025336695160146,-0.008025336695160146,0.0,0.0,-0.6041391034406297,-0.3822138824474144,-0.30963496509714994,0.0,-0.2575477210751851,-0.016768593410929067,0.06340718105423981,0.0546875,0.012629161882893092,0.040000000000000036,-0.08166218730618147,0.07407407407407396,0.0073771571597944785,0.023928215353938187,0.02941176470588247,0.010177998791653042
2000-12-31,0.020723304125277453,0.006776272386438631,0.011576177495078,0.008499029431824123,0.023422427384616418,0.005422374885170056,0.05133132884907465,0.05133132884907465,0.06060606060606055,0.030303030303030276,1.050636692931028,0.3282356686208452,-0.5825980550009661,0.0,0.003500688660064366,-0.07885232744783321,0.0474137931034484,0.03981481481481475,0.023809523809523725,-0.08916083916083917,-0.1528590724898694,0.10344827586206917,0.0026154047338826647,0.019474196689386547,0.01904761904761898,-0.001702245123297641
2001-03-31,-0.026440573674321066,-0.06469348410232845,-0.14450318608415758,-0.16787398775772078,0.009199552236691,-0.046904669968648616,-0.1046525341274287,-0.1046525341274287,-0.11428571428571421,-0.08823529411764708,-0.1098535892486433,-0.15850650582678427,1.351951859280975,-4.345111896348645,-0.0232020457014942,-0.10564147244609001,0.015089163237311354,0.016918967052537814,0.008859357696566983,-0.12667946257197704,-0.15413234121711405,0.0625,0.036650580409547384,-0.0019102196752627254,0.01869158878504673,0.1240149315636665
2001-06-30,-0.011945688027530932,-0.047484529960718835,-0.0251783374422222,-0.02551946715706832,-0.008377158595404999,-0.14887771110751735,-0.8217172964517988,-0.8217172964517988,-0.8387096774193548,-0.8387096774193548,0.5895891083538762,0.3908838467745763,-0.30020337203962477,-7.64612676056338,0.15786656407082456,-0.10034096444227969,-0.21621621621621612,-0.20753064798598952,-0.007683863885839748,-0.10989010989010994,-0.11404335532516496,0.0588235294117645,0.00352289884247603,-0.17511961722488034,-0.03669724770642202,-0.02255022550225505
2001-09-30,0.002720422184947946,-0.019612833780897287,-0.1086554061786823,-0.14692359919381137,0.03062119118280049,-0.15680778211336244,1.3269301810121905,1.3269301810121905,1.6,1.6,-0.5813401285689466,-1.0618222461115803,0.9659698134433299,1.8930331125827813,0.39444372209942347,-0.1559285327558202,-0.20431034482758625,-0.1889502762430938,0.0331858407079646,-0.14814814814814803,0.07340425531914896,0.08333333333333348,0.02783350050150446,-0.12064965197215771,-0.07619047619047625,0.14924496644295293
2001-12-31,-0.05755910056049407,-0.060853891874520394,-0.14919601519603032,-0.16936401151841973,-0.03721974868467759,-0.03250761407168723,-0.8307667883791078,-0.8307667883791078,-0.8461538461538461,-0.8461538461538461,0.25013448917170034,-5.235026221363511,0.30351437699680517,-0.5988719188367579,0.11346636000082877,-0.047145606157793396,-0.3846153846153846,-0.37193460490463215,-0.03426124197002145,-0.07826086956521738,0.1826891311529566,0.0512820512820511,0.02159063186142962,-0.3192612137203167,-0.08247422680412364,0.13062997299072943
2002-03-31,-0.006870826736421809,0.0068987437345036096,-0.019094710117266933,-0.01198838130446267,-0.00476261960059976,-0.019576910147433124,3.6160881801125706,3.6160881801125706,4.0,4.0,0.08088768672773106,0.11685730113728932,0.20591893473807432,-0.32688093498904314,0.06859333420176039,0.08717603500504878,-0.4031690140845071,-0.3947939262472885,-0.0011086474501108556,0.12578616352201255,0.7689944134078213,0.07317073170731714,0.002149253731343226,-0.3410852713178294,-0.07865168539325851,0.019110953287923227
2002-06-30,0.0849115409515695,0.10705236512023641,0.28444858730474754,0.3729535111029658,0.048186172204816025,0.11748512761231122,0.3888126809937509,0.3888126809937509,0.40000000000000013,0.40000000000000013,0.8349637145392088,3.8409243427771136,-0.24571515243440012,-2.099769397721107,-0.07059453529073711,0.08452012383900942,0.2625368731563422,0.26881720430107525,0.049944506104328656,0.08659217877094982,0.8438338859939998,0.045454545454545414,-0.03383772191111656,0.31470588235294095,-0.03658536585365846,-0.19367100636700552
2002-09-30,-0.011359764321715038,0.0001321908836360297,-0.039169819651609816,-0.04959217782326131,-0.00494842563026221,0.028423523429846442,0.09606379865378978,0.09606379865378978,0.1428571428571428,0.0714285714285714,-0.61364749347566,-0.6069807670285029,0.27343655741001416,1.311563367252544,-0.17557863376382465,-0.19212103910933487,0.06308411214953269,0.062146892655367214,0.0,-0.23136246786632386,-0.3786075190545516,0.04347826086956519,0.0064126279442595635,0.03803131991051445,0.025316455696202445,0.05232763700648202
2002-12-31,0.005509541734655121,0.0010169706291016656,-0.07486024506916245,-0.08851240636704116,0.023875953476505174,-0.031192594076454583,-0.05920833055203256,-0.05920833055203256,-0.0625,0.0,0.46996438083624814,-0.02281963592865799,-0.24924204143506823,-1.5156608505415932,0.10982130174152682,-0.13356890459363957,0.27472527472527486,0.27127659574468077,0.026427061310782207,-0.13377926421404696,-0.17585446527012139,0.0625,0.018257566474696674,0.267241379310345,0.0,0.09821928547429737
2003-03-31,0.002228874231062994,0.009810180107922895,-0.0262548119730609,-0.029511091136721124,0.0077437032398528505,-0.02514688446555169,-0.120051085568327,-0.120051085568327,-0.1333333333333333,-0.1333333333333333,-0.17851490443913243,0.05640389836626447,-0.24705535924617195,0.0,-0.03566400270321468,-0.07259380097879287,0.02931034482758621,0.029288702928870203,0.011328527291452062,-0.09652509652509655,-0.29581939799331103,0.03921568627450989,0.0055354993983154355,0.028911564625850428,0.0,0.040519409885104496
2003-06-30,0.039768220959597755,0.03968942656299812,0.1872846266137742,0.17806143882084036,0.010722386125274985,0.07421188373945409,-0.9208192227060151,-0.9208192227060151,-1.0,-0.9230769230769231,0.5979910180436343,0.449749676882623,0.06128834013073359,0.0,-0.04980436086792628,0.11037818821459999,-0.2361809045226131,-0.23780487804878048,0.010183299389002087,0.09829059829059839,0.05200664925195908,0.037735849056603765,-0.027884155098133023,-0.23801652892561975,0.0,-0.1174779483828815
2003-09-30,0.025316396061484614,0.047170134900993865,0.05275967904490497,0.0702488852948775,0.018956873679193187,0.043475064381829354,15.324847250509166,15.324847250509166,-inf,16.0,-0.7346842052748861,-0.610644860483466,0.3823436512950096,0.0,-0.11276372251028066,0.13346534653465358,0.00877192982456143,0.008000000000000007,0.02318548387096775,0.12451361867704303,0.4683972911963883,0.05454545454545445,-0.006278468546103699,0.00867678958785234,0.0,-0.021544384393277438
2003-12-31,0.040164143624000115,0.07166182297497947,0.027777838078388406,0.018975934432938768,0.04289060765704478,0.10511853741120003,0.285509325681492,0.285509325681492,0.2941176470588234,0.23529411764705865,0.9470682252655991,0.20841667543952003,-0.6822041966563845,0.0,-0.008507878131415514,0.11495457721872815,0.12608695652173907,0.11904761904761907,0.04334975369458127,0.08650519031141868,0.06641045349730978,0.034482758620689724,0.0027254707631318986,0.09462365591397859,0.024691358024691246,0.051717615012106366
2004-03-31,0.01826834806200739,0.04653906890371817,0.0506472686719428,0.06033470648815653,0.01069560108920875,0.03674255257913739,0.1032366071428572,0.1032366071428572,0.09090909090909083,0.1428571428571428,0.5971446506462361,-1.5507786126538168,2.4891551827441583,4.312706953642384,0.6521979383014804,0.011908492635537504,0.18339768339768336,0.17021276595744683,0.014164305949008638,-0.02866242038216571,-0.10480034597088084,0.050000000000000044,-0.0075364467506795485,0.13359528487229855,0.03614457831325302,-0.013022051152919212
2004-06-30,0.014474029290377777,0.034250400241428114,0.015501678628148774,0.040380347421533846,0.014251601893798815,0.11010044750708503,0.2579666160849772,0.2579666160849772,0.25,0.25,-0.004686130062784066,-4.943849104353672,-0.23113644949685752,-1.2502434653889603,-0.09878251777016611,-0.05605450603902129,0.4257748776508974,0.4222222222222223,0.017690875232774683,-0.06885245901639347,-0.22093397745571652,0.031746031746031855,-0.0001244864932155032,0.35701906412478324,0.04651162790697683,-0.005904435616138737
2004-09-30,-0.0009438854648635697,0.02756356940180238,-0.0346259757176709,-0.04250298741551217,0.00623961153807806,0.013315564475156583,-0.08246359329382358,-0.08246359329382358,-0.06666666666666654,-0.06666666666666654,-0.4490300109351586,-0.7581214406031924,0.1593335417876447,-1.1502568493150684,0.01646966484807888,-0.03313648293963256,0.09610983981693355,0.09801136363636354,0.009149130832570851,-0.04929577464788726,-0.3379495659363373,0.04615384615384621,0.007096613545816588,0.04980842911877392,0.04444444444444429,0.07318056828597608
2004-12-31,0.05621735790791771,0.07697176014443041,0.03562391059161274,0.023093066961119124,0.061081781820543135,0.018099745403995504,-0.004534715341818485,-0.004534715341818485,0.0,-0.0357142857142857,1.3675389591296678,2.180857237605704,-0.7640055482777222,14.372183372183372,0.24907256643110132,-0.001017984390905946,0.03235908141962418,0.03234152652005173,0.059836808703535915,-0.011111111111111183,-0.10771152044957866,0.0588235294117645,0.004697737668438728,0.012165450121654597,0.02127659574468077,0.05268012708824443
2005-03-31,0.0065561643270390935,0.03252949072441713,0.00514631045776226,0.01566970912045207,0.007083835970165042,-0.05979583257903276,-0.1420970026413505,-0.1420970026413505,-0.14285714285714302,-0.11111111111111116,-0.3065930824639841,-0.27394279012184797,-0.12359183673469387,-0.5595430651031137,0.08782975635322732,-0.08695652173913049,-0.02426693629929222,-0.02130325814536338,0.0059880239520957446,-0.13857677902621723,-0.1371588523442967,0.05555555555555558,0.0004921865386982027,-0.02043269230769218,0.0,0.016583909388894202
2005-06-30,-0.0016528877222211635,0.02898473667735546,0.1020190260056224,0.10133613571535816,-0.02489631972731854,0.05045346108784976,-0.8910802730801839,-0.8910802730801839,-0.9166666666666666,-0.9166666666666666,0.7715066100992913,1.3272247549987437,6.124068554396423,-1.5366842628720068,-0.04333108905264593,-0.021205357142857206,-0.2621761658031089,-0.26376440460947503,-0.021258503401360596,-0.02608695652173898,-0.02108678021086774,0.05263157894736836,-0.023244373385807426,-0.256441717791411,-0.01041666666666663,-0.06570042140211974
2005-09-30,-0.010524359233808123,-0.023385390626194047,-0.034216528901982124,-0.04435744956379495,-0.0044239045031220225,0.02493623419835278,8.55981155264236,8.55981155264236,11.5,11.5,-0.6863396817773959,-1.0579211624337685,0.48313372731551696,-1.0111903064861012,0.0005068505533387668,0.03648802736602064,-0.04634831460674149,-0.04869565217391314,0.005212858384013863,0.05803571428571419,0.39478044739022367,0.0625,0.006043817678166752,-0.044554455445544594,-0.010526315789473717,0.021970887719537924
2005-12-31,0.011830831448351509,0.01228230980751599,0.04593839712586556,0.0526948056289811,0.0031707272965864064,0.0568841266112472,0.2535193160635083,0.2535193160635083,0.24,0.24,1.5845320117651798,-9.096671105193076,-0.1275785464931768,112.23566878980891,0.05736448616224554,-0.044737807114044736,0.04712812960235624,0.040219378427788,0.010371650821088929,-0.05063291139240511,-0.008019008019008123,0.05882352941176472,-0.008510638297872353,0.024179620034542326,0.02127659574468077,-0.03841653014142887
2006-03-31,0.024305209718715082,0.03652132048303458,0.042211274036164426,0.04415217616832612,0.01958361702491551,0.032951983801488005,0.051040117600806845,0.051040117600806845,0.06451612903225823,0.06451612903225823,-0.32003024374274114,0.3966713811137059,-0.04741117982296594,-3.2040161997975027,-0.11957301238056584,0.13781190019193867,0.10970464135021096,0.10017574692442888,0.023952095808383422,0.12888888888888883,0.08233532934131738,0.05555555555555558,-0.004544306993183644,0.062394603709949426,0.03125,-0.0073018080667595076
2006-06-30,0.06332922337521096,0.09957933925795248,0.1759299350187371,0.20608708876159576,0.03408182666767612,0.08811553641609993,0.1291125241913187,0.1291125241913187,0.15151515151515138,0.1212121212121211,1.0484329504550978,0.2076042672444245,-0.22611167684996603,-2.130770997626522,0.15357286453061958,0.21187584345479094,0.35868187579214195,0.3466453674121406,0.037593984962405846,0.1811023622047243,0.09183955739972349,0.0736842105263158,-0.02751711894496567,0.30952380952380953,0.030303030303030276,-0.08830122591943956
2006-09-30,0.09535069021859721,0.016582775331619892,0.29351340190108743,0.11793137999905845,0.03522860936954042,0.058364453131478866,0.10187532407674138,0.10187532407674138,0.10526315789473673,0.10810810810810811,-0.7942392818968846,0.6870910810573632,-4.782745764570426,-0.9660098855711288,0.0045250364316511416,-0.04036748329621387,0.10074626865671643,0.07236061684460249,0.03301127214170685,-0.07333333333333336,-0.3068153027615911,0.06862745098039214,-0.05489633589777032,0.06303030303030299,0.009803921568627416,-0.0906681009643091
2006-12-31,0.0008947116250817011,-0.013293669829284704,-0.08993396024219047,-0.12186616016927354,0.035319307699051006,0.009549813451952494,-0.13429889805362016,-0.13429889805362016,-0.1428571428571429,-0.12195121951219512,2.4968722802436902,-0.3931731619495674,-1.4698848442244559,-24.179282868525895,-0.10441461948247344,0.021177835799245814,-0.0016949152542372614,-0.014380530973451267,0.035074045206547,-0.014388489208632893,-0.0939327485380117,0.07339449541284382,0.03435430463576172,-0.015963511972634015,0.0,0.12366386412607233
2007-03-31,0.005003146324320307,-0.0022865657340964685,-0.06527864151147056,-0.09638942120793326,0.028377613361562526,-0.03636322386434332,-0.013725519803101438,-0.013725519803101438,0.0,-0.02777777777777779,-0.1451315595031616,-0.3200533358731368,-0.6657515654400197,-1.577546694167526,0.06733508565092361,-0.15000000000000002,-0.018675721561969505,-0.024691358024691246,0.026355421686747205,-0.17883211678832123,-0.17910447761194026,0.05982905982905984,0.023209283713485407,-0.01274623406720743,-0.009708737864077666,0.10411340051135509
2007-06-30,0.011852878453758597,0.026715579182836624,0.04072883313211895,0.006277018946666102,0.0035443813342244113,-0.0187927346985306,-0.49903548792063446,-0.49903548792063446,-0.5277777777777777,-0.48571428571428565,0.6029041150728303,0.3547926209186032,0.058877814691768116,1.9158771886315162,0.18395426411410187,-0.0050133689839573226,-0.1539792387543253,-0.15535097813578824,0.005135730007336692,-0.03111111111111109,-0.018181818181818188,0.06451612903225823,-0.008212749315604229,-0.13497652582159625,-0.019607843137254943,0.020330325217095213
2007-09-30,0.021089783565553244,0.0016104831009280396,0.058586997227255466,0.06809479594162182,0.009303096156963564,0.0009623058970913423,0.6289957826538719,0.6289957826538719,0.7058823529411762,0.6111111111111112,-0.1764048132591668,-0.38363316790736146,2.324080529893673,-0.710480208209298,0.04498349459907347,-0.08397715821296603,-0.11247443762781184,-0.10490463215258872,0.024087591240876005,-0.08715596330275233,0.05005005005005003,0.09090909090909083,-0.011435331230283952,-0.08548168249660781,-0.020000000000000018,-0.0622455109805754
2007-12-31,0.01611585673428939,0.027344232952530634,0.010869034389029197,0.012410378306701109,0.01784564950443812,0.061757989427335014,0.11091100105057783,0.11091100105057783,0.13793103448275867,0.13793103448275867,-0.27509114341045204,-0.25778746959657806,-0.1582700803607714,-0.7851351351351351,0.009249306365252785,0.024935826916024917,-0.04608294930875578,-0.04414003044140036,0.024946543121881826,0.0,0.12917063870352719,0.07638888888888906,0.0015955325089749284,-0.034124629080118596,-0.020408163265306145,0.01473466918176336
2008-03-31,0.056564629616873585,0.07190222846143368,0.14285360789757107,0.16559086222271757,0.028311535691123213,-0.022903892770568923,-0.15046609024587954,-0.15046609024587954,-0.1515151515151515,-0.1515151515151515,-0.024851452203260904,0.26166745768074673,-0.8545664091701969,13.989335520918786,0.1373703757536877,-0.1291592128801431,-0.08574879227053134,-0.09554140127388522,0.03824756606397761,-0.1507537688442211,-0.10637399746728571,0.07096774193548372,-0.02668259657506966,-0.07526881720430123,-0.02083333333333337,-0.08035495072077459
2008-06-30,-0.009818635959760402,0.01612848073130979,-0.048675070960850664,-0.0295554356808031,0.004321042542965614,0.06032823169582313,0.0458195841450324,0.0458195841450324,0.03571428571428559,0.03571428571428559,0.2311179573173705,0.04736229287953431,4.084493467551939,-0.6049875948628138,0.047709175197310216,0.1076417419884963,0.08586525759577257,0.079225352112676,0.010716677829872845,0.07100591715976345,0.17902692489371752,0.06626506024096401,0.01432078559738148,0.07475083056478393,0.010638297872340496,0.0470633104500382
2008-09-30,-0.009931555086112431,-0.014475366805761225,0.06063676788870809,0.30860374662400414,-0.03425598633615834,-0.037742059796396776,-0.15802778886544644,-0.15802778886544644,-0.13793103448275856,-0.13793103448275856,-0.29539029276907114,0.6288289520942723,-0.6845342151266876,-2.6850320971689836,-0.07673073161909283,-0.11053412462908008,-0.045012165450121544,-0.05383360522022829,-0.02717031146454607,-0.12154696132596687,-0.19270833333333337,0.0847457627118644,-0.024606696248487214,-0.054095826893353904,0.0,-0.24688569971588836
2008-12-31,-0.06675593497705246,-0.09448874911717886,-0.06736593640153687,-0.07040596241485331,-0.06652501133397393,-0.20531594724577917,-2.969523895523399,-2.969523895523399,-3.0,-3.0,0.13813837439309484,-0.15375488260741732,1.8802910936039523,-0.4395658608781451,-0.04657635967299967,-0.3135946622185154,-0.7044585987261147,-0.7068965517241379,-0.05108991825613074,-0.2955974842767295,-0.2898263027295285,0.08333333333333348,0.00027570995312919955,-0.6944444444444444,-0.042105263157894646,-0.02592377635906362
2009-03-31,-0.07599272854976302,-0.10621449042184117,-0.12305620715383692,-0.14816169676287494,-0.05819231210718179,-0.24176125796426728,-0.3283205721883453,-0.3283205721883453,-0.31999999999999995,-0.31999999999999995,0.1982383204795244,-0.518630650304617,-0.21693980204445884,-2.9060543818466353,0.09311398489630252,-0.22296476306196855,-1.8491379310344827,-1.8470588235294116,-0.05814788226848533,-0.1785714285714286,1.7931516422082456,0.07211538461538458,0.019294377067254675,0.0,-0.06593406593406603,0.04925521350546158
2009-06-30,-0.04262219013055368,0.01789792703850579,0.09894452509876328,0.06119283000307596,-0.09247812005140921,0.1286745434081249,2.749829351535836,2.749829351535836,2.705882352941176,2.705882352941176,-0.5194326778856455,-0.008583580358293541,0.8850571310165176,-1.8426170622193714,-0.07177607595268698,0.2150117279124315,5.98984771573604,5.916666666666666,-0.09374999999999989,0.28260869565217384,0.0,0.06726457399103136,-0.05219037317468911,0.0,-0.05882352941176461,-0.04079121711148981
2009-09-30,0.0629782842995803,0.1115142379693459,0.20396251448112923,-0.13557337933661184,0.0028546992966036466,0.18129336527693307,-0.9472330936561391,-0.9472330936561391,-0.9444444444444444,-0.9444444444444444,0.21101641143484295,-0.7802506369923561,-1.359353653365996,-3.932066624037027,0.22672571914284445,0.14800514800514808,0.2425562817719682,0.21485943775100402,0.001682085786375076,0.27118644067796627,0.0,0.06302521008403361,-0.05649072753209694,0.0,-0.025000000000000022,0.285841144548594
2009-12-31,-0.02597932052609009,-0.016321337876119224,-0.08356775326086852,-0.11462227780189593,0.00350455316342857,0.08240397725333914,-2.6633031479085814,-2.6633031479085814,-2.571428571428571,-2.571428571428571,0.00852473873516657,5.43019403691434,-3.24309561265513,-1.360164915050056,-0.06656634657648097,0.14461883408071752,-0.25365283459964927,-0.2661157024793388,0.0025188916876572875,0.1399999999999999,0.0,0.059288537549407216,0.030238887208950738,0.0,0.03846153846153855,0.11103437691835483
2010-03-31,0.013001772700413694,0.03202237642766925,0.03637201068728557,0.26069392504555666,0.0020749616635535872,0.03662127043652741,0.2354039199419269,0.2354039199419269,0.27272727272727293,0.27272727272727293,-0.4371244032575119,0.14896592330904546,-0.4357016228010364,0.5733110348605865,-0.11219819130692266,0.03281096963760999,-0.28817541111981215,-0.3051801801801802,0.0008375209380233617,0.03508771929824572,0.0,0.05970149253731338,-0.010713237452304014,0.0,0.11111111111111116,-0.1814006492161061
2010-06-30,0.048859844073152914,0.08717965985478315,0.24423293742878793,0.32455228862508334,-0.045613766870127415,0.12033680023906057,0.9060270292957273,0.9060270292957273,0.857142857142857,0.857142857142857,0.7125573737776891,0.4673467426814426,-0.10850652489125179,0.015358111575397793,-0.12831844059348607,-0.011853959222380306,-1.4125412541254125,-1.3987034035656403,-0.046861924686192324,-0.016949152542372947,0.0,0.052816901408450745,-0.09019433318498749,0.36898395721925126,0.06666666666666665,-0.17920269985235182
2010-09-30,0.04045723600667128,0.04246542866651537,0.006824899496343129,0.01733764583168984,0.06165940686030291,0.05944501619253528,0.653799572809548,0.653799572809548,0.6538461538461537,0.6538461538461537,-0.08824086347282711,-0.24015846857367373,0.5961352282848624,-0.35547453160535725,-0.09487926196751972,-0.07005758157389641,1.1173333333333333,1.089430894308943,0.057945566286216055,-0.02298850574712641,0.10207655741806354,0.050167224080267525,0.020381542475134573,0.9765624999999998,0.05208333333333348,0.024669784653338134
2010-12-31,0.018567961417315537,0.026741650965411035,-0.01697079654726874,-0.039931288502132456,0.03981479768051077,0.004225374078728139,0.0423279718789944,0.0423279718789944,0.04651162790697683,0.04651162790697683,0.9151689432063264,-0.13655166470368563,-0.6808598393866608,-2.449143049176655,0.15190638907481113,0.11455108359133148,0.3413098236775818,0.32101167315175094,0.03983402489626542,0.05294117647058827,-0.4783200908059023,0.05414012738853491,0.02093320549696398,0.2924901185770752,0.02970297029702973,0.06946882680443389
2011-03-31,0.02242591869678834,0.024493656934126085,0.0001509762999503117,-0.008387524496799026,0.035015724791507274,-0.029878031870344435,-0.12950449011918297,-0.12950449011918297,-0.1333333333333333,-0.1333333333333333,0.20500500500500496,0.4181984529651501,-0.061502204652577164,0.0707301047423956,0.1412013557939804,0.18611111111111112,0.1727699530516431,0.16200294550810002,0.02873104549082206,0.13966480446927365,-0.12880765883376855,0.05438066465256797,0.012365002347785259,0.15902140672782883,0.0,0.03315824031516734
2011-06-30,0.02591438594730322,0.05548831120945841,-0.007431433202668369,-0.0021708979757140145,0.04412658789275459,0.04474970012498125,0.13399368992589333,0.13399368992589333,0.1282051282051282,0.10256410256410242,-0.036246331062745774,-0.34646648290422855,-0.15147833130822197,0.5305743060318378,0.18937864563327933,0.01834504293520678,0.07125700560448367,0.08998732572877044,0.04732350659425899,-0.009803921568627416,-0.14835164835164827,0.05730659025787954,0.017625231910946226,0.09894459102902364,-0.009615384615384581,0.057787461981932964
2011-09-30,-0.004801198048168698,0.007764633188102277,-0.006169556257146769,0.05049957655317683,-0.004090756697094022,0.024427963829233068,0.04194057663440143,0.04194057663440143,0.045454545454545414,0.06976744186046524,0.08137480247090934,-0.29434463449216575,6.433985680190931,-0.7078287324740871,0.046520928503433145,-0.1326178612495209,-0.00971599402092671,0.0023255813953488857,-0.00592592592592589,-0.16831683168316836,-0.21935483870967742,0.05420054200542013,0.0007596475235489564,0.007202881152460927,0.0,-0.04068320315852725
2011-12-31,-0.0029213160556759155,-0.01083085824195773,-0.029046644844517133,-0.05433902804908319,0.010614446501239216,-0.08374813698937478,-0.20493808760882792,-0.20493808760882792,-0.21739130434782616,-0.21739130434782616,-0.06366697885738193,0.9271561919780247,-0.8144623800901492,1.016386164588126,0.08963428637042137,-0.0066283694211223265,-0.06641509433962267,-0.05568445475638051,0.008941877794336861,0.0,-0.02404207362885047,0.05141388174807182,0.01366327614999241,-0.03456495828367101,-0.01941747572815533,0.04603203006173384
2012-03-31,-0.001822068626303075,0.004833884043399461,-0.05567443879292544,-0.02633410937642655,0.02498434099830793,-0.023924962511573056,0.013543489127717967,0.013543489127717967,0.0277777777777779,0.0,-0.01489032660821199,-0.41269631780388016,5.470238095238095,-0.9705164131305044,0.0024253461016636724,0.17304270462633453,-0.029911075181891733,-0.01597051597051591,0.022895125553914264,0.1607142857142858,0.23787528868360264,0.0488997555012225,0.02680844690729378,-0.0012345679012345512,-0.01980198019801982,0.031989051875294106
2012-06-30,0.013438608513326233,0.00993989626836167,0.0444394067724756,0.0394906026384112,-0.0007784980635782146,0.025620012424141025,0.10908866729343591,0.10908866729343591,0.10810810810810811,0.13888888888888884,0.032232744031973404,0.5305168539325842,-0.5669647632699344,18.421588594704684,0.04699010691366268,-0.04323094425483509,-0.025833333333333264,-0.01872659176029967,-0.0014440433212996595,-0.06666666666666665,-0.025497512437810843,0.05128205128205132,-0.014002333722287097,-0.003708281829418958,-0.02020202020202022,-0.028428162943931023
2012-09-30,0.03720750058908995,0.050807074514798156,0.057593363406962084,0.0762377700125274,0.02743537773874527,0.068017742036933,-0.008990981225941774,-0.008990981225941774,-0.024390243902438935,-0.024390243902438935,0.16787241612657922,-0.1380160920890351,0.7230058545984537,0.6972525167785235,0.07617462351961124,0.009512485136741855,-0.04704875962360999,-0.04452926208651409,0.02386117136659438,0.01098901098901095,0.02233567326100827,0.04878048780487809,-0.00946745562130169,-0.027295285359801635,-0.010309278350515427,-0.023629771806355393
2012-12-31,0.004997226284465306,-0.009541036158540628,-0.01617760296435866,-0.08588859355306455,0.015445485501592637,0.05541807854766123,-0.012900692711108608,-0.012900692711108608,0.0,-0.025000000000000022,-0.47926572841748105,1.1860223478912584,-1.7914235329538775,-0.6071465348573782,0.02780725743907908,0.034943070278759425,0.006283662477558405,0.010652463382156974,0.013418079096045199,0.010869565217391353,0.0755305867665419,0.046511627906976605,0.01045400238948635,-0.007653061224489832,0.02083333333333326,0.08352627670263435
2013-03-31,-0.0538626046825198,-0.07475721246266231,-0.1456626273493674,-0.29414400836226395,-0.009976513379364338,-0.1187070840674358,-0.36405091343012186,-0.36405091343012186,-0.375,-0.35897435897435903,-1.230426852351072,-0.67020422793115,0.24037608014347556,-1.1185321100917431,-0.003206878406687763,0.06828528072837625,-0.07939339875111506,-0.0724637681159419,-0.011149825783972167,0.053763440860215006,0.04759141033081837,0.04444444444444429,0.04626071534141296,-0.07583547557840598,0.0,0.31080917630931726
2013-06-30,0.00702673291732947,0.020791058082012537,0.02253007438567889,0.07011575814358295,0.0006309556102304104,0.03526378365448868,0.27656532713829374,0.27656532713829374,0.28,0.28,-8.371035993428585,0.3655286473715298,-2.1452314882430263,-4.881026094648385,0.012486019926407188,0.008877840909090828,-0.06492248062015504,-0.05539772727272729,-0.002114164904862492,0.020408163265306145,0.08531855955678669,0.046421663442940186,-0.006356830060742946,-0.06397774687065383,0.010204081632652962,-0.04610605314960625
2013-09-30,0.02764623260383603,0.021439572891612135,0.030923454273844575,0.04160179899671346,0.026264652739438565,0.06051874830819548,0.4712500874921257,0.4712500874921257,0.4687499999999998,0.4375,-0.3323675217138766,0.9306699425565783,-0.44905246512102426,-6.2883190883190885,-0.06521577208419238,0.1911298838437172,0.04352331606217619,0.05563909774436082,0.021186440677966045,0.19500000000000006,0.2700357325165901,0.044362292051756125,-0.0012794995735001535,0.04606240713224374,0.010101010101010166,-0.01934672556669781
