Quarter end,Assets,Current Assets,Liabilities,Current Liabilities,Shareholders equity,Revenue,Earnings,Earnings available for common stockholders,EPS basic,EPS diluted,Cash from operating activities,Cash from investing activities,Cash from financing activities,Cash change during period,Cash at end of period,Price,ROE,ROA,Book value of equity per share,P/B ratio,P/E ratio,Cumulative dividends per share,Equity to assets ratio,Net margin,Asset turnover,Current ratio
1996-03-31,0.020363815392973272,,0.022317232676293264,,0.00826429458342659,0.022754153759504403,-0.028478437754271724,-0.028478437754271724,-0.014184397163120588,-0.014184397163120588,-2.050273224043716,-1.405032831681553,-1.3758694662939608,-1.1260315078769692,0.07215719961344358,0.09860248447204967,-0.02511773940345363,0.07476635514018692,0.024456521739130377,-0.08333333333333326,-0.03568827385287687,1.0,-0.011510791366906581,0.003927729772191579,-0.5,
1996-06-30,0.020363815392973272,,0.022317232676293264,,0.00826429458342659,0.022754153759504403,-0.028478437754271724,-0.028478437754271724,-0.014184397163120588,-0.014184397163120588,-2.050273224043716,-1.405032831681553,-1.3758694662939608,-1.1260315078769692,0.07215719961344358,0.09860248447204967,-0.02511773940345363,0.07476635514018692,0.024456521739130377,-0.08333333333333326,-0.03568827385287687,1.0,-0.011510791366906581,0.003927729772191579,-0.5,
1996-09-30,0.03132123188526359,,0.03550798013404699,,0.005026951729150353,0.009416818106724012,0.0008375209380233617,0.0008375209380233617,0.021582733812949728,0.014388489208633004,-17.35171696149844,0.08861141878964851,-1.3343133863714978,0.5431547619047619,0.10385578367551318,-0.06360424028268552,-0.02511773940345363,0.07476635514018692,0.02652519893899208,-0.08333333333333326,-0.03568827385287687,0.5454545454545456,-0.02547307132459975,0.003927729772191579,-0.5,
1996-12-31,0.140417248119856,,0.15633701816962664,,0.03740307741754045,0.11183851609383533,-0.046861924686192435,-0.046861924686192435,-0.5211267605633803,-0.5319148936170213,-0.5917016673030419,1.9381185829247989,-9.876875323331609,7.649951783992286,0.813826891671203,0.16830188679245284,-0.02511773940345363,0.07476635514018692,0.03746770025839785,0.13636363636363646,-0.03568827385287687,0.2941176470588234,-0.09036594473487669,0.003927729772191579,-0.5,
1997-03-31,-0.0036214799026726974,,-0.012067373259022962,,0.057296104097281475,-0.004514229636898959,0.21290605794556638,0.21290605794556638,0.19117647058823528,0.2272727272727273,-0.43781172069825436,-1.2578705452713765,-1.5810653301474444,-1.907803790412486,-0.407312925170068,0.22609819121447017,-0.02511773940345363,0.07476635514018692,0.04607721046077229,0.17999999999999994,-0.03568827385287687,0.3181818181818181,0.06075533661740562,0.003927729772191579,-0.5,
1997-05-31,5.3886417415996215,,6.006252768364959,,1.2262513048733585,0.9213328075709779,0.9073470865001809,0.8422005066956206,0.04938271604938271,0.024691358024691246,-2.9232048794011645,-4.263459895006715,-2.567674640188556,-0.7044086945843056,2.655160773061018,0.0010537407797681642,-0.02511773940345363,0.07476635514018692,0.14404761904761898,-0.0423728813559322,-0.03568827385287687,0.24137931034482762,-0.6764705882352942,0.003927729772191579,-0.5,
1997-08-31,0.046284224250325856,,0.04601905146066376,,0.05190852254030931,0.1523858388917394,0.28652751423149914,0.30255402750491167,0.3058823529411767,0.3132530120481929,-7.273605304886838,-0.7025924956043545,-0.5208086753462782,-22.001246364769422,1.1671669360424843,0.24842105263157888,0.06441223832528187,0.07476635514018692,0.04578563995837692,0.09292035398230114,0.19259818731117817,0.19444444444444442,0.009569377990430672,0.05320813771518007,-0.20000000000000007,
1997-11-30,0.07011823845935994,,0.06910820822194119,,0.09142097442715258,0.31504897595725745,0.6293510324483775,0.6662141779788839,0.15315315315315314,0.12844036697247696,-2.05859375,-1.1522012578616352,1.239652870493992,-1.223738872403561,-0.12049861495844871,0.11804384485666097,0.23398890569843678,0.07476635514018692,0.07462686567164178,0.06882591093117396,-0.008866371120962557,0.16279069767441867,0.026066350710900466,0.16196136701337305,-0.12499999999999989,
1998-02-28,0.14306602665678647,,0.14802085103578877,,0.04069934078532533,-0.24837486457204772,-0.3744908119851543,-0.3880691590477052,-0.10156250000000011,-0.10569105691056901,2.0889950075971346,-4.3884297520661155,2.7508196721311475,0.8187444739168876,-0.24918231374924293,0.157239819004525,-0.03310175725378017,-0.13043478260869557,0.051851851851851816,0.07575757575757569,-0.009584664536741228,0.19999999999999996,-0.08775981524249421,0.007672634271099543,-0.14285714285714302,
1998-05-31,0.10167161552842852,,0.10824446391347697,,-0.04812723767557148,0.09774774774774775,0.23589001447177993,0.2426035502958579,0.25217391304347836,0.24545454545454537,-1.770641557163938,-7.160975609756098,-1.8280356007628735,-2.4939231891103546,0.4958050984188447,0.2561094819159333,0.07607776838546054,0.020000000000000018,-0.02640845070422526,0.193661971830986,0.17032258064516137,0.16666666666666674,-0.1392405063291139,0.05710659898477166,0.0,
1998-08-31,-0.05184611141029516,,-0.053301166721186344,,-0.013236889692585851,-0.15449322938038568,-0.24473067915690871,-0.2488095238095238,-0.23611111111111105,-0.23357664233576647,-1.013495030546184,-1.0447347585114806,-1.0777351247600768,-0.8213472177025708,0.05921691295437381,-0.07574578469520088,-0.029457973291437622,-0.06862745098039225,0.014466546112115841,-0.05014749262536866,-0.17971334068357225,0.14285714285714302,0.055882352941176494,0.009003601440576325,0.0,
1998-11-30,-0.12007624768306235,,-0.12616654236985547,,0.03496554757366965,0.01480223246784762,0.6837209302325582,0.7020602218700476,0.6818181818181817,0.838095238095238,-127.89864864864865,-11.530973451327434,-16.941975308641975,11.856102003642988,0.7187372708757638,-0.20572551220881286,-0.01659247268312425,-0.021052631578947434,0.04901960784313708,-0.21739130434782616,-0.19892473118279574,0.125,0.17827298050139273,0.08744794765020814,-0.16666666666666663,
1999-02-28,0.01318681318681314,,0.011434370994263032,,0.05085345987676182,0.32185557149689137,-0.04511970534069987,-0.04469273743016755,0.0,-0.08808290155440412,-2.246366008199776,-1.1092436974789917,-1.997831642530783,-2.509351090960612,-0.6311766797013865,0.4074204946996465,0.09835390946502076,0.12903225806451624,0.054375531011044975,0.34126984126984117,0.22651006711409383,0.1333333333333333,0.04018912529550844,0.04431072210065645,0.0,
1999-05-31,0.06391673762656236,,0.06533828976904354,,0.0345083237851318,0.04486251808972508,0.10993249758919954,0.1120857699805069,0.11351351351351346,0.10795454545454541,-1.6748120300751879,-4.384615384615385,-1.919674039580908,-1.4117150098563784,0.7045783132530121,0.27567160431835314,0.05020606968902208,0.11428571428571432,0.045930701047542266,0.2100591715976332,0.13748290013679898,0.11764705882352922,-0.025000000000000133,0.03457307490832906,0.19999999999999996,
1999-08-31,-0.004308519183864212,,-0.004804340114252126,,0.006254479119160772,-0.05540166204986152,-0.15725456125108606,-0.1595092024539877,-0.15533980582524276,-0.15384615384615385,-0.9435933147632312,-6.113636363636363,-1.3485232067510549,-0.3682170542635659,0.26114409574969377,-0.08640031489864197,0.05030324652158402,0.09401709401709413,0.0215716486902926,-0.12469437652811732,-0.16536380036079368,0.10526315789473695,0.00932400932400923,0.01569620253164561,0.0,
1999-11-30,0.07655997887757793,,0.07537220557732205,,0.10158627387504038,0.05901759530791795,0.6835051546391753,0.6903023983315955,-0.12643678160919536,-0.1333333333333333,-26.308641975308642,1.093777777777778,5.344794188861986,-1.3814507398051246,-0.07898669855029139,0.15058164584230926,0.07574728260869557,0.09375,0.08144796380090491,0.12569832402234637,0.0554755043227666,0.09523809523809512,0.02771362586605086,0.04985044865403787,0.16666666666666674,
2000-02-29,0.11201279679099208,,0.11506402288307283,,0.04925355589514524,0.3212184146763586,-0.0545009185548071,-0.0530536705737199,-0.07894736842105265,-0.0629370629370628,-0.8564523281596452,-0.3457864572277648,-0.6442146237215692,-3.8420056764427626,0.24373225152129807,0.22954502902078278,0.05209977897063478,0.03571428571428581,0.0662482566248257,0.1364764267990073,0.09078498293515369,0.14492753623188426,-0.04719101123595504,0.012820512820512775,0.0,
2000-05-31,0.023314513125134884,,0.023719952847111925,,0.014452162222720055,-0.04741943935027504,-0.05569948186528495,-0.05602605863192178,-0.05714285714285705,-0.059701492537313494,-4.708989805375348,-1.272874756651525,-2.310736887268047,-0.7912782956058588,0.04090286385282793,0.21440536013400324,0.012304921968787408,0.006896551724137945,0.02092871157619358,0.13973799126637543,0.09198998748435527,0.12658227848101267,-0.007075471698113289,-0.0018752930145334856,0.0,
2000-08-31,-0.03224006551943792,,-0.0371636844265989,,0.03003865267807848,-0.11042354235423546,-0.1454046639231824,-0.1463077984817115,-0.13636363636363646,-0.13492063492063489,-1.497584541062802,1.7241379310344827,-1.4076923076923076,1.0717703349282295,0.08141138129857106,0.14620689655172403,-0.0005929439667951009,0.006849315068493178,0.0352338244714927,0.12260536398467448,0.07908309455587381,0.1123595505617978,0.06413301662707838,0.01080319398778773,0.0,
2000-11-30,0.056099256909406314,,0.05951953825754619,,0.033076015867910424,-0.09383212243005101,-0.0304975922953451,-0.03071948261924007,-0.04385964912280682,-0.04587155963302758,-0.13307666555071973,-2.1938018332605846,0.9024488157366519,0.20400307929176287,0.09064039408866997,-0.05502680231922108,-0.10323346188074756,-0.10204081632653061,0.037747524752475226,-0.08703071672354956,-0.10408921933085491,0.101010101010101,-0.0200892857142857,-0.07527881040892193,0.0,
2001-02-28,0.0546001115292154,,0.05600420098988268,,0.02490789268849558,0.12555441828727387,-0.1589403973509934,-0.1601334445371143,-0.14678899082568808,-0.14423076923076927,0.4888974705541611,-0.9184643510054844,0.1387423507069001,0.828005115089514,0.1519209309740157,-0.11912479740680704,-0.12074098577571957,-0.12121212121212122,0.0292188431723317,-0.15140186915887843,-0.04623592175459401,0.10550458715596323,-0.02733485193621865,-0.06180904522613073,-0.14285714285714302,
2001-05-31,0.10505291081700174,,0.10925162543627676,,0.013568933218571111,-0.048347984237647745,-0.08464566929133854,-0.08540218470705063,-0.08602150537634412,-0.07865168539325851,3.556218389313967,-0.695067264573991,2.7634577967200964,0.8950682056663168,0.2499308054248548,-0.2146142725719543,-0.1301730624529721,-0.14655172413793094,0.017381228273464444,-0.23788546255506604,-0.13238036047234303,0.09543568464730279,-0.08196721311475419,-0.07284413497589715,0.0,
2001-08-31,0.016890472293875414,,0.01766164881159371,,-0.0014985763524651974,-0.11641981207198604,-0.24193548387096775,-0.24429967426710097,-0.24705882352941178,-0.24390243902439024,-0.9577605100617653,-4.647058823529411,-1.041704620990177,-1.5407899593946106,-0.10813404192500742,-0.01857429718875503,-0.1414359861591694,-0.1717171717171717,0.019931662870159572,-0.034682080924855474,0.09383954154727792,0.08712121212121215,-0.010204081632652962,-0.09069901790872326,-0.16666666666666663,
2001-11-30,-0.045778616083609114,,-0.04915879808889789,,0.036370003501926096,-0.1847512617159337,0.23404255319148937,0.24281609195402298,0.234375,0.25806451612903225,-14.63679245283019,-4.403225806451613,9.01357733175915,-1.8293515358361776,0.10055449805511874,-0.1718670076726343,-0.10680100755667499,-0.10975609756097571,0.032384142936906724,-0.18862275449101795,-0.056319580877537634,0.0,0.08762886597938135,-0.03430749682337997,0.0,
2002-02-28,0.01869555848396698,,0.01915299883960575,,0.00849584861942465,0.23900066327658642,-0.025287356321839094,-0.01965317919075149,-0.012658227848101222,-0.02564102564102566,-1.3577111231901962,0.5936018957345972,-1.4399575546778283,-1.4613168724279835,-0.042149195367724435,0.09409100267654935,-0.06542583192329399,-0.06849315068493156,0.027041644131963194,0.05904059040590415,0.1859819569743233,0.08013937282229966,0.007109004739336511,-0.0019736842105262387,-0.20000000000000007,
2002-05-31,0.1266609851296956,,0.1314664191231607,,0.018380241240666173,-0.05335474660956463,-0.06014150943396224,-0.06014150943396224,-0.06410256410256421,-0.052631578947368474,0.6478795413731178,-0.787360594795539,0.19951762025994912,1.9107939339875113,-0.12808635917566247,-0.03537824614226581,-0.05853952926976458,-0.07352941176470584,0.02211690363349139,-0.059233449477351874,0.0064365125804564105,0.0741935483870968,-0.09647058823529431,0.007251153592616966,0.0,
2002-08-31,-0.06707057285837048,,-0.07001246601883415,,0.006580184245158938,-0.06352497643732324,-0.23337515683814303,-0.23337515683814303,-0.21917808219178092,-0.23611111111111105,-2.846005532735351,5.758741258741258,-2.6013181411974977,-2.763101440392277,0.25900414190527643,-0.20035115099492773,-0.04679487179487185,-0.031746031746031744,0.016486347243688915,-0.21851851851851867,-0.17267441860465116,0.06906906906906896,0.078125,0.0013089005235602524,0.0,
2002-11-30,0.02462788231560542,,0.024745839355937882,,0.021899514381770624,-0.08051529790660228,0.19803600654664488,0.19803600654664488,0.19298245614035103,0.19999999999999996,-1.3590663457608647,0.08173823072943609,-1.7844436693407744,-0.7832435251173301,0.04459145360271766,-0.0766040497682362,-0.059852051109616666,-0.06557377049180335,0.01824632539280291,-0.09004739336492884,-0.05340829234012645,0.06460674157303381,-0.0024154589371979673,-0.045098039215686225,0.0,
2003-02-28,0.056538350402927984,,0.057833314289992055,,0.02650217043637193,0.2727670753064799,0.23633879781420775,0.23633879781420775,0.23529411764705865,0.2424242424242422,1.008852915138485,-1.6317551410808226,0.30369052912405503,-0.9222133119486768,0.0033205531973161673,0.05706737120211347,0.0007153075822603494,-0.01754385964912286,0.028372324539571947,0.03645833333333326,0.10393466963622844,0.06068601583113442,-0.026634382566586012,0.00889801505817922,0.0,
2003-05-31,0.049058337325449175,,0.05080162615858219,,0.007389272201201891,-0.07843137254901966,-0.338121546961326,-0.338121546961326,-0.33333333333333326,-0.3292682926829268,-1.759380508687988,0.5495836487509462,-2.0477489768076396,-13.896907216494846,-0.04268313487324715,0.01674581354661342,-0.07934238741958544,-0.07142857142857151,0.007260406582768608,-0.01005025125628145,-0.005379959650302579,0.057213930348258835,-0.03980099502487555,-0.06716417910447758,0.0,
2003-08-31,-0.010647814463238703,,-0.01298183429330968,,0.04754540232424542,0.0378872713699141,1.1185308848080133,1.1185308848080133,1.1071428571428568,1.0909090909090904,-0.8547504559774498,-1.1367855398143625,-0.6576822916666667,2.026378896882494,-0.13493477795994013,0.13593903638151428,0.2003105590062111,0.1923076923076923,0.05189812590100917,0.12690355329949243,0.21095334685598388,0.054117647058823604,0.05699481865284972,0.1963636363636363,0.0,
2003-11-30,0.03825314484906106,,0.037798626385958656,,0.04893069557514651,-0.030570041359467726,-0.20094562647754133,-0.20094562647754133,-0.2033898305084746,-0.19130434782608685,1.5256849315068495,3.7321428571428568,-1.4412324077596044,-2.4315900686740624,0.22330257086354655,0.14499026184808472,0.04592496765847365,0.048387096774193505,0.047053449063499286,0.09009009009009006,-0.07091010608598547,0.05133928571428559,0.009803921568627416,0.04072948328267456,0.0,
2004-02-29,0.08966679550065271,,0.09145362437194615,,0.04813608396670288,0.2062697087738823,0.2090729783037475,0.2090729783037475,0.21276595744680837,0.19354838709677424,-5.2207909604519775,-3.4211320754716983,7.334913793103448,-0.2863468634686347,0.1302707800080829,0.10149310149310153,0.0445269016697587,0.04615384615384621,0.03446771378708546,0.04958677685950419,0.015024038461538547,0.05307855626326963,-0.036407766990291246,0.051985981308411366,0.0,
2004-05-31,0.11052400829352504,,0.11360357875447424,,0.03598833640270094,0.05351376287867149,-0.002446982055464897,-0.002446982055464897,-0.00877192982456143,-0.009009009009009028,0.3267655405043637,-1.6119077306733167,0.3059419765216942,-1.3852119958634954,-0.044398092967818825,-0.030199039121482474,0.1024274718768503,0.08823529411764719,0.0366933783213832,-0.06299212598425208,-0.10538780343398468,0.05040322580645151,-0.06801007556675043,0.08106607440310931,0.0,
2004-08-31,0.021291266221705074,,0.02151462137312654,,0.015480334790015648,-0.17311341410013137,-0.31561733442354867,-0.31561733442354867,-0.3097345132743362,-0.3090909090909092,-1.2663034705407588,0.19918492103922558,-0.606858591058488,-10.512080536912752,0.4419395073277206,-0.10403397027600858,-0.12298603651987117,-0.14864864864864868,0.019121236777868367,-0.134453781512605,-0.2190602250165452,0.04798464491362764,-0.005405405405405572,-0.09501797637390863,0.0,
2004-11-30,0.04077269060565092,,0.04123531764335375,,0.02866520787746163,0.0010591350397175514,0.4336917562724014,0.4336917562724014,0.41025641025641035,0.4342105263157896,0.871798757387483,-0.1559048428207307,-3.3969580983078163,-1.9477174910040218,-0.2904655839802781,0.0,0.01102265768524191,-0.015873015873015928,0.035528942115768514,-0.01941747572815533,0.09999999999999987,0.04578754578754585,-0.010869565217391242,0.03121452894438148,-0.25,
2005-02-28,0.03456236055764039,,0.0354802704482311,,0.010246046940367348,0.23099982366425675,0.16833333333333322,0.16833333333333322,0.19090909090909092,0.1834862385321101,-1.0390220207253886,-1.5530951182687467,-1.0268941463209649,-1.0935824895771293,0.038310322757611814,0.10090837282780418,0.01635372501514243,-0.01612903225806439,0.002698535080956077,0.06435643564356441,0.05778120184899849,0.04728546409807355,-0.02472527472527486,0.019262520638414937,0.0,
2005-05-31,0.020569426958028547,,0.021540231222090922,,-0.005790489559571843,-0.10499928377023349,-0.33808844507845937,-0.33808844507845937,-0.3282442748091603,-0.33333333333333337,9.975103734439834,-2.08189262966333,-4.9109375,-8.145584725536992,-0.26364917224374784,-0.0308520179372197,-0.07449344457687734,-0.08196721311475419,0.0026912725874661536,-0.03255813953488362,-0.07210487982520031,0.04515050167224066,-0.025352112676056304,-0.0399568034557235,0.0,
2005-08-31,0.02281635400037385,,0.02376575347838572,,-0.003671020120014079,0.1477272727272727,-0.8448275862068966,-0.8448275862068966,-0.8409090909090908,-0.8488372093023255,1.8765595463137998,0.44911690496215306,-8.804634438673592,-1.2889111556446227,0.10344415211671842,-0.04478993151952626,-0.1641983258209916,-0.1964285714285715,0.004217791411043059,-0.04807692307692313,0.012558869701726927,0.043199999999999905,-0.026011560693641522,-0.20753655793025882,0.0,
2005-11-30,0.0730029341132159,,0.0743680213553477,,0.03386948203783735,0.011853298005856994,16.118055555555557,16.118055555555557,16.07142857142857,16.538461538461537,-0.3189853453374515,0.3395240858966919,-0.26265676990017917,-0.33217726396917147,0.0626061197211083,0.05212168184460375,0.33204930662557786,0.3111111111111111,0.057655593738067834,0.045454545454545414,0.24883720930232545,0.04141104294478537,-0.035608308605341255,0.26756564939673533,0.0,
2006-02-28,0.06798935586512522,,0.06918919043275307,,0.032245905009937736,0.1904630650496142,-0.3667342799188641,-0.3667342799188641,-0.35983263598326365,-0.35526315789473684,0.9741387629064941,-1.6720103986135182,0.03457372951957782,-3.3110213502596655,-0.13615965186645818,0.08692449355432785,0.017929438982070556,-0.016949152542372947,0.015162454873646203,0.02898550724637694,-0.19677219118559897,0.03976435935198808,-0.03384615384615397,-0.026315789473684292,0.0,
2006-05-31,0.07026791008458622,,0.0702514282025628,,0.07077648308601403,0.050474646909006715,0.25368353619474693,0.25368353619474693,0.261437908496732,0.26530612244897966,0.0334832339427118,-0.5157962604771116,-0.34398067373506913,1.6506866416978778,-0.41780471486481163,0.04693324296848522,0.1625000000000001,0.13793103448275867,0.07005689900426737,0.032863849765258246,0.007727975270479082,0.03824362606232312,0.0,0.09603220241518118,0.0,
2006-08-31,0.0017808407242929647,,-8.84610590397017e-05,,0.05943264610137966,-0.09411505400044085,-0.05416453755748596,-0.05416453755748596,-0.051813471502590636,-0.05913978494623662,-0.8650617225559287,-3.9201065246338214,-0.09993862520458263,-1.3535229841748304,0.2537010748326911,0.0035604466742191754,0.22873900293255134,0.21212121212121215,0.03821867730142903,-0.06363636363636371,-0.17177914110429437,0.03683492496589347,0.022292993630573132,0.23819517313746075,0.0,
2006-11-30,0.08919768445443155,,0.09106363727757105,,0.03488235982675869,0.056204379562043716,0.13614262560777957,0.13614262560777957,0.14754098360655732,0.13714285714285723,4.730459165790396,0.11901504787961703,1.3710648937379246,-0.4511057820410338,0.11107516445594734,0.17126269956458628,-0.0835322195704058,-0.10000000000000009,0.028489116517285584,0.12621359223300965,-0.08611111111111125,0.03552631578947385,-0.04672897196261672,-0.08516949152542364,0.0,
2007-02-28,0.05480415296547969,,0.05420347357043931,,0.07323832145684883,0.28921907394609536,0.27056585829767,0.2624821683309557,0.2523809523809524,0.2613065326633164,0.8450669765734908,-0.793398533007335,0.27987346019268555,-2.9271844660194173,-0.19266233135979816,0.08563954288861342,0.08984375,0.09722222222222232,0.08839091192032367,0.056034482758620774,0.12968591691995957,0.03430749682338008,0.019607843137254832,0.06762389995368223,0.0,
2007-05-31,0.01517011389429146,,0.014312472522237885,,0.041023344048058075,0.047708389171803756,-0.033682634730538896,-0.03389830508474578,-0.02281368821292773,-0.02390438247011939,-1.5058843030001658,15.098619329388558,-0.6984495543404988,-4.816120906801007,0.9106756431834575,0.00025364616360179504,0.024691358024691246,0.025316455696202445,0.04346582785244513,-0.07755102040816342,-0.1273542600896861,0.033169533169533194,0.025641025641025772,-0.00043383947939268364,0.3333333333333335,
2007-08-31,-0.012385072246254736,,-0.00913499735454748,,-0.10784338538634808,-0.3213950712032063,-0.4024012393493416,-0.4050682261208577,-0.4085603112840467,-0.41224489795918373,-0.20294888597640892,-0.7911051212938005,-1.702434177844014,-0.683036303630363,0.1510727993456238,-0.07544059845315076,-0.04236300038865126,-0.061728395061728336,-0.11811455193203624,-0.11504424778761058,-0.13874614594039048,1.7265160523186682,-0.10000000000000009,-0.02907986111111105,-0.25,
2007-11-30,-0.11789582754986583,,-0.11804786756194774,,-0.11293617021276592,0.0,-3.3253402462734933,-3.3623853211009176,-3.3684210526315788,-3.5,-2.590972621886048,-0.37595307917888565,-2.6663719943422914,-3.2886297376093294,-0.3003717065704603,-0.1947339550191992,-0.6347402597402598,-0.631578947368421,-0.15133623368551896,-0.08999999999999997,-0.1646778042959428,0.011774967291757532,0.003472222222222099,0.0,0.0,
2008-02-29,0.043511199922709576,,0.042869820734809716,,0.06431289775816307,0.04574013571249047,-1.4322742474916388,-1.4255201109570041,-1.4166666666666665,-1.4027777777777777,-0.013435998139631034,-0.5216165413533835,0.5514058355437665,-0.5784349408553231,-0.18099070239862491,-0.18119891008174394,-0.33444444444444443,-0.3571428571428572,0.06444525814719881,-0.03296703296703296,1.4528571428571433,0.01163793103448274,0.02076124567474058,0.0,0.0,
2008-05-31,-0.0546963230225429,,-0.05756437118954327,,0.03644831730769238,-0.21773612112472962,-0.33849129593810445,-0.3402868318122555,-0.3533333333333334,-0.3448275862068966,-1.4412026609397097,-3.0589390962671907,-1.4498016687183695,-1.6080293546298294,0.1343668018125448,-0.11231281198003329,-0.7595993322203674,-0.7222222222222222,0.035775713794289565,-0.1647727272727273,0.42865463016889915,0.011504047720494182,0.09830508474576272,0.0,0.0,
2008-08-31,-0.04249787631833113,,-0.0452447240239382,,0.036877047516887584,0.23640552995391695,0.38888888888888884,0.3972332015810276,0.4020618556701032,0.3894736842105264,0.890062922949068,-0.5543893129770993,1.4506613957731487,-1.0283990060347887,-0.003363888655285474,-0.1075445173383317,-0.24305555555555558,-0.19999999999999996,0.0840252407837927,-0.1360544217687074,5.470036689767632,0.011373209772535864,0.08333333333333326,0.0,0.0,
2008-11-30,-0.33278306831152027,,-0.3611215609296813,,0.4212498252481476,-0.7691638712883588,-2.610526315789474,-2.6775106082036775,-2.727941176470588,-2.7803030303030303,3.2817211055276383,-1.5931477516059958,-0.35035364189105345,-687.9,2.3184541388912328,-0.32764505119453935,3.422018348623853,3.5,-0.09681372549019607,-0.3858267716535433,0.3447167790309369,0.011245314452311472,0.37037037037037024,-0.7130084935181047,0.0,
2009-03-31,-0.049769888830197395,,-0.051259825553759075,,-0.04542503590328739,0.6372443487621098,-0.9228758169934641,-0.7563237774030354,-0.7574468085106383,-0.7574468085106383,-1.4770923494461967,3.0974729241877252,-1.3999617992550855,-1.5482784975979036,-0.38285401886744475,-0.21202655212807497,-1.3360995850622406,-1.0,-0.08073270013568512,-0.1282051282051282,-0.9309811639021648,0.0,-0.027027027027026973,0.0,-0.33333333333333326,
2009-06-30,0.08136122794210432,,0.08439086294416254,,-0.03989942706401217,0.7787639710716634,-1.84180790960452,1.1730103806228374,0.929824561403509,0.929824561403509,-0.7248547092647828,0.7964757709251102,-1.8142311365807067,-0.550765043645657,-0.2788364475391937,0.3052527254707631,4.197530864197531,inf,0.00405904059040596,0.42647058823529393,0.0,0.002883031301482708,0.16666666666666674,0.0,0.0,
2009-09-30,0.1367088308415454,,0.1467400166908075,,-0.005087365302880675,0.6032156717797079,4.080536912751678,-1.3964968152866242,-1.3545454545454545,-1.3454545454545455,-0.02559231113097904,-0.6429622363903875,-1.6988269794721407,-0.5274473586996675,-0.18271153516540017,0.10440394836750189,0.30760095011876487,0.9166666666666667,-0.006615214994487362,0.10309278350515472,0.0,0.002053388090349051,-0.12454212454212454,0.0,0.5,
2009-12-31,0.0025457990417190324,,0.0019560031731027383,,0.007314073658547082,-0.28184438040345816,-0.1849405548216645,-0.13855421686746983,-0.17948717948717952,-0.13157894736842102,-1.485950223649501,-0.21703296703296704,-1.0574905581200167,-1.5286116322701688,0.11817546312478155,0.1093159161223789,-0.7647593097184378,-1.8260869565217392,-0.018497965223825408,0.11214953271028016,0.0,0.002049180327868827,0.006276150627614996,0.0,0.0,
2010-03-31,0.06255265975511426,,0.06380847161888004,,0.033755997258396064,0.4571428571428571,1.8784440842787684,2.289044289044289,2.34375,2.0,3.9785225395326886,32.00350877192982,-12.569343065693431,0.03135167110322379,0.10899940608296088,-0.07933064766036568,-2.1196911196911197,1.263157894736842,0.04259329061439865,-0.05882352941176461,0.0,0.002044989775051187,-0.018711018711018657,-0.4267912772585669,0.3333333333333335,
2010-06-30,-0.01252014409816049,,-0.018629502707510404,,0.05695756671639307,-0.12425644415069403,0.10360360360360366,0.11835577604535796,0.12149532710280364,0.101010101010101,-0.6072342846307006,-0.9573676376780779,-4.830283911671924,-0.750788643533123,0.02449405265234783,-0.06731740154830024,2.5103448275862066,0.4883720930232558,0.07194504699927684,-0.1071428571428572,2.1350984385607603,0.0020408163265306367,0.0847457627118644,2.331521739130435,0.0,
2010-09-30,0.03942894981320788,,0.033977211690837006,,0.1149314880520651,-0.14729559748427667,-0.9331632653061225,-1.0576679340937896,-1.0583333333333333,-1.0642201834862386,-2.2271575135787565,4.623441396508728,-2.664635150716521,-5.001150747986191,-0.0889206812116543,-0.08949837603753164,-0.2053045186640472,-0.1406250000000001,0.053962900505902134,-0.15000000000000002,-0.8042442615851018,0.0020366598778003286,0.09765625,-0.09624796084828713,0.0,
2010-12-31,-0.04002272478760882,,-0.04318049987754413,,0.00589000632955905,0.15164478536657322,5.3816793893129775,-8.64835164835165,-7.999999999999999,-6.142857142857142,-3.0748500049178715,0.11596452328159645,-1.1441717791411044,-5.170261719873454,0.4378680356333988,0.024970273483947647,0.01606922126081578,0.036363636363636376,-0.014080000000000092,-0.02352941176470591,0.22234513274336298,0.00203252032520318,0.04982206405693956,0.026173285198555885,0.0,
2011-03-31,0.03526937048253176,,0.03689388662936777,,0.017042177203684616,-0.022031510183168956,0.1578947368421053,0.05747126436781613,0.04081632653061229,0.38888888888888884,-1.0626688788812515,-1.5056626266640176,-2.93273850377488,-0.6556551724137931,0.1048619132626274,0.11639597834493443,-0.23236009732360086,-0.17543859649122806,0.021097046413502074,0.1325301204819278,0.10226244343891389,0.0020283975659229903,-0.015254237288135686,-0.14951627088830255,0.0,
2011-06-30,-0.006503345551522655,,-0.00918956913094715,,0.026140308665314693,0.21571709233791747,0.2324380165289257,-1.7581521739130435,-1.7450980392156863,-1.76,1.913767019667171,-0.07937131630648331,-1.0241477272727273,-1.3727218105347485,-0.03537484793187351,-0.13404918600623483,-0.7543581616481775,-0.19148936170212771,-0.040368722186904016,-0.15957446808510634,0.09195402298850586,0.002024291497975783,0.2065404475043029,-0.7425025853154085,0.0,
2011-09-30,-0.04310337563662581,,-0.049513246717824755,,0.03552347295961944,0.06571859513035982,0.8432523051131602,-4.858422939068101,-4.052631578947368,-4.026315789473684,-3.2876427829698858,-2.3380281690140845,33.544117647058826,-2.6980118216012894,0.06226969081916178,-0.26080000000000003,2.638709677419355,0.6842105263157896,0.0367671414375621,-0.2278481012658229,2.388721804511278,0.002020202020202033,0.08273894436519269,2.510040160642571,0.0,
2011-12-31,-0.05665969338527865,,-0.06211672840400362,,0.0035744322960471475,-0.43449251920744036,-1.11368804001819,-1.1226196005573619,-1.1206896551724137,-1.1217391304347826,-0.6543349977303676,0.20861244019138758,1.3614303959131546,-3.087025316455696,-0.12234032685922047,-0.15422077922077915,-0.3563829787234043,-0.203125,-0.022364217252396124,-0.180327868852459,-0.7872198801863768,0.002016129032258007,0.06324110671936767,-0.27002288329519464,0.0,
2012-03-31,0.041514979370527616,,0.04503839251566588,,0.004431981176167277,0.2397211297819093,-0.624,-0.5492424242424243,-0.5714285714285715,-0.5714285714285715,1.4395929087327644,-0.2884666138822909,1.322156120425455,0.30204700530705075,-0.1814972945552925,0.10940499040307095,-0.4435261707988981,-0.23529411764705888,0.004901960784313708,0.1399999999999999,0.6006256517205422,0.002012072434607548,-0.034696406443618266,-0.4012539184952978,0.0,
2012-06-30,-0.04162836254689317,,-0.0472356489940009,,0.008295359733008212,0.002595529920692119,-7.287234042553192,-5.739495798319328,-6.0,-5.833333333333333,0.13510967568294974,-2.044881305637982,-0.40548094092073594,-1.3820892046116222,0.08472562943834738,-0.06805074971164937,0.9009900990099009,-0.1794871794871794,0.009756097560975618,-0.07017543859649111,0.8469055374592835,0.002008032128514081,0.051347881899871606,1.081151832460733,0.0,
2012-09-30,0.02200083632035077,,0.027527774494740642,,-0.016581531165958507,-0.23932115633539475,-2.730964467005076,-2.8563829787234045,-2.8333333333333335,-2.8965517241379315,-0.18126852400711324,-4.720624778132765,-0.7296944371898668,-2.651935385553185,-0.1290291863067181,-0.047648514851485135,-1.3723958333333335,-1.3125,-0.01642512077294689,-0.05660377358490576,-0.5622574955908289,0.002004008016032177,-0.03785103785103794,0.0,-0.25,
2012-12-31,0.02088276240710596,,0.022587643940515933,,0.005016262399067939,0.3112119493287957,-1.5806451612903225,-1.5463228271251195,-1.5272727272727273,-1.5090909090909093,-0.7428323197219808,-0.804026333365137,-6.1748792270531405,-2.903690036900369,0.2820204449789536,0.07017543859649122,-0.965034965034965,-1.1,0.011787819253438192,0.08000000000000007,0.0,0.0020000000000000018,-0.015228426395939021,0.0,0.0,
2013-03-31,0.026151147305879974,,0.02764674370766973,,0.00957993205493568,0.1763518385003604,0.6195286195286196,0.6363636363636365,0.6896551724137931,0.714285714285714,1.59009009009009,0.5793573515092503,-1.3885362210604928,-1.3878658654778058,-0.08532321337199389,0.32908318154219796,-34.599999999999994,14.0,0.01035598705501628,0.31481481481481466,0.0,0.001996007984031989,-0.015463917525773252,-0.5283018867924529,0.3333333333333335,
2013-06-30,0.0016321783716399807,,0.007786440019373675,,0.007607170196478608,0.04228977690610436,0.018711018711018657,-0.14209401709401714,-0.1428571428571429,-0.14583333333333337,2.0004347826086954,0.03545006165228104,0.496155694377703,-2.073713143428286,0.10015850076919497,0.08085883965280938,0.2321428571428572,0.2666666666666666,0.008648302370275474,0.07042253521126773,2.8130539887187753,0.0019920318725097363,0.005235602094240788,0.16799999999999993,0.0,
2013-09-30,0.03679124345482876,,0.0372058861463227,,0.030816226397176294,-0.06715276961072558,-0.07551020408163267,0.09589041095890405,0.09523809523809534,0.09756097560975618,-1.1146210694102303,1.1988687109258707,-4.083025533964991,1.4626483593204562,0.22419966524714496,0.12679628064243453,1.502415458937198,1.263157894736842,0.02127659574468077,0.11842105263157898,-0.0912933220625528,0.001988071570576677,-0.01822916666666663,1.310502283105023,0.0,
2013-12-31,0.0005755668853180129,,-0.0004057687222996931,,0.012176022601646075,-0.013615733736762503,-0.9072847682119205,-0.9590909090909091,-0.9565217391304348,-0.9555555555555556,-12.841340075853351,0.41781749255347966,-1.3217001771017816,-0.8013608013608013,0.03637874041639977,0.09264816204051018,-0.17374517374517373,-0.16279069767441867,-0.013059701492537212,0.07058823529411762,-0.5818604651162791,0.001984126984126977,-0.0013262599469494596,-0.1907114624505929,0.0,
2014-03-31,-0.0015864018580477035,,-0.003350915052535597,,0.017445123708681676,0.14123210633946837,16.916666666666668,39.25,36.5,36.0,-0.7156355095286393,-0.0624522536287242,-1.0840349740932642,-3.121313035204567,-0.07446186730791715,0.06934431857191892,0.17990654205607481,0.16666666666666652,0.020478890989288123,0.07692307692307687,0.2736373748609564,0.001980198019801982,0.019920318725099362,0.16605616605616613,0.0,
2014-06-30,-0.005789162850726726,,-0.008863335667634087,,0.05492686854229101,-0.035950274386829406,0.2617940199335549,0.2560386473429952,0.2533333333333332,0.2432432432432432,-0.8971278393091796,0.45559177021796704,-3.6242774566473988,2.260596546310832,-0.26232318129330257,-0.018940609951845877,0.29900990099009905,0.2619047619047621,0.03365236184007392,-0.04081632653061229,-0.17641921397379912,0.0039525691699604515,0.03515625,0.31623036649214664,0.0,
2014-09-30,-0.014586821652906923,,-0.018382299331757612,,0.030570277718889205,0.03473513011152418,-0.10847814639283837,-0.1049450549450549,-0.0957446808510638,-0.09782608695652184,2.403284671532847,-1.0242110419144916,-11.129955947136564,-2.0276497695852536,0.365439647792589,0.10536649214659688,0.16006097560975596,0.18867924528301883,0.0209080047789727,0.07446808510638303,-0.159066808059385,0.003937007874015741,0.03270440251572326,0.14558472553699264,0.0,
2014-12-31,-0.015961724273828137,,-0.014981769074949414,,-0.027674922515702582,-0.12080386213090832,-1.9627879503839338,-2.071823204419889,-2.0588235294117645,-2.0843373493975905,-4.5436997319034855,-34.41329479768786,-0.26150612451982314,-1.5917943912723378,-0.1583849819080715,0.04410894020130263,-0.36662286465177396,-0.33333333333333337,-0.03978935049736687,0.01980198019801982,-0.11412358133669598,0.0039215686274509665,-0.01461632155907433,-0.36111111111111105,0.0,
2015-03-31,0.034421279834312646,,0.03321469798712928,,0.04600846262341318,0.26510024262546295,-2.4687116564417177,-2.3253150057273766,-2.333333333333333,-2.311111111111111,0.975336662127402,-0.7487241588097915,-0.023358523898321715,-0.24327075322325264,-0.1424101821896816,0.03317266798979279,0.2614107883817427,0.2619047619047621,0.030773918342474005,0.07766990291262132,0.6313167259786476,0.00390625,-0.006180469715698411,0.23804347826086958,0.0,
2015-06-30,-0.004033293973337293,,-0.0052346433874312925,,0.011811979180712529,-0.016553951751286933,-0.24519632414369252,-0.28046672428694897,-0.275,-0.2796610169491526,-1.352508617387974,0.5246127366609294,-0.42186714903024825,-1.906590943057839,0.15054724145633247,0.037596048298573104,-0.044407894736842146,-0.018867924528301883,0.021578480638486663,0.009009009009008917,-0.1871727748691101,0.005836575875486361,0.017412935323383172,-0.06848112379280069,0.0,
2015-09-30,0.010121646251006755,,0.010677775287853075,,0.0033183187185159557,-0.20281227547983172,-0.4366353071389043,-0.436036036036036,-0.4367816091954023,-0.43529411764705883,-0.8935245545415037,-0.9855497855046286,0.20945593603337387,0.18018463567425003,0.15442524644621325,-0.05527638190954787,-0.18072289156626498,-0.15384615384615374,0.0127314814814814,-0.0803571428571429,-0.022007514761137936,0.005802707930367523,-0.007334963325183463,-0.15174363807728564,0.0,
2015-12-31,-0.05592527631148303,,-0.06125436027520381,,-0.001394663089245185,-0.003733745332818339,-0.10805500982318272,-0.19808306709265178,-0.18367346938775508,-0.20833333333333326,22.748979591836736,195.828125,-0.7552457602759414,-0.9210783628998463,0.010557195709854694,-0.07754759238521824,0.7668067226890753,0.7045454545454544,-0.0128571428571429,-0.0873786407766991,0.12349066959385291,0.005769230769230749,0.0578817733990149,0.7922222222222224,0.0,
2016-03-31,0.02543859092150136,,0.026770010727124705,,0.011013274453991695,0.006978547428275972,0.24889867841409696,0.40106241699867207,0.40000000000000013,0.44736842105263164,-0.6444100713242245,-0.2763356354687624,1.2830299471520847,-1.7876106194690267,-0.008228093855740304,-0.19787556904400616,-0.24494649227110576,-0.19999999999999996,0.12214182344428393,-0.1914893617021276,-0.5530043966780654,0.005736137667304186,0.08265424912689179,-0.17234965902045873,0.0,
2016-06-30,0.026471924973095806,,0.027626170374163816,,0.01455071701091959,0.14335215605749485,0.3950617283950617,0.3507109004739337,0.357142857142857,0.36363636363636354,1.930884485258579,-0.6382185168933743,-2.647119341563786,-6.606741573033708,0.0465155300346769,-0.027620128641695052,-0.08346456692913384,-0.04999999999999993,0.028114521537270898,-0.13157894736842102,0.242622950819672,0.005703422053231932,-0.011827956989247546,-0.029962546816479474,0.0,
2016-09-30,-0.018075145408283255,,-0.02007866776460432,,0.00042792675968672533,0.0,0.009481668773704266,0.06526315789473691,0.09210526315789469,0.08000000000000007,-1.6968997361477571,-0.21952698605215282,-0.5479387882573392,-6.443286573146293,-0.2419432419432419,0.10894941634241251,0.10652920962199297,0.14035087719298245,0.021324636226793814,0.09090909090909083,0.16007036059806512,0.007561436672967936,0.019586507072905546,0.10038610038610019,0.0,
2016-12-31,0.0012999283687864516,,0.0031858955793149235,,-0.014245161959325459,0.012571556852621013,0.04320601127113344,-0.005270092226614009,0.012048192771084265,0.0,-0.3650023663038334,0.7560217560217559,-5.433506044905009,-1.061041160444739,0.019482045497273948,0.3157894736842106,0.1304347826086958,0.12307692307692308,-0.011053795136330202,0.2777777777777779,0.14177407126611086,0.0075046904315199114,-0.016008537886873064,0.11578947368421066,0.0,
2017-03-31,0.0214025662955597,,0.021056640805018345,,0.024641683103221457,0.08025717769648599,0.15846338535414173,0.2185430463576159,0.2142857142857144,0.23456790123456783,-0.6998323085522639,-0.5203539823008849,-0.7879236462797039,-1.6357056694813028,-0.012148175468523092,0.16533333333333333,0.13461538461538458,0.12328767123287676,0.034028812717337376,0.1847826086956521,-0.005976095617529875,0.007448789571694592,0.0032537960954446277,0.08176100628930816,0.0,
2017-06-30,0.010361717029617079,,0.01027735040295652,,0.011575381140598529,-0.024833247819394555,-0.08963730569948192,-0.13749999999999996,-0.12745098039215685,-0.13,3.878336436995655,-3.2430811808118083,0.7057310800881704,-4.425047438330171,0.04211975544873292,-0.011441647597253968,0.020581113801452666,0.024390243902438824,0.018976699495556026,-0.04587155963302758,-0.14362057448229792,0.007393715341959206,0.00108108108108107,0.009302325581395543,0.25,
2017-09-30,0.015073434988157164,,0.0164641172907396,,0.0019282977697714365,-0.03220035778175312,0.013659647125782604,0.06364209199747961,0.0674157303370786,0.06896551724137945,-1.4271535818806464,-3.3695249845774216,1.1899633857419771,0.956786703601108,0.07908820170626307,0.0733796296296294,0.02016607354685629,0.011904761904762085,0.017916077322017943,0.04807692307692313,0.0366614664586582,0.00917431192660545,-0.012958963282937441,0.018433179723502446,-0.20000000000000007,
2017-12-31,-0.0022959073109419803,,-0.0004033201521758123,,-0.020094203449061765,0.03294552571490694,-0.6389668725435149,-0.7197867298578199,-0.7157894736842105,-0.7204301075268817,-0.5210008936550492,-0.6907923283867048,-1.125098347757671,-1.5025481313703284,0.6682575584652737,0.09639853353461314,-0.16046511627906968,-0.15294117647058836,-0.011579434923575715,0.08256880733944949,0.05944319036869827,0.009090909090909038,-0.017505470459518446,-0.1668552036199097,0.0,
2018-03-31,0.007939107678110346,,0.007421757297285447,,0.008308459640009813,0.16599999999999993,3.1493001555209954,4.443974630021142,4.481481481481481,4.576923076923077,6.865671641791045,0.9427448779118721,-1.2853773584905661,-4.914929577464789,0.08643572361465268,0.07592446892210858,0.13157894736842102,0.11111111111111116,0.020852858481724468,0.0847457627118644,0.26988636363636354,0.009009009009008917,0.0,0.09300746775288538,0.25,
2018-06-30,0.020244730604138672,,0.021004973004059124,,0.013776046338775494,-0.04215942944840656,-0.08658170914542729,-0.11961165048543687,-0.108108108108108,-0.10344827586206895,-2.006404174573055,-0.6560242704420688,30.578512396694215,-1.8281767160742552,-0.065888899065763,-0.06069469835466179,0.10648714810281512,0.10000000000000009,0.02868946522836824,-0.07812500000000011,-0.18120805369127513,0.008928571428571397,-0.0055679287305122616,0.07701863354037264,0.0,
2018-09-30,-0.01182588839731702,,-0.01247974210712266,,-0.005132159425602634,-0.06955702167766253,-0.13336068937217893,-0.10939567710630793,-0.09848484848484862,-0.10000000000000009,-2.1442375677586614,1.0004199916001681,-0.8660036639623135,-2.8926151172893135,0.13349838826312377,-0.04826780848579226,0.04867256637168138,0.03409090909090917,0.008924587237840287,-0.07627118644067787,-0.15232240437158473,0.010619469026548645,0.006718924972004325,0.029988465974625234,0.0,
2018-12-31,-0.013848370395959875,,-0.016956036275070252,,0.019605351765498158,-0.1341166936790924,-0.275094696969697,-0.3259039128281327,-0.31932773109243695,-0.3162393162393161,-1.4928939237899073,0.8507243334033172,6.059244791666667,-1.4852185089974292,-0.057146873411836,-0.1341513292433537,0.11075949367088622,0.10989010989010972,0.026758071649712445,-0.13761467889908263,-0.18372280419016918,0.01050788091068311,0.033370411568409475,0.1478163493840985,0.0,
2019-03-31,0.026282583760871114,,0.028424154120123113,,0.005956683199162649,0.2033224145999064,0.5865447419986938,0.7163850110213079,0.7407407407407405,0.7374999999999998,-3.3737289316060735,-0.18014747589336355,-2.4630637277506224,0.2325449385052034,-0.07470526170925273,-0.009447331128956238,-0.037986704653371395,-0.02970297029702973,0.021753176825328513,-0.04255319148936165,-0.12240868706811447,0.010398613518197486,-0.019375672766415497,-0.009756097560975507,0.0,
