Quarter end,Assets,Current Assets,Liabilities,Current Liabilities,Shareholders equity,Revenue,Earnings,Earnings available for common stockholders,EPS basic,EPS diluted,Cash from operating activities,Cash from investing activities,Cash from financing activities,Cash change during period,Cash at end of period,Price,ROE,ROA,Book value of equity per share,P/B ratio,P/E ratio,Cumulative dividends per share,Equity to assets ratio,Net margin,Asset turnover,Current ratio
1993-12-31,0.004502092531392776,,0.0047384265722805186,,0.001354983604836546,-0.007508369201339127,0.03811350803532654,0.03811350803532654,0.05039787798408479,0.0439560439560438,-0.7612053319230261,-3.350014544492926,-3.7700224719101123,-2.234324987623074,0.7191620289363907,-0.0007163323782236608,-0.01290719114935479,0.02752293577981657,0.005687203791469031,0.045454545454545414,0.09772296015180282,inf,-0.0042918454935623185,-0.0015136226034307976,0.0,
1994-03-31,0.004502092531392776,,0.0047384265722805186,,0.001354983604836546,-0.007508369201339127,0.03811350803532654,0.03811350803532654,0.05039787798408479,0.0439560439560438,-0.7612053319230261,-3.350014544492926,-3.7700224719101123,-2.234324987623074,0.7191620289363907,-0.0007163323782236608,-0.01290719114935479,0.02752293577981657,0.005687203791469031,0.045454545454545414,0.09772296015180282,inf,-0.0042918454935623185,-0.0015136226034307976,0.0,
1994-06-30,-0.0072979983330166975,,-0.0070930632653383174,,-0.010036208145108416,-0.007508369201339127,0.03811350803532654,0.03811350803532654,0.05039787798408479,0.0439560439560438,-0.7612053319230261,-3.350014544492926,-3.7700224719101123,-2.234324987623074,-0.516344386116464,0.05089605734767022,-0.01290719114935479,0.02752293577981657,0.020735155513666337,0.045454545454545414,0.09772296015180282,1.0,-0.002873563218390718,-0.0015136226034307976,0.0,
1994-09-30,-0.0033942752251965302,,-0.003961347644230173,,0.004205105482939286,-0.005871784458012952,0.014539242006903486,0.014539242006903486,0.03282828282828287,0.03421052631578947,0.7248452207177731,-1.4863828379421555,-0.009102266642869838,-1.4795443431110957,0.5119552473941638,0.06070941336971347,-0.01290719114935479,0.02752293577981657,0.007386888273314796,0.04347826086956519,0.09772296015180282,0.5999999999999999,0.008645533141210526,-0.0015136226034307976,0.0,
1994-12-31,0.02214327071276534,,0.023780044737703898,,0.00038711449847861346,0.07895137725214307,0.09588287854835387,0.09588287854835387,0.1124694376528117,0.10687022900763354,-0.08718173196177137,-0.9269737268293585,4.8581674089599165,-2.2498065543414576,-0.42319045145383305,-0.07524115755627003,-0.01290719114935479,0.02752293577981657,0.0036663611365719273,-0.08333333333333326,0.09772296015180282,0.375,-0.021428571428571463,-0.0015136226034307976,0.0,
1995-03-31,0.07107420480738069,,0.07328168792354695,,0.04104599748126203,-0.07002310358105501,-0.14801806322127442,-0.14801806322127442,-0.15384615384615374,-0.15402298850574703,-0.6987851662404092,-38.719427195539225,-2.761751963552003,-1.1927437479422247,0.14141117100464484,0.15229485396383868,-0.01290719114935479,0.02752293577981657,0.055707762557077656,0.1439393939393938,0.09772296015180282,0.27272727272727293,-0.027737226277372296,-0.0015136226034307976,0.0,
1995-06-30,0.03127270392665249,,0.02938268647051978,,0.05777854754259981,0.055731528062439084,0.15775912838633688,0.15775912838633688,0.17142857142857126,0.17119565217391286,-2.428889832307366,-0.3490730537151765,-0.5426843005416451,-3.3426046269820637,-0.2902288604822886,0.10018105009052514,-0.002490660024906499,0.02752293577981657,0.059688581314878864,0.04635761589403975,0.09772296015180282,0.2142857142857142,0.02552552552552534,0.010611419909045017,-0.16666666666666663,
1995-09-30,0.010683238145356322,,0.010046086708869195,,0.01937885883132351,0.09986599993463408,0.1326699306924397,0.1326699306924397,0.13968957871396892,0.13457076566125292,-2.6134591101537548,-0.9385247065077976,-1.062984176765066,-1.0116352799442014,0.004757722386250496,0.12068019747668668,0.02434456928838946,0.02752293577981657,0.025306122448979673,0.056962025316455556,0.0855661192739845,0.17647058823529416,0.008784773060029227,0.014000000000000012,0.19999999999999996,
1995-12-31,0.017189243841726265,,0.015088010271443686,,0.04560359995255414,0.009164225052447739,0.03255957560277323,0.03255957560277323,0.031128404669260812,0.002044989775051187,0.6842601970352638,6.394231980185551,-9.65144588267695,35.85286103542234,0.17450543353794434,0.11796377875673025,-0.001828153564899404,0.0,0.06130573248407645,0.08982035928143728,0.05573248407643305,0.17499999999999982,0.027576197387518153,0.015779092702169484,-0.16666666666666663,
1996-03-31,0.059809874654375816,,0.06428492925384055,,0.0010611483799762844,-0.02333264627072229,-0.01723434909071142,-0.01723434909071142,-0.01886792452830177,0.012244897959183598,-0.6588402509190799,2.561383687790255,3.227425238910783,0.13968576709796676,0.16933200409756144,0.04859894921190899,0.03724053724053711,0.044642857142857206,-0.07126781695423856,-0.01098901098901095,0.015837104072398356,0.14893617021276606,-0.05508474576271183,0.03495145631067964,0.0,
1996-06-30,-0.010151225047022816,,-0.012051761222588442,,0.016374884760804065,-0.020941492857702748,0.06931651591845767,0.06931651591845767,0.030769230769230882,0.08064516129032273,1.1013499979970356,-1.1220223339895903,-1.2339361043631747,-1.4270561331235707,-0.06184237721243091,0.03757828810020891,0.030606238964096644,0.02564102564102555,0.03473344103392573,0.11666666666666647,-0.031922791388270366,0.12962962962962954,0.025411061285500747,0.03658536585365857,0.0,
1996-09-30,-0.160552996538051,,-0.16040000226001583,,-0.16262864058219118,0.0,-0.07211774748441502,-0.07211774748441502,-0.05783582089552253,-0.05783582089552253,0.0,0.0,0.0,0.0,0.0,0.0,0.02855511136493427,0.033333333333333215,-0.16003122560499616,-0.03482587064676612,-0.05214723926380371,0.11475409836065587,-0.001457725947521693,0.0,0.0,
1996-12-31,0.22940000630660506,,0.2274355686500984,,0.25612208666899683,0.0,0.12681553343926844,0.12681553343926844,-0.04950495049504955,-0.14455445544554446,0.0,0.0,0.0,0.0,0.1265255542064614,0.08571428571428563,0.0061077179344808386,0.0,0.258364312267658,0.29381443298969057,0.07686084142394822,0.2058823529411764,0.021897810218978186,0.0,0.0,
1997-03-31,0.013776125693037988,,0.014270588696568609,,0.007203594288799575,0.12316314590133648,0.020757050964868906,0.020757050964868906,0.2104166666666667,0.34259259259259256,1.9600808296477048,-3.4825721153846154,-0.8869124643503229,0.9869355512513767,-0.11626609775881414,0.14343958487768727,0.014348785871964642,0.024193548387096753,0.01846381093057614,-0.0916334661354582,0.17731029301277235,0.09756097560975618,-0.0071428571428571175,0.0,0.0,
1997-06-30,0.024291827792710885,,0.02292447802625519,,0.04259452324807622,-0.06129364800842252,0.03713129256647041,0.03713129256647041,0.061962134251291046,0.06034482758620707,-0.7261228537939385,0.07280056413332914,-12.901969714220654,-1.9124201995489125,0.1200401340820334,0.04797406807131277,0.0,0.007874015748031482,0.047860768672951526,0.026315789473684292,0.0051052967453733,0.0888888888888888,0.01870503597122286,0.0,0.0,
1997-09-30,0.01741969251532338,,0.016302456741647875,,0.03209233710150072,0.040452129213155,0.07244514033324756,0.07244514033324756,0.072933549432739,0.06829268292682933,1.5444904293843766,0.5989649759638969,-0.2648825752140431,-2.342110775934305,-0.1438405219542751,0.15991339313331276,-0.011425462459194735,0.0,0.02975778546712804,0.11111111111111116,0.11682539682539672,0.08163265306122458,0.01412429378531077,0.0,0.0,
1997-12-31,0.023970662661928044,,0.0219870288709052,,0.04962315013478569,-0.032860792184824406,0.008912422915168472,0.008912422915168472,0.05891238670694854,-0.13698630136986312,-0.5067139833836998,-0.08373598392465453,0.6321645379365091,-1.086721713206487,0.014569828183019773,0.15866666666666673,0.0011007154650524154,0.015625,0.03897849462365599,0.12307692307692308,0.08129619101762353,0.07547169811320731,0.0250696378830082,0.13303167420814477,0.0,
1998-03-31,0.04051686307192037,,0.040760463401941394,,0.03744955186330512,0.23110726683772387,0.05734341252699782,0.05734341252699782,0.04707560627674745,0.23633156966490287,-2.5509863799014556,-0.16560083034787554,1.3316058664774424,44.515478761699065,0.6536294366386486,0.0736478711162254,0.0032985156679494754,0.01538461538461533,-0.14036222509702467,0.03424657534246589,0.013669821240799296,0.07017543859649122,-0.0027173913043476716,0.0011980830670925702,0.0,
1998-06-30,0.3821306919766181,,0.3686714625498122,,0.5521444095470922,0.08589966662422843,-0.08693698294351959,-0.08693698294351959,-0.2438692098092643,-0.2410841654778887,-0.8688079046227064,-1.073415994542755,-0.6572430973138126,-0.1778562502965787,0.32496842644925716,0.10825294748124348,-0.14082191780821918,-0.0984848484848484,0.5635816403310763,0.2880794701986755,0.055497925311203344,0.08196721311475419,0.12261580381471382,-0.06501794974072594,0.0,
1998-09-30,-0.03275615880290261,,-0.03516492769617807,,-0.005925830375742569,-0.007078032046549998,0.26349582764715085,0.26349582764715085,0.27747747747747753,0.2800751879699246,-9.904704907467083,16.18479449059904,-4.572533820184365,-2.467319522671194,-0.35988217293492963,-0.04061895551257255,-0.07334183673469374,-0.03361344537815136,0.020692974013474474,-0.3856041131105399,-0.007862407862407883,0.07575757575757569,0.027912621359223344,-0.006399317406143301,0.0,
1998-12-31,0.056754712912765015,,0.06462996172070978,,-0.028384460855323645,-0.03497332283740051,0.024186837119535287,0.024186837119535287,0.06346967559943595,-0.058737151248164365,-0.6527700229542776,-3.766402788688763,-2.4192431369756475,-1.5908262474349812,0.3321698361827956,-0.05282258064516143,-0.042670337233310485,-0.034782608695652084,-0.02215935879302222,-0.07531380753138084,-0.06191183754333829,0.07042253521126773,-0.08146399055489972,0.0012881064834693312,0.0,
1999-03-31,-0.014528156994224273,,-0.01917264287247733,,0.040490125227320206,0.15118075980114476,0.15668274467091958,0.15668274467091958,0.14721485411140578,0.30109204368174725,4.362188076945983,-1.6081331995083887,-1.6154958620771074,-0.5372806409196575,0.11537674065999126,0.04597701149425304,-0.012221423436376777,0.009009009009008917,0.03809064609450341,0.07239819004524883,0.015311510031678965,0.06578947368421062,0.05655526992287929,0.037735849056603765,0.0,
1999-06-30,0.04538398001069277,,0.04379436897314193,,0.06313465439413268,-0.030178369675186945,-0.027919768032762415,-0.027919768032762415,-0.034682080924855585,-0.04076738609112707,0.21455742948693035,-1.5182134417241704,-1.337261157695861,0.8656610832004412,0.19298761316152757,0.06328856328856336,0.07132459970887917,0.0803571428571428,0.04644681839294007,0.025316455696202445,0.010920436817472678,0.061728395061728225,0.017031630170316392,0.07148760330578496,0.0,
1999-09-30,0.026118236008362272,,0.026202307473211173,,0.025196515443944634,0.0232914023145272,0.03883883268243182,0.03883883268243182,0.026347305389221587,0.03624999999999989,-0.2358384885852891,-1.7204980500457847,-2.3821884567626235,-0.5309387010115811,0.07587926271784684,-0.054928229665071715,0.01970108695652173,0.016528925619834656,0.03462050599201061,-0.09876543209876554,-0.14043209876543206,0.07558139534883734,-0.0011961722488037507,0.02005399151561904,0.0,
1999-12-31,0.029863735052886087,,0.03359399919757822,,-0.011073274457837678,-0.028949403994525835,-0.021401930021905158,-0.021401930021905158,-0.022170361726954413,-0.13751507840772004,-0.7564157028403209,-3.256036861692701,-3.0789880640106433,1.7604028224977735,0.1946847924610713,-0.07047387606318356,0.0033311125916055673,0.008130081300812941,0.0030030030030030463,-0.1004566210045662,-0.11490125673249563,0.06486486486486487,-0.03952095808383249,0.007183364839319584,0.0,
2000-03-31,0.015727484106355938,,0.015390449158694253,,0.01959326583737986,0.09121026809969068,0.032018512356695616,0.032018512356695616,0.05608591885441516,0.20419580419580408,3.1834438712846964,0.31610841285943847,-0.5910831681274059,-1.83467349653543,-0.13601766547225214,-0.11198257080610019,-0.017928286852589737,-0.024193548387096753,0.02010265183917892,-0.11675126903553301,-0.1325219743069641,0.06598984771573613,0.0037406483790525247,-0.008258258258258433,0.0,
2000-06-30,-0.04461268329921586,,-0.04946248077694726,,0.010785064969087266,-0.003702386523163348,0.04840624313035824,0.04840624313035824,0.05423728813559325,0.05342624854819977,-1.0928259388871926,-0.9686169849931787,-2.712985818692222,1.7290437678401522,-0.42963628703833734,0.07286555446516196,0.013522650439486084,0.016528925619834656,0.014255765199161496,0.051724137931034475,0.06313328137178487,0.05714285714285716,0.05838509316770191,0.0049205147615443146,0.0,
2000-09-30,0.012085569366461213,,0.008809755141767628,,0.047273864116798014,0.013662187753629818,0.040230367077637164,0.040230367077637164,-0.8960342979635584,-0.896361631753032,-8.29072047567841,15.885942509373471,-1.3522382647679325,-0.899990412188723,-0.07533394393615589,0.10656300022867615,0.008005336891260928,0.024390243902439046,-0.01033484911120297,0.09289617486338786,0.07111436950146621,0.058558558558558405,0.034037558685446,0.007532956685499137,0.0,
2000-12-31,0.3153514071616619,,0.3079136862712759,,0.3923119002211315,0.3931245644470145,-0.03290958933562671,-0.03290958933562671,-0.19587628865979378,-0.202127659574468,-0.33294580032795706,-2.1440119452167643,-2.525471767481968,-5.448797280808785,0.36245025189140434,0.18929530894812974,-0.09000661813368627,-0.04761904761904756,0.16666666666666652,0.19999999999999996,0.1505817932922655,0.1063829787234043,0.0590238365493756,-0.09271028037383178,0.0,
2001-03-31,0.06822535801709018,,0.0641363808127946,,0.10797060528016256,0.02097247130320956,0.1625606180610557,0.1625606180610557,0.1282051282051282,0.1333333333333333,-0.31991051454138697,-1.9696965434988072,-1.9734494272718508,-1.3442810825635951,-0.09158849280800496,0.1275412684622068,-0.07490909090909093,-0.03333333333333344,0.10418904403866813,-0.033333333333333326,0.116597263533611,0.09615384615384626,0.037513397642015,-0.040791100123609314,0.0,
2001-06-30,0.008976785849349467,,0.010129889982935625,,-0.001788066942552624,-0.007099148310694581,0.133172375875505,0.133172375875505,0.11363636363636354,0.10588235294117654,-2.7116164320685434,-0.7088889597976393,0.06277825043777319,-1.6578041424832137,0.06632158388122034,0.12159038372630615,-0.037735849056603876,-0.008620689655172376,0.004863813229571967,0.01724137931034475,0.12466702184336698,0.08771929824561409,-0.011363636363636354,-0.010738831615120237,0.0,
2001-09-30,-0.002021912210781962,,-0.001132784116269936,,-0.010421507559493559,0.014378556579803803,0.03226520968694624,0.03226520968694624,0.04081632653061229,0.042553191489361764,-3.3768506206911963,-1.2657266703203627,-1.8268944864947287,-0.0449168486840682,0.059402930870989135,0.0017862050013739417,-0.022058823529411686,-0.008695652173912993,0.009357857373346379,-0.004237288135593098,-0.007579346281383237,0.08064516129032251,-0.008359456635318674,-0.009552757273121992,0.0,
2001-12-31,0.009991888643516411,,0.011612087877308053,,-0.0054578083098354435,-0.013978088401964461,0.039512808198882254,0.039512808198882254,0.0490196078431373,-0.030612244897959218,-1.0997080683148348,-2.0001124985937677,-2.3676648362906203,3.9615297527397884,0.2782033165360849,-0.04279248388424073,0.06432748538011701,0.06140350877192979,0.011508951406649537,-0.051063829787234116,-0.05346062052505973,0.07462686567164178,-0.01475237091675441,0.08198158702323544,0.0,
2002-03-31,-0.0049036578341197234,,-0.005686557822322746,,0.0026899580908135157,0.11606571143651911,0.185090530206224,0.185090530206224,0.20560747663551404,0.3157894736842106,-20.292786421499294,2.236257967754031,-2.1750705053539123,-0.9582696318472442,0.009082691830146539,0.09929789368104291,0.10125588697017274,0.09917355371900816,0.004108723135271886,0.08520179372197312,0.0398386283408978,0.06944444444444442,0.007486631016042855,0.06847649918962717,0.0,
2002-06-30,0.012447479268500095,,0.012700055173767488,,0.010018124706940856,-0.053218054588890396,0.007713745396635829,0.007713745396635829,0.015503875968992276,0.008000000000000007,-0.3710263929618768,6.915526410306914,-2.0146647755342713,-12.753608923884514,-0.10579351782764734,0.1068821689259647,0.06557377049180313,0.06015037593984962,0.02014479068303432,0.10330578512396693,-0.0004849660523763566,0.06493506493506485,-0.002123142250530896,0.049677664012135025,0.0,
2002-09-30,0.07773134684092886,,0.08294685858747908,,0.027433710069418193,0.009641007810656799,-0.03521984624755137,-0.03521984624755137,-0.03053435114503822,-0.023809523809523836,-1.558715653363173,1.397509064003501,6.253309292405119,-5.906173528727611,0.5804491099371545,-0.07795572303344334,0.034782608695652195,0.014184397163120588,0.026843566800370366,-0.09363295880149813,-0.14410480349344978,0.060975609756097615,-0.04680851063829783,0.0310693641618498,0.0,
2002-12-31,-0.028521466102893522,,-0.035292318691661606,,0.04030371234492658,-0.008611762275020474,0.07340357462782077,0.07340357462782077,0.07874015748031504,-0.0325203252032521,-1.8042002781641169,-1.5032231950382515,-1.472697571568022,-1.2874674515590063,-0.1055777280927207,-0.024393358876117488,0.031027795733677976,0.04195804195804187,0.03575721153846145,-0.04958677685950419,-0.07653061224489799,0.06896551724137945,0.0703125,0.03784162578836736,0.0,
2003-03-31,0.00811664974856452,,0.004613455633307062,,0.041138680561426666,0.11358290574539254,-0.07376469372670269,-0.07376469372670269,-0.08029197080291972,0.03361344537815136,2.2352045934073534,-2.0904915288165817,-1.076485495030637,1.9109507253643314,-0.34360902431294005,0.04189029977745773,-0.03699059561128537,-0.02684563758389258,-0.010733971569480638,0.004347826086956719,-0.00920810313075493,0.06451612903225801,0.033368091762252305,-0.022282241728561747,0.0,
2003-06-30,0.5069801147842361,,0.49233625010089255,,0.6401744307319757,0.39876875498536135,0.15018277300108118,0.15018277300108118,-0.11111111111111105,-0.10569105691056901,-0.8403451188350636,-2.3856877757678108,4.141789346333984,-4.931010178157416,2.0578140497240454,0.06734514386229429,-0.1425781249999999,-0.096551724137931,0.3319648093841643,0.07792207792207795,0.07187112763320935,0.06060606060606055,0.08779011099899114,-0.09633977900552493,0.0,
2003-09-30,-0.0027835600647693193,,-0.0061990373949774025,,0.025482029146560503,0.0006451232663307049,0.16728588481050433,0.16728588481050433,0.16964285714285698,0.16363636363636358,6.928999531239537,-1.2930139835941459,-1.9437207048540253,-1.170904835069169,-0.11501365519687035,0.027545615067686935,-0.0751708428246014,-0.03053435114503822,0.022016732716864773,-0.22891566265060248,0.06242774566473974,0.05523809523809531,0.0287569573283859,-0.034008406572411,0.0,
2003-12-31,-0.008610584896320383,,-0.012936126515870505,,0.026080548582061436,-0.054338482502165,0.06671225785009871,0.06671225785009871,-0.04580152671755733,-0.12499999999999989,-0.30605027290098497,-0.28691520668131676,0.10988313823458262,0.2858988587794371,-0.16711662143737094,0.06816359262229343,-0.05911330049261099,-0.015748031496062853,0.03295993106419659,0.046875,0.0571273122959739,0.05415162454873634,0.03426510369702429,-0.012262658227848222,0.0,
2004-03-31,0.020198237144117392,,0.022432403676802437,,0.0029614094986889494,0.0898853140355218,-0.04440356858257288,-0.04440356858257288,0.06400000000000006,0.1607142857142856,-0.12101988346796888,3.039554882687918,-2.7361428981310345,-1.047729729162513,0.009576888295604435,0.0013942513942515333,-0.0410122164048865,-0.016000000000000014,0.008967674661105374,-0.02985074626865658,0.015954709212557816,0.0702054794520548,-0.016564952048823023,-0.010812975570684835,0.0,
2004-06-30,0.02482621347610814,,0.029700273440225855,,-0.013507690166670083,-0.017490045624862893,0.15609129099003072,0.15609129099003072,0.1729323308270676,0.17692307692307696,-0.38522621066842055,0.6975157855486369,0.7864900804784123,-12.677311201494998,-0.11077145907977992,-0.05965513548248913,0.07097361237488631,0.0650406504065042,-0.0012401818933444053,-0.07179487179487176,-0.07345491388044578,0.06400000000000006,-0.037234042553191404,0.07813765182186239,0.0,
2004-09-30,0.015211637291628888,,0.01591006562502617,,0.009477987641527186,0.04885164982000534,0.011150581663367465,0.011150581663367465,0.019230769230769162,0.019607843137254832,-0.48529295841263054,-0.6816768942053536,-0.6190726151701468,-1.256757838056642,0.031984398883858844,0.05615034168564925,0.03823279524214107,0.03816793893129766,0.01759105960264895,0.06077348066298338,-0.030617823947512224,0.06015037593984962,-0.0055248618784529135,0.028914757791964174,0.0,
2004-12-31,0.0009798456706671121,,0.0006890492320346109,,0.0033823091606395295,-0.053139510136299695,0.030915946599728628,0.030915946599728628,0.03144654088050314,-0.03846153846153855,0.8210210801527136,-0.024593929941362558,-1.0162536426683535,-8.264252978918424,-0.22514174160217582,0.10083036773428233,0.036006546644844484,0.014705882352941124,0.012609314622737289,0.08333333333333348,0.04512126339537503,0.05673758865248235,0.0018518518518517713,0.021167883211678618,0.0,
2005-03-31,0.01791688544949932,,0.021277801336085478,,-0.009775353104065965,0.07053728446808938,-0.015166098696704045,-0.015166098696704045,0.0060975609756097615,0.08000000000000007,0.8881506623013846,0.9637662065779216,-91.46907574704656,-1.018437156953049,0.005357074770274917,0.0029388714733542542,0.04423380726698278,0.02898550724637694,0.002410122514561186,-0.009615384615384581,-0.06206152185644909,0.05369127516778516,-0.026802218114602594,0.02966404574696213,0.0,
2005-06-30,0.011036531891477575,,0.008931294985090599,,0.028926581952744224,-0.0036211044294579553,0.03985419198055884,0.03985419198055884,0.048484848484848575,0.043209876543209846,-1.9657091224933265,-1.0343741240585784,-0.5223656079169388,13.639337530796606,0.07800614100983871,0.006251220941590141,0.00832072617246582,0.007042253521126751,0.027850130234422066,0.0,-0.045454545454545414,0.05732484076433142,0.017094017094017033,0.0020826102047899475,0.0,
2005-09-30,0.006596735733338077,,0.0071972164094387114,,0.0015930868936397946,-0.02848052426008807,-0.029263237042380874,-0.029263237042380874,-0.028901734104046284,-0.029585798816568087,0.3768321731080311,4.105472823035585,-0.5406703566211453,-1.5197045486419523,-0.0376066005216279,0.04834012813046007,0.0,-0.006993006993006978,0.014230019493177481,0.024271844660194164,0.02169981916817365,0.054216867469879526,-0.00466853408029877,0.010737790093522603,0.0,
2005-12-31,0.005562536399314366,,0.005627059753817276,,0.005021871814083756,-0.00528508932717453,0.0728042538492939,0.0728042538492939,0.07738095238095255,0.012195121951219523,-2.6881655077360413,-4.751958525345622,-0.5393274162771563,-2.222973823873347,0.04778907260559029,-0.013055555555555487,0.010502625656414022,0.007042253521126751,0.010570824524312794,-0.028436018957346043,-0.024778761061946764,0.05142857142857138,0.0,0.009252912954078152,0.0,
2006-03-31,0.004958727500754989,,0.0046757236956671555,,0.007331546974620018,0.07485273612894106,-0.010088543064126654,-0.010088543064126654,0.005524861878453136,0.06626506024096401,-0.8469684255883704,-0.5374151748702675,-0.7531825954778644,-4.000632548286971,-0.13685716950281757,0.04662726334552958,0.006681514476614803,0.013986013986013957,0.012742487637885214,0.034146341463414887,0.02117362371445841,0.04782608695652191,0.0018761726078799779,0.008488964346349714,0.0,
2006-06-30,0.019617984613530703,,0.02033258604633703,,0.013642270953695412,-0.011060679441737165,0.04758595879103278,0.04758595879103278,0.049450549450549275,0.05649717514124308,0.1136294169406753,-1.9705488338412334,-8.126969463690017,-2.4856015295617215,0.23555223210017417,0.0435640014342058,0.012536873156342221,0.006896551724137945,0.015023474178403662,0.03301886792452824,0.020142180094786744,0.06224066390041494,-0.005617977528089901,0.012794612794612803,0.0,
2006-09-30,-0.0023645175274294994,,-0.005635491445281526,,0.025168893694635486,0.031595674754230973,-0.01036349865693198,-0.01036349865693198,-0.010471204188481686,-0.010695187165775444,4.844784709688688,-2.1910815154708723,2.9543166581454465,-1.7574422587638971,-0.14440281042231828,0.03478783714138456,0.010924981791696986,0.020547945205479534,0.028307123034227555,0.0182648401826484,0.008130081300812941,0.05859375,0.02730696798493404,0.0016622340425531679,0.0,
2006-12-31,0.01226514753143837,,0.01118184052071114,,0.02110987974300471,-0.051745868144733254,0.014065693777629784,0.014065693777629784,0.015873015873015817,-0.06486486486486487,-1.556497745952961,-1.0683572849185925,-2.147015653795444,-2.1544547553696685,0.19484228467729725,0.005644558811322309,-0.007204610951008661,0.0,0.029686937747391173,-0.022421524663677084,-0.02419354838709664,0.05535055350553497,0.00916590284142993,0.0006637902422834685,0.0,
2007-03-31,0.01362599306876966,,0.015860901338438316,,-0.004443651942853899,0.014435821512696956,-0.17510980691795297,-0.17510980691795297,-0.16666666666666663,-0.09248554913294793,-2.0533253552423982,-42.3667812142039,-0.18353514970715856,-1.5932855816621507,-0.09674675869742344,-0.021130829550144448,-0.044992743105950694,-0.04026845637583887,0.009435610693692142,-0.05045871559633042,-0.030106257378984758,0.0524475524475525,-0.01816530426884655,-0.02752902155887227,0.0,
2007-06-30,0.0004598351270297396,,0.0020251297522293488,,-0.012453975446748422,0.040935493732803474,0.21705602564029713,0.21705602564029713,0.23749999999999982,0.2420382165605095,-0.5726503611094252,-0.813521556291513,-1.2040636952831345,-0.16712677310603652,-0.0892084095836223,-0.07951766590774945,-0.005319148936170248,-0.006993006993006978,-0.002769603600484727,-0.08695652173913038,-0.053560559951308484,0.049833887043189584,-0.01295097132284917,-0.006139154160982319,0.0,
2007-09-30,0.03696368434750519,,0.0401664904945398,,0.010152855558436258,-0.039777407629620565,-0.06995410166737481,-0.06995410166737481,-0.06060606060606055,-0.06153846153846143,0.7597423254334341,10.261065188338366,-19.639381753730632,-0.9294235351622167,-0.00691268370114706,-0.02409307438622199,-0.01680672268907546,-0.028169014084507116,0.014233639993056713,-0.021164021164021052,-0.03536977491961424,0.05537974683544289,-0.025304592314901564,-0.0041180507892929485,0.0,
2007-12-31,0.08111428514436292,,0.08592623720992698,,0.039636396514013184,-0.26782767515260264,-0.6740249112642893,-0.6740249112642893,-0.6666666666666667,-0.7213114754098361,0.4107457598667432,-0.4628005343125253,-0.3736778228003931,-48.61064819824694,0.33140827236386294,-0.12841453111799495,-0.19191919191919204,-0.21014492753623182,0.009070682868389524,-0.14054054054054055,-0.126,0.05247376311844065,-0.03846153846153855,-0.12991040661612685,-0.20000000000000007,
2008-03-31,0.018650051369821563,,0.02067511699657798,,0.00041725415311288927,0.4551680923015715,2.114061296781149,2.114061296781149,1.967741935483871,2.5686274509803924,-0.23774993249705967,-0.0037008005446059755,-0.2710044730312132,-0.9805009432461305,0.004853619168259771,-0.1140549273021001,0.030769230769230882,0.0,-0.0006784260515603213,-0.11949685534591203,0.07093821510297471,0.049857549857549976,-0.018000000000000127,0.022574257425742594,0.0,
2008-06-30,-0.002907518105351059,,-0.0037457709504497005,,0.0047925681438947265,-0.100748722168984,-0.20737798967338616,-0.20737798967338616,-0.2119565217391305,-0.20879120879120883,0.5346139644629364,-0.4374542662270202,-0.9595210876188407,-17.04184636904068,-0.07748493068622386,0.022854364211038147,-0.09141791044776126,-0.10091743119266061,0.0039035980991173336,0.021428571428571352,-0.019230769230769162,0.04748982360922649,0.007128309572301594,-0.058869093725793964,0.0,
2008-09-30,-0.009806941596664287,,-0.00915952424726274,,-0.015703500629538958,0.046055571939788376,-0.43103609646522945,-0.43103609646522945,-0.4275862068965517,-0.4305555555555556,-0.12082017816692292,-0.9169276228099758,-18.800536623146712,0.8237213256505089,-0.1531800674151954,-0.036486807701450075,-0.177618069815195,-0.19387755102040805,-0.016398985629754836,-0.04195804195804187,0.05156136528685562,0.045336787564767,-0.006066734074823055,-0.17283950617283939,0.0,
2008-12-31,0.008713659272660212,,0.0034080093548705115,,0.05735781908537185,-0.43419220764122013,0.12124801228272197,0.12124801228272197,0.10843373493975905,0.09756097560975618,-0.255407816803948,4.346466794369365,-1.2334221669709802,-1.7196975130086938,0.13018507160632997,-0.06438879980263967,0.08239700374531833,0.07594936708860756,-0.0378136816775525,-0.051094890510948954,0.14157458563535918,0.043370508054522805,-0.038657171922685585,0.12089552238805967,0.0,
2009-03-31,-0.014169281681284951,,-0.017781666203802726,,0.017260522193142114,0.3411174866054687,-0.37186647235453485,-0.4657916100194638,-0.46739130434782616,-0.4555555555555556,-0.7770662570857401,-2.900739572034316,-8.105729863593698,-3.2947285671578994,-0.26432786128376673,-0.4187211601845747,-0.26066897347174156,-0.24705882352941178,0.018220793140407254,-0.39230769230769225,-0.4646098003629765,0.04156769596199528,0.032804232804232836,-0.1970705725699068,-0.25,
2009-06-30,0.07752426495026943,,0.0781578305964421,,0.07220177115113802,0.19930747604127563,-0.20293984833621403,-0.2587242301072906,-0.26530612244897955,-0.26530612244897955,3.555994906507607,0.5045740512086216,0.13629911942685458,-0.9929627074155742,-0.002528507469802266,0.1950555681560444,-0.2979719188767551,-0.28125,-0.007192982456140307,0.16455696202531644,0.6316384180790962,0.039908779931584926,-0.021516393442623016,-0.28358208955223885,0.0,
2009-09-30,-0.013098624827977856,,-0.01804368761192965,,0.028674905042644916,0.31884365777942425,1.4940220364147847,1.8146565564255193,1.6944444444444446,1.6944444444444446,0.944736687260959,0.4154243837625482,0.3765066722732726,-77.44360644497772,0.1937781995397696,0.1176693869804517,0.06000000000000005,0.10869565217391308,0.03021735288920291,0.13043478260869557,0.5865650969529086,0.03837719298245634,0.04502617801047126,0.016203703703703942,0.3333333333333335,
2009-12-31,-0.0016964539993868932,,-0.004196377533846274,,0.01846259827598873,0.36776242582163765,0.07170384759994985,0.07886307993365915,0.09278350515463929,0.08247422680412386,-0.8277379064954555,-1.1446056876602249,-0.962167183886462,-1.5712107486568665,-0.09272090114827392,0.09509254542367107,0.03354297693920327,0.09803921568627438,0.01492281303602061,0.06730769230769229,0.034919249236141425,0.03695881731784589,0.022044088176352616,-0.18754745634016712,0.25,
2010-03-31,-0.006404971608831689,,-0.009880284308081855,,0.020995995437582238,-0.27936126571229514,0.10332704761069444,0.12523587975013006,0.09433962264150941,0.09523809523809512,4.739970843432746,-0.7323925470861083,11.802270352427092,0.5911895864083159,-0.1626142744126412,0.17320514808497456,0.21501014198782964,0.2142857142857142,0.021294574953523604,0.15315315315315314,0.11176718684099529,0.035641547861507084,0.02941176470588247,0.14392523364485976,0.0,
2010-06-30,-0.004173133353269298,,-0.007794703333174446,,0.02351747864714704,-0.07156405090658935,0.25036600311351065,0.2410276056989613,0.267241379310345,0.26956521739130435,-0.42599208383121756,-7.120407092645053,-0.1904424467949598,-1.060279366269804,0.011705818607240515,0.12516521279407877,0.2838063439065108,0.2941176470588236,0.023332781730928343,0.1015625,-0.08497723823975711,0.034414945919370554,0.029523809523809508,0.267156862745098,0.0,
2010-09-30,0.0013678071021205884,,-0.0006112725532895213,,0.016036966399254338,0.1375829602108538,0.017303402931936107,0.02970556542505176,0.013605442176870763,0.020547945205479534,-0.4119135007769791,-0.9667635805093462,-0.6992340617944401,1.7370876647294753,0.0316691385244241,0.03418301421355596,0.09102730819245775,0.11363636363636354,0.015038809831824151,0.007092198581560183,-0.21144278606965183,0.033269961977186346,0.015726179463459777,0.1044487427466152,0.0,
2010-12-31,-0.0033052667334604324,,-0.005856796220362281,,0.015297069051831258,0.1003388127248428,0.06471890216910148,0.06918007749526267,0.0738255033557047,0.06711409395973167,0.931914083568641,21.87012585104188,3.081086709195075,-5.652352044020455,-0.1428132100153765,-0.09189004997728312,0.08581644815256251,0.10204081632653073,0.00955870638840195,-0.10563380281690138,-0.18401682439537326,0.03219871205151814,0.02003642987249532,0.1687098657326327,0.0,
2011-03-31,-0.0020589885253968765,,-0.004858542821307599,,0.017926354096434505,-0.06639394948389854,0.008956085344498765,0.005809062772795803,-0.006249999999999978,0.0,0.8080090276930585,-2.860953618128758,-0.6147884861179042,-1.31207816417047,0.05199436683069969,0.09868667917448404,0.05598243688254656,0.07407407407407396,0.014360107306296443,0.09448818897637778,-0.005154639175257714,0.031194295900178304,0.021428571428571574,0.05494505494505497,0.0,
2011-06-30,0.14504671160242166,,0.1534226691991014,,0.08659117735630995,0.23168980915373671,0.5627736058524382,0.5631229847511743,0.5345911949685533,0.5220125786163521,-0.879939479895621,-4.036732359136069,2.213989868313927,6.2216271884655,0.35692580206758584,-0.009221311475409832,0.1351351351351353,0.1293103448275863,0.03842563783447406,-0.028776978417266008,-0.08031088082901561,0.030250648228176358,-0.05681818181818188,0.06960227272727271,0.0,
2011-09-30,0.0017591921608244299,,8.476561176684605e-05,,0.014163701021419506,-0.09445810022999324,-0.4319731478666575,-0.44591311370595954,-0.4590163934426229,-0.45867768595041314,3.5643771953526073,-1.1800841572936853,-0.8235326048168137,-0.9396993810786914,0.015861476538263863,-0.10145926691945306,-0.04578754578754585,-0.038167938931297773,0.01513108614232217,-0.13333333333333341,-0.22323943661971835,0.02936241610738244,0.01297497683039861,-0.04603806994245241,0.0,
2011-12-31,0.0007756612111768924,,0.0023991234182716425,,-0.01108433102659101,0.03185866220824063,-0.1931537671756559,-0.21168725479478678,-0.21212121212121215,-0.20610687022900764,0.1525623995131642,0.08921400902378274,-0.18739283740907198,3.6514047866805415,0.0726261892963147,-0.06381074168797962,-0.09213051823416507,-0.09523809523809523,-0.018595041322314154,-0.07692307692307676,-0.039891205802357166,0.028524857375713086,-0.012808783165599302,-0.08677494199535962,0.0,
2012-03-31,0.016202907316944737,,0.016097180668287026,,0.016985810588457273,-0.019058815427674736,0.3974752944361717,0.4501779633595784,0.4423076923076923,0.4423076923076923,0.10737156111260626,5.851758865536815,-8.266091381945126,-2.1013321130770795,-0.07456983180218635,0.12129490506761376,-0.026427061310782318,-0.03508771929824572,0.017293233082706916,0.13888888888888884,0.21907459867799806,0.027733755942947802,0.001853568118628468,-0.030487804878048808,0.0,
2012-06-30,0.020466658829510598,,0.020348461117810634,,0.021341145236749792,0.04264415632346208,0.1303720279178351,0.14064791007033728,0.1399999999999999,0.1333333333333333,-0.8040563104346471,-0.18505464250463521,0.2979488431189625,-1.7270116799778403,0.05858155542924148,0.00450724814228276,-0.1150922909880564,-0.10909090909090902,0.022320768662231982,-0.008130081300813052,0.018590240123934842,0.02698535080956055,0.0027752081406104967,-0.09486373165618456,0.0,
2012-09-30,0.003436002004663541,,-0.0005333835663153819,,0.03277497903146931,0.0661983603829428,0.25744279715485474,0.2755471307944166,0.2748538011695907,0.276470588235294,-2.617671564914407,-1.240248672070448,-0.9693259559437836,1.5412692566580728,0.14063300560642822,0.08100897404802332,0.13742331288343568,0.12244897959183665,0.025159051474840988,0.05737704918032782,0.22129277566539907,0.026276276276276267,0.032287822878228845,0.12217718587145354,0.0,
2012-12-31,0.023722815225800664,,0.023425792622758346,,0.025847398534034394,0.010944061779684322,0.0093061452590113,0.009840291520918365,0.0,0.0,-1.153378362559408,-5.047658190796558,39.51366676359407,0.8175534865590188,0.2240931205820591,0.12373794031859986,0.15102481121898603,0.15454545454545454,0.0222849083215797,0.09302325581395343,-0.026774595267745838,0.02560351133869787,0.0044682752457552155,0.15325077399380804,0.0,
2013-03-31,-0.0023713870443354823,,-0.005730417776176,,0.02159882296588722,-0.028247720389153574,-0.07454598859527406,-0.07770212858274061,-0.0825688073394496,-0.0875576036866359,25.651326082808623,-0.7214006516610763,-1.2913857019303578,-1.441445528710127,-0.08081485340642247,0.025756214435459723,0.04217432052483594,0.0551181102362206,0.021109271523178874,0.007092198581560183,-0.12795905310300704,0.024964336661911446,0.025800711743772187,0.04742729306487692,0.0,
2013-06-30,0.005036084342264768,,0.001708477807401687,,0.02814681092899063,0.08939401174729,0.2712494482202594,0.28790688374974027,0.28,0.28787878787878785,-1.1172712407538394,0.12899269177697148,-1.3080343122463685,1.1897812492214168,-0.1925257945080876,0.010608272506082761,0.07913669064748197,0.09701492537313428,0.022429401432238816,-0.014084507042253502,-0.04988994864270002,0.02435629784272808,0.025151777970511713,0.0756087142246904,0.0,
2013-09-30,0.014399787670175801,,0.012392426565424497,,0.027982714231457928,-0.030161615003591047,-0.15492759695350478,-0.16185110100512,-0.1679687500000001,-0.17254901960784308,0.3774877292373813,-1.5464668869675433,2.1233057454719924,-2.66470211767383,0.3969143480307249,0.10265793528505385,-0.025833333333333264,-0.006802721088435382,0.028677150786309058,0.07857142857142874,-0.003088803088802994,0.02377717391304346,0.0160744500846024,-0.00794281175536149,0.0,
2013-12-31,0.008704582399913896,,0.006069584698580988,,0.026264042725433034,-0.03282584207159345,-0.2480889978572326,-0.26098704543721196,-0.26291079812206564,-0.26066350710900466,-4.799422083159751,-8.156377524327718,0.7622668561260673,-1.6609454746766772,-0.18779873120709134,-0.010829694323144068,-0.08982035928143717,-0.06849315068493156,0.021968139773895112,-0.03311258278145701,-0.0038729666924864903,0.023224950232249464,0.019150707743547102,-0.06285028022417927,0.0,
2014-03-31,0.03954760969545812,,0.03773025332691171,,0.05142004816756973,-0.032523613095719495,0.0343010179656944,0.04046981349976653,0.03821656050955413,0.03205128205128216,0.30899784671302966,1.0963480935079115,2.595887541798934,-1.233142632600777,0.05390768553929792,0.025075048560833313,-0.06672932330827064,-0.05882352941176461,0.018730358265242053,0.0,0.10108864696734066,0.022697795071335847,-0.016339869281045805,-0.03801794105083289,0.0,
2014-06-30,0.026032222166497476,,0.02639167155955846,,0.023714583065355344,0.045503186133353246,0.24154975394839684,0.23124881919516338,0.22085889570552153,0.22981366459627317,-1.1632406460190554,-0.45600775114950776,-0.2869624298514136,0.7111461013040008,0.0875256222215417,0.042204995693367886,-0.0906344410876132,-0.07812500000000011,0.02270483711747273,0.020547945205479534,0.0911016949152541,0.0221940393151554,0.0,-0.05417406749555953,0.0,
2014-09-30,0.07038410149426766,,0.07917981647198702,,0.013523240462972597,-0.004758663949122499,-0.0316245568623037,-0.03366196102501151,-0.035175879396984966,-0.03535353535353536,-4.329977946153678,2.641508244573155,1.8887072022513824,-3.55182804339092,-0.20537478173978163,0.02148760330578514,-0.04651162790697683,-0.05084745762711862,0.013875482625482771,0.0,0.10161812297734629,0.021712158808932847,-0.05149501661129563,-0.017840375586854473,0.0,
2014-12-31,-0.005582806297365406,,-0.006424251522109237,,0.0002091894831852681,0.01188480319951446,0.00800816433261664,0.009213790913241038,0.005208333333333259,0.005235602094240788,0.0640151341285089,-1.061482437110249,-1.1461185050083094,-0.6183629470305465,-0.0986359665617208,-0.023543689320388306,0.03832752613240409,0.017857142857142794,-0.005712245626562029,-0.033557046979865834,0.004112808460634554,0.021250758955677185,0.0061295971978985175,0.0497131931166348,0.0,
2015-03-31,0.017502597467139225,,0.017781261636460544,,0.015597164567535238,-0.029724309936717153,-0.12947623662848717,-0.13923044849858002,-0.13989637305699487,-0.140625,0.41239511787779914,-5.3005223134501085,-2.4961909087451364,-0.9567225157366621,-0.0047358407173080375,-8.28569061230855e-05,-0.007829977628635243,-0.008771929824561542,0.016876122082585265,0.0,-0.0485664131070801,0.020808561236623113,-0.0008703220191471628,0.0022768670309654127,0.0,
2015-06-30,-0.013191057578518461,,-0.016743292638620733,,0.01115043452420239,0.07307206551062895,0.18655867027022555,0.20399853767764942,0.1987951807228916,0.19999999999999996,-0.782451141664085,-1.6922987722600005,-2.0194404941882635,1.4592558425584254,-0.011702063060182732,0.021544580709313754,-0.007891770011274057,-0.017699115044247704,0.010240112994350348,0.00694444444444442,0.016605166051660403,0.020384391380314337,0.026132404181184787,-0.009541117673784627,0.0,
2015-09-30,0.007385511317481885,,0.005485577484710458,,0.020045552584200932,-0.04035825802542892,-0.02192976336644714,-0.023281499671690575,-0.025125628140703515,-0.025252525252525304,5.91714552182677,-1.8322859856301918,-1.1815797522052238,5.324101281650516,-0.07488129766415119,-0.0028390655418558675,-0.007954545454545325,0.0,0.021903763252941744,-0.01379310344827589,-0.003024803387779884,0.019977168949771862,0.014431239388794426,0.0027522935779815683,0.0,
2015-12-31,0.2555375538786635,,0.25613471828873124,,0.2516151993966229,0.10827654287848576,-0.03365180580668403,-0.03608497806378408,-0.14948453608247425,-0.15025906735751293,-0.2829822676681788,-9.962398253616552,-40.11326531436557,-2.169859817703699,0.09469122288157839,-0.02839014073049706,-0.08361970217640324,-0.0630630630630632,0.07080150495952586,-0.04895104895104885,-0.030946601941747587,0.019865696698377233,0.018410041841004254,-0.03202195791399809,-0.20000000000000007,
2016-03-31,0.01496685128965991,,0.015532432496695225,,0.011238530394158008,0.030072055018037558,0.1017216245640582,0.1116423638687205,0.054545454545454675,0.054878048780487854,-0.09371411009203989,-1.2165250653461908,-1.1422190379099308,-2.604456800973499,-0.13878614660390043,-0.08188211654387145,-0.01749999999999996,-0.009615384615384581,0.0127768313458263,-0.13970588235294124,-0.04633688165309957,0.019204389574759784,-0.0024650780608053147,0.015595463137996202,0.0,
2016-06-30,-0.006459730531195973,,-0.008511167193444136,,0.0071207962456618645,0.014831807947578213,0.12562640690320515,0.13499477776488344,0.13793103448275867,0.1445086705202312,-0.5497501227075989,-1.5498887248638522,-1.87404134505769,-1.559697679930477,0.09019627814204179,0.040124019697246105,-0.022900763358778775,-0.019417475728155442,0.021972245584524597,0.025641025641025772,0.028890347997373667,0.018842530282638048,0.014003294892916074,0.019543973941368087,0.0,
2016-09-30,0.024393714699326496,,0.02935267161606525,,-0.007925075982693541,0.028669898702282648,0.041522954727391204,0.04480969300375759,0.06060606060606055,0.06060606060606055,1.0913577555237328,-3.789355851998372,-3.257002245536964,-0.5505660270827255,0.037183461767833714,0.014992109416096744,0.003906250000000222,0.0,0.0024688818022837733,-0.008333333333333304,0.014677728142948432,0.018494055482166427,-0.03249390739236391,0.019625741670470154,0.0,
2016-12-31,-0.026740732501789544,,-0.03201327000280507,,0.008912931516452893,-0.00627329238565888,-0.05546824997714184,-0.058830185447962036,-0.05714285714285716,-0.06190476190476191,-0.7362430371109252,-2.060279512147779,-2.251620564038367,-1.2439907872696818,-0.008747171975421186,0.16869655351127255,0.045395590142671916,0.03960396039603964,0.015392508978963493,0.16806722689075637,0.14213836477987418,0.0181582360570689,0.037783375314861534,0.03401969561324991,0.0,
2017-03-31,-0.0018303479408364742,,0.0004446695117237276,,-0.0165902996987497,0.014823783964337034,0.05552816187747878,0.0676089746714108,0.07575757575757569,0.07614213197969555,10.550525058165126,-1.2520288762841616,-0.8549007706143152,1.8822620784347377,-0.025434118688515195,0.1945306725794529,0.04590570719602982,0.04761904761904745,-0.01596766043456288,0.17266187050359716,0.1437224669603523,0.019108280254777066,-0.016181229773462813,0.029870129870129825,0.0,
2017-06-30,-0.01888185858689928,,-0.02240083830554873,,0.004344202072595005,0.027853104646592186,0.09207083430058427,0.09768628143242375,0.107981220657277,0.10849056603773577,-0.7375433187952243,-4.015476866418807,4.6136652911657166,-2.7422216929169023,0.045468319965935367,-0.036072268283628306,0.04033214709371302,0.036363636363636376,0.017459176337680793,-0.018404907975460016,-0.08184882041405872,0.018750000000000044,0.023848684210526327,0.021017234131988305,0.0,
2017-09-30,-0.004092448712791019,,-0.005059388873451032,,0.002119625484315879,0.012542386934817129,-0.06594883126494211,-0.06892124949398049,-0.05932203389830493,-0.05957446808510647,0.3114578734172715,-0.7934246157366796,-0.6626624689503784,-0.6108073005673662,0.016926326554577598,-0.011554015020219466,0.0068415051311288,0.01754385964912264,0.011708892702129825,-0.03125,-0.05453592029365495,0.018404907975460016,0.006425702811244882,-0.0057636887608070175,0.25,
2017-12-31,-0.015019019150244617,,-0.01672772134501843,,-0.0041201609113636906,0.027489070376679248,-0.09417767326078952,-0.09922245615706926,-0.09459459459459474,-0.08597285067873306,0.6179461745812611,1.3624798120259105,1.0110590960074664,1.311232106788443,0.038469521696295805,0.07922592376128312,0.0,0.008620689655172598,-0.002194951611294016,0.07096774193548372,0.06544647809206872,0.01807228915662651,0.010375099760574491,-0.02401656314699796,0.0,
2018-03-31,0.00024737446163469734,,0.005574038777257595,,-0.03329832176458303,-0.01462724570131424,0.09369329689860195,0.10005884647681507,0.11442786069651767,0.10396039603960405,-0.3238375072793265,-1.2044524954178555,-0.8063496895457795,-3.4360513716847785,-0.09024215842487238,0.10530116132137923,0.011325028312570762,0.008547008547008517,-0.0031996800319968877,0.10843373493975905,0.09890681936491408,0.01775147928994092,-0.03554502369668244,-0.009758167161646125,0.0,
2018-06-30,-0.0016587954439526431,,-0.000631231408470434,,-0.008390297099357902,0.022303521164569018,0.3985990187459232,0.42028802577325775,0.45535714285714257,0.4618834080717489,-0.9234518638767893,-4.667637709733231,1.396855496285792,-1.5960662590466683,0.05912596003292436,-0.030649463770482832,0.09742441209406483,0.0847457627118644,0.0008024877119068297,-0.02717391304347827,-0.04263382283278061,0.018604651162790642,-0.008190008190008147,0.07155098543273342,0.0,
2018-09-30,-0.013497165188811944,,-0.014162780225701277,,-0.0091026477599494,0.015094110561921559,0.06677548868521366,0.06932953588462065,0.08588957055214741,0.08282208588957052,26.47686371853331,-0.041442955597146725,1.2353927244250134,-1.7520999607483971,-0.04198616019060786,-0.031056947096484322,0.13469387755102025,0.1171875,0.01433296582138932,-0.033519553072625774,-0.12172191984166258,0.022831050228310446,0.004128819157720898,0.10355857656937228,0.0,
2018-12-31,0.02798794946096539,,0.03201114822662943,,0.0015616654093313365,0.034417052109341206,0.03825954064981163,0.03948844691835385,0.062146892655367214,0.06798866855524088,-0.45969313857861793,-4.372598547397287,-2.3799620434961017,-6.111563418749891,0.2240206890610097,-0.11673332174114659,0.15377697841726623,0.1328671328671327,0.014920948616600649,-0.1271676300578034,-0.22253521126760556,0.022321428571428603,-0.025493421052631637,0.12210144927536204,0.0,
2019-03-31,-0.0006011620417804009,,-0.0019069315417157284,,0.008236508850375746,0.007319642806107751,-0.11621162940139396,-0.12037067001193558,-0.10904255319148926,-0.1114058355437666,-0.24885548901832855,-1.092053328700029,-1.3801501203921833,-2.150942047728603,-0.2106458108965834,0.04081632653061251,0.07248636009353082,0.06172839506172845,0.023074676273001637,0.019867549668874274,-0.10144927536231885,0.02183406113537112,0.009282700421940904,0.04972554084598002,0.0,
