Quarter end,Assets,Current Assets,Liabilities,Current Liabilities,Shareholders equity,Revenue,Earnings,Earnings available for common stockholders,EPS basic,EPS diluted,Cash from operating activities,Cash from investing activities,Cash from financing activities,Cash change during period,Cash at end of period,Price,ROE,ROA,Book value of equity per share,P/B ratio,P/E ratio,Cumulative dividends per share,Equity to assets ratio,Net margin,Asset turnover,Current ratio
1994-01-01,-0.036127954493791026,-0.11690331874851534,0.07160265349476735,0.11779741790139497,-0.10964849864807169,-0.10573688248834323,-0.4818652849740933,-0.4818652849740933,-0.4571428571428571,0.6296296296296295,-28.450467289719626,-1.8337412052615478,-0.1439366678661389,-1.4006193425440685,-0.758446251129178,1.335246842709529,-0.08301886792452828,-0.11016949152542366,-0.08205128205128198,1.290780141843972,-0.7050130633572829,1.025002025002025,-0.07637954239569333,-0.14473684210526316,0.03846153846153855,-0.20998266652516906
1994-04-02,-0.036127954493791026,-0.11690331874851534,0.07160265349476735,0.11779741790139497,-0.10964849864807169,-0.10573688248834323,-0.4818652849740933,-0.4818652849740933,-0.4571428571428571,0.6296296296296295,-28.450467289719626,-1.8337412052615478,-0.1439366678661389,-1.4006193425440685,-0.758446251129178,1.335246842709529,-0.08301886792452828,-0.11016949152542366,-0.08205128205128198,1.290780141843972,-0.7050130633572829,1.025002025002025,-0.07637954239569333,-0.14473684210526316,0.03846153846153855,-0.20998266652516906
1994-07-02,0.019311456887899148,0.02092932448262408,0.1187745521326149,0.23270415875353678,-0.06238511947574521,0.0,0.0,0.0,0.0,0.6296296296296295,-28.450467289719626,-1.8337412052615478,-0.1439366678661389,-1.4006193425440685,1.2578908002991773,1.335246842709529,-0.08301886792452828,-0.11016949152542366,0.011173184357541999,1.290780141843972,-0.7050130633572829,0.0,-0.08014571948998161,-0.14473684210526316,0.03846153846153855,-0.17176375766802487
1994-09-30,-0.060678619086565355,-0.10079298299293704,-0.03463457587320218,-0.03661373997799089,-0.08620377374572497,0.08964458964458966,1.375,1.375,1.5789473684210527,0.6296296296296295,-0.7250442598393028,-2.333516785910842,-0.4927280369903321,-2.089190153407064,-0.6067974029415661,1.335246842709529,-0.08301886792452828,-0.11016949152542366,-0.08563535911602216,1.290780141843972,-0.7050130633572829,0.4666666666666668,-0.027128712871287153,-0.14473684210526316,0.03846153846153855,-0.06665945829053355
1994-12-31,-0.0865722256273952,-0.08752528403183424,-0.04957039739648439,-0.12917543773763485,-0.1248834063986568,-0.12374505973742789,-3.334736842105263,-3.334736842105263,-3.36734693877551,0.6296296296296295,-2.0817236255572062,-1.8944834227541616,-0.35051375538614515,-0.8016158969319794,-0.30614995787700083,1.335246842709529,-0.08301886792452828,-0.11016949152542366,-0.12386706948640491,1.290780141843972,-0.7050130633572829,0.36363636363636354,-0.04192957459800528,-0.14473684210526316,0.03846153846153855,0.0478452270620946
1995-03-31,0.15205884935218061,0.23229194721249669,0.2876032274499116,0.461088728567413,-0.00035972660777805476,0.19413482641229018,-1.1992786293958522,-1.1992786293958522,-1.1982758620689655,0.6296296296296295,2.3381410256410255,-1.5216856351891725,-6.200816534830314,-2.388552559163456,0.6126760563380282,1.335246842709529,-0.08301886792452828,-0.11016949152542366,0.0,1.290780141843972,-0.7050130633572829,0.2333333333333334,-0.13235606543445932,-0.14473684210526316,0.03846153846153855,-0.15660585959093432
1995-06-30,0.021039166054271696,-0.0338676731420694,0.004932137106050227,0.016416359928691504,0.04436891909902707,0.19082212992576086,2.0463800904977374,2.0463800904977374,2.043478260869565,0.6296296296296295,-2.1426513956518756,1.1957547169811322,-1.4326366401727015,-0.8668252080856124,0.05059478994127398,1.335246842709529,-0.08301886792452828,-0.11016949152542366,0.04482758620689653,1.290780141843972,-0.7050130633572829,0.18918918918918926,0.023016650342801315,-0.14473684210526316,0.03846153846153855,-0.049419938388936324
1995-09-30,-0.02959428480034121,-0.06518523674456644,-0.06517658477625876,-0.08735536460107762,0.019997702880332868,-0.026723540778008648,-0.33345711102859266,-0.33345711102859266,-0.3285714285714285,0.6296296296296295,-0.6667066802712922,-1.810016111707841,-0.13597187570877745,10.803571428571429,0.5684391572309015,1.335246842709529,-0.08301886792452828,-0.11016949152542366,0.01980198019801982,1.290780141843972,-0.7050130633572829,0.18181818181818188,0.050981330780277556,-0.14473684210526316,0.03846153846153855,0.024270840515755454
1995-12-31,0.7850609002356896,0.25784144003276177,1.3826707022028932,0.5336107731445636,0.021707579511047737,0.019790730196783457,0.06545961002785505,0.06545961002785505,0.06382978723404253,0.6296296296296295,0.5728435080136862,-18.272169733134426,-14.085050531565821,0.04236006051437213,0.3777757470529106,1.335246842709529,6.613168724279836,5.3238095238095235,0.01941747572815533,1.290780141843972,-0.7050130633572829,0.13461538461538458,-0.4276930084263265,6.153846153846154,-0.11728395061728403,-0.17980477953551
1996-03-31,0.021664127541049183,0.06905175922157691,0.020505315431606386,-0.06286342778323706,0.025116028459117645,0.3970222717421914,0.0755555555555556,0.0755555555555556,0.08000000000000007,0.6296296296296295,-1.7230364094343944,-0.9898755314146426,-0.9501078288780781,-1.604499274310595,-0.1657491543410493,1.335246842709529,0.12972972972972974,-0.0075301204819276935,0.02539682539682553,1.290780141843972,-0.7050130633572829,0.13559322033898313,0.0035813768404295843,0.01505376344086029,-0.020979020979021046,0.140758371634931
1996-06-30,-0.022476005711634772,-0.04726703904427698,-0.05831406450157506,-0.08166426166426166,0.0837992163608563,0.22015968588681756,1.1385512882839084,1.1385512882839084,0.40740740740740744,0.6296296296296295,-6.223594615993666,0.37819905213270144,-6.159630076397265,-3.388155262104842,0.4744792494832246,0.14306784660766958,0.1578947368421053,0.060698027314112446,0.08359133126934992,0.11455108359133126,-0.017160254636036654,0.10447761194029836,0.10864393338620149,0.038135593220339103,0.021428571428571352,0.037412763508166025
1996-09-30,0.019991186250550852,0.025688713239567562,-0.0008641119752230697,0.30184054221095535,0.07372667452908166,-0.05155187151179075,-0.03000681973175723,-0.03000681973175723,-0.02631578947368418,0.6296296296296295,-0.3051808288113499,0.22971114167812923,-0.5354582294264338,0.5526139410187667,0.49962256012078066,-0.15053763440860213,0.18140495867768602,0.10157367668097272,0.07428571428571429,-0.21666666666666679,-0.29174880315404117,0.10810810810810811,0.05257510729613735,0.10408163265306114,-0.006993006993006978,-0.21208128164227746
1996-12-31,-0.04009305698229504,-0.09426705575702632,-0.06928721892072409,-0.11243612955139815,0.029902685390490236,-0.12826979294466911,-0.5082024841809234,-0.5082024841809234,-0.5,0.6296296296296295,-0.34895287958115184,0.7086129753914989,1.1450260023485992,-2.4513274336283186,-0.4835322882209119,0.2724050632911392,-0.03602658272123116,0.020779220779220786,0.0292553191489362,0.18439716312056742,0.025049701789264578,0.08536585365853666,0.07305470608222908,-0.05360443622920519,0.07746478873239449,0.020420737611125617
1997-03-31,0.01899531018853673,0.044801564027370455,0.007788169159218095,0.05639970263458505,0.043277616641250294,0.00813170583380396,0.5434834405527758,0.5434834405527758,0.5135135135135136,0.6296296296296295,-1.6315507304650851,0.05531914893617018,-1.2667657294803112,-0.5633551457465794,-0.40879977722082983,-0.02506963788300831,0.0341074020319303,0.0992366412213741,0.043927648578811374,-0.05239520958083832,-0.04111714507370068,0.0898876404494382,0.023749208359721274,0.087890625,0.013071895424836555,-0.010954886569481515
1997-06-30,0.007842592163585627,0.022312206221370534,-0.03444041739320958,-0.03185637170344047,0.09633996044749749,0.24942908110064543,0.8414634146341464,0.8414634146341464,0.23214285714285698,0.6296296296296295,-2.6737054329371817,-0.169044665012407,-3.048959249486954,-0.8526907356948229,-0.10186057465850207,0.11591836734693883,0.04771929824561405,0.10995370370370372,0.0965346534653464,0.06951026856240117,0.023867313915857613,0.07216494845360821,0.08784410763996298,0.10053859964093359,0.012903225806451646,0.05590441304727012
1997-09-30,0.013856027264591564,0.025215067540359515,-0.01378534385356145,0.010238363280176577,0.06480763365430708,-0.07621478083939714,-0.20186101098164133,-0.20186101098164133,-0.20289855072463758,0.6296296296296295,-0.004120966208077115,0.2049272116461367,-0.5045786235512949,-7.378034682080925,0.7233512521305887,-0.12655449890270665,-0.02612190221031474,0.03232533889468203,0.06546275395033851,-0.20384047267355987,-0.21532990912682737,0.0769230769230771,0.05032698322433893,0.027732463295269127,0.0,0.01486743206409491
1997-12-31,0.1981922885083358,0.03918474030379415,0.283477060394127,0.49879788708913186,0.05258936755270405,0.12668831896069,-0.10776178972796979,-0.10776178972796979,-0.09090909090909094,0.6296296296296295,0.3706391647568119,19.582094175960346,-7.296173285198556,-1.2276599601232554,-0.09555690809494821,-0.054857621440535964,0.0653370013755159,0.06868686868686869,0.05084745762711873,-0.11317254174397018,-0.08358509566968786,0.06249999999999978,-0.12154845695722793,0.058730158730158744,0.01273885350318471,-0.30666558150891177
1998-03-31,0.10166310095668663,0.26835536985623576,0.12138188608776845,-0.13073437463410065,0.06061359996268023,0.021444239014466238,0.09911712772218961,0.09911712772218961,0.08000000000000007,0.6296296296296295,-1.9850905712958662,-0.9394933698580653,-0.44829247035618447,-0.07165605095541405,-0.09808209959623149,0.023039432875498367,0.010329244673983107,-0.003780718336484079,0.06048387096774199,-0.025104602510460317,-0.09945054945054943,0.0672268907563025,-0.037288135593220306,0.008995502248875686,-0.012578616352201255,0.4590914426575887
1998-06-30,0.0006160342963925647,-0.005385607316623853,-0.043923397169025824,0.009637596729547893,0.09864823258609823,0.22551074030582785,0.6502088465245797,0.6502088465245797,0.6481481481481481,0.6296296296296295,-2.5116224244424536,0.13358208955223883,-1.9413427561837455,-5.165523156089193,0.45299384443200896,0.22563880467734965,0.01757188498402562,0.014231499051233332,0.09885931558935379,0.15450643776824036,0.13605857230018303,0.0551181102362206,0.09795134443021758,0.011887072808320909,0.0,-0.014883346741753845
1998-09-30,-0.014702482989382815,-0.02293922820473715,-0.06837895646236702,-0.02346710069907676,0.08810910716549558,-0.025812735906489692,-0.01330477673935615,-0.01330477673935615,-0.011235955056179803,-0.011363636363636354,-0.30034310667498443,-1.1143296028088654,0.27013778484366724,-2.192505661931233,-0.3717825277617305,-0.21802120141342762,0.05274725274725278,0.06641721234798892,0.08823529411764697,-0.28810408921933084,-0.27819548872180455,0.05970149253731338,0.10437317784256583,0.04992657856093974,0.01273885350318471,0.000571661902817544
1998-12-31,0.1173146206002662,0.06420570804132453,0.15341786540928015,0.3532795059906826,0.05810787608231749,-0.08836938860903254,-0.2480431493784122,-0.2480431493784122,-0.25,-0.26436781609195403,0.049083857161963396,-98.04798464491363,-1.9681860853238762,-1.1372582872928176,0.08123020333094932,0.04021690013556256,-0.014315538323888988,0.009649122807017463,0.05723370429252794,-0.044386422976501305,-0.07886904761904756,0.04929577464788748,-0.05306230200633577,0.03356643356643363,-0.018867924528301883,-0.2135977799542932
1999-03-31,0.1148428112279476,0.10410892878660083,0.14566461995318702,0.07568446131481177,0.059744308961936055,0.09792502429050853,0.0871238628411477,0.0871238628411477,-0.2727272727272728,-0.2656250000000001,-0.6094254631990481,-0.20189074799256357,0.25084392731451555,3.6138364779874212,0.3466263466263466,0.18462206776715906,-0.013615733736762503,0.004344048653344812,0.05864661654135328,0.12021857923497259,0.1276252019386106,0.05369127516778538,-0.04934485642598274,0.016238159675237007,-0.012820512820512886,0.026362221069019087
1999-06-30,0.023593253209760245,-0.033395176252319136,-0.01796012382779566,-0.015832496504087135,0.1038985896391249,0.22885731504052909,0.688606372706791,0.688606372706791,0.6875000000000002,0.7021276595744683,4.689370035904689,-0.34095752589582196,-1.8180643679480921,-1.7663576881134133,-0.1972631578947368,0.2651265126512652,0.022699386503067354,0.040657439446366794,0.10369318181818166,0.19512195121951237,0.19770773638968464,0.04458598726114649,0.07829912023460417,0.04926764314247656,-0.006493506493506551,-0.017797552836484987
1999-09-30,-0.03534660698442538,-0.07107618145313699,-0.10677228156416851,-0.04477619056700932,0.08745169919746365,-0.05497874897279342,-0.07662251024492517,-0.07662251024492517,-0.07407407407407418,-0.07500000000000007,-0.3885372243789562,-1.0672682835119383,0.22229241243770614,-0.6257559587335468,-0.09196608095113212,0.10608695652173905,-0.008098380323935173,0.019118869492934287,0.08751608751608742,0.0020408163265306367,0.0023923444976077235,0.04878048780487809,0.12754963285286913,0.02918781725888331,-0.013071895424836666,-0.027591887161536155
1999-12-31,0.0013880888754591592,0.009332459626278933,-0.038478412346125035,-0.05507110376807545,0.05768678848177555,-0.15351242180852553,-0.2779440602745381,-0.2779440602745381,-0.29333333333333333,-0.3648648648648649,-0.6899042972415087,-3.378982671883734,-0.8297059836912829,-0.7243346007604563,-0.02791951477808796,-0.19234800838574417,-0.034169942546114274,0.015497553017944421,0.053254437869822535,-0.2566191446028514,-0.24522673031026254,0.04651162790697683,0.05619874577906403,0.022194821208384674,-0.0066225165562914245,0.0681842244573847
2000-03-31,0.12328756789378392,0.21891852270704404,0.2524222985667508,0.38856783654150906,-0.04249362552546343,0.11558471683732652,0.06582332761578047,0.06582332761578047,0.09433962264150941,0.21276595744680837,-0.8878466969238528,7.354088345864662,-8.18175687067948,-29.075862068965517,0.8063781321184511,-0.07235561323815709,-0.009705698184095168,0.009638554216867545,0.011235955056179803,-0.1205479452054794,-0.08853754940711467,0.03888888888888897,-0.1477506279972597,0.014475271411338975,-0.00666666666666671,-0.12211319258598463
2000-06-30,0.036189667098715184,0.024320156693627082,0.05328393633037054,0.07609932018853649,0.007485043407853942,0.1846477548393486,0.5158586468182123,0.5158586468182123,0.5689655172413794,0.5964912280701757,20.52338129496403,-0.4313598649978906,-1.2711116328207537,-1.9648734954556621,-0.43072536871539013,0.07799930045470438,-0.0015807777426494196,-0.007159904534606354,0.010000000000000009,0.06542056074766345,0.03642671292280997,0.04278074866310155,-0.027599142550911004,0.00832342449464929,-0.01342281879194629,-0.04821045500733889
2000-09-30,-0.04126435794525629,-0.09636730363605106,-0.09029916605839883,-0.12403180248240364,0.0448177020547027,-0.11885309272965106,-0.45598513668937446,-0.45598513668937446,-0.4505494505494506,-0.4505494505494506,0.8547672766775298,-0.9037491344346622,2.421804641496363,-1.3695264765784114,0.2795916401810652,-0.19078520441271896,-0.11431285623812548,-0.12419871794871795,0.04510451045104502,-0.19883040935672502,-0.22426778242677825,0.03589743589743599,0.0898319096169744,-0.09669811320754718,-0.027210884353741527,0.031672597864768726
2000-12-31,0.08590501943552487,0.03719395615614496,0.1427864507615575,-0.033480503337557366,-0.0010384082867544997,0.04885533111687623,-0.15018702228004555,-0.15018702228004555,-0.14,-0.18000000000000005,-1.143967381510182,25.371017471736895,-2.479792483866886,-0.7599035480537375,0.05246123739274422,-0.024057738572574205,-0.05720414730067935,-0.09881061299176574,-0.002105263157894721,-0.06569343065693434,0.07119741100323629,0.03960396039603964,-0.0801517067003793,-0.09921671018276756,0.0,0.07312866505691606
2001-03-31,-0.0011641479775262864,-0.027377218610602827,-0.02188320314315695,-0.050173284897072956,0.03506452951417849,0.03709280662723602,-0.055592766242464786,-0.055592766242464786,-0.04651162790697683,-0.024390243902438935,-2.733218588640275,-0.895923457656183,-1.1958306255771796,-9.317073170731707,-0.4145748408782093,0.10805258833196385,-0.10276829730754644,-0.10050761421319798,0.05168776371308015,0.109375,0.1359516616314198,0.03809523809523818,0.03628367234744356,-0.11159420289855082,0.006993006993007089,0.024000857173470447
2001-06-30,0.742163226765475,0.8065118589802565,1.1691828240990856,0.34268971398929104,0.03657125381251913,0.3003387820414998,0.4803444782168187,0.4803444782168187,0.46341463414634143,0.4999999999999998,1.8503204838855285,52.287212132559446,-25.02558728495328,-4.804381576677592,2.694111898363059,-0.039673711531331146,-0.16863905325443784,-0.28781038374717827,0.03610832497492478,-0.08450704225352101,0.034574468085106336,0.0,-0.40503978779840855,-0.19738988580750405,-0.11111111111111105,0.3454012765512191
2001-09-30,0.01870691867999774,0.0071247778281395835,0.007073888990100086,0.13878275332567203,0.058931882064469754,0.009311480247054416,-0.14865512285264526,-0.14865512285264526,-0.1499999999999999,-0.1499999999999999,0.35657048744180164,-0.9584620195567923,-1.0802240501313987,-0.5876484991384783,0.3007275132275131,0.0019305019305020377,-0.028978139298424077,-0.15213946117274169,0.05905130687318483,-0.034615384615384714,0.1645244215938304,0.0,0.03967900133749436,-0.08333333333333337,-0.07031250000000011,-0.11564784569917563
2001-12-31,-0.05109108388461858,-0.16288254212261577,-0.06456539834144137,-0.1485099837557322,-0.006780975617102669,-0.04327748819810573,-0.30637511053943245,-0.30637511053943245,-0.2941176470588236,-0.33333333333333326,-0.5065723424622353,-0.7536795804432415,0.5348194463322913,-2.7322410380470643,-0.400493211979458,0.07591522157996167,-0.06701570680628277,-0.14392523364485976,-0.007312614259597838,0.015936254980079667,0.06990434142752022,0.10091743119266039,0.04674099485420258,-0.09534368070953436,-0.05882352941176461,-0.016885058482103643
2002-03-31,0.038596906770095085,0.1515026125826815,0.03358436850151225,0.13666215335577614,0.05412157167497478,0.0463949386077005,-0.2362076958738989,-0.2362076958738989,-0.2499999999999999,-0.20588235294117652,-1.0483107788397843,0.8070054945054945,-1.3030848708487084,-1.2435726528280329,0.16271574572749237,0.26181948424068757,-0.10325476992143656,-0.17248908296943222,0.06353591160221006,0.2705882352941178,0.3094910591471802,0.0,0.01474805407619817,-0.12745098039215697,-0.044642857142857206,0.013060202164773438
2002-06-30,0.051173779184127355,0.1751890486844625,0.0986682550659832,0.18812066481500733,-0.09305863229667133,0.14886591780185499,2.0471927162367223,2.0471927162367223,2.0740740740740735,2.0,-3.730656219392752,0.5646142151273281,-0.8802960942826532,-1.8292937190513423,-0.11605514625428548,0.11637808685779172,0.12765957446808507,0.11345646437994716,-0.09610389610389625,0.05246913580246915,0.20115546218487412,0.0,-0.13726281792490913,0.08426966292134841,0.01869158878504673,-0.0108609271523179
2002-09-30,0.3592686945113952,0.523299154989934,0.36425779039575246,0.20858929450974206,0.34091476833402723,0.18402680492771628,-0.2665703899208207,-0.2665703899208207,-0.3012048192771084,-0.2962962962962964,17.588952654232425,-1.7301105307907203,-40.05207485760781,-4.089252042740415,0.4055949826704077,-0.21383168065090252,-0.01942286348501665,-0.049763033175355575,0.2270114942528736,-0.13196480938416422,-0.29951902055094015,0.0,-0.01357042583060375,-0.0362694300518136,-0.00917431192660556,0.26039992858418115
2002-12-31,-0.01669431803374155,-0.051777137649413496,0.012862963340436018,-0.04756604901622086,-0.1273227824893841,-0.1483352686891949,-5.202946768060836,-5.202946768060836,-5.051724137931035,-5.1228070175438605,-0.209933238143017,-0.49243054400266184,0.0189186373580581,-1.61353001017294,-0.17703868960253621,-0.19307891332470895,-1.398981324278438,-1.374064837905237,-0.13192818110850912,-0.34121621621621623,-0.21722846441947574,0.1166666666666667,-0.11242884250474383,0.0,-0.04629629629629628,-0.004391245838940461
2003-03-31,0.004033293535127047,0.04433343016607849,0.008612270750260498,0.08519368025056573,-0.015858224759839334,0.08633357298967947,-1.0086428329106154,-1.0086428329106154,-1.0085106382978724,-1.0085106382978724,-0.39412885263517805,0.23434939364142915,-0.511175183526573,-1.8688443044271266,0.1869092206170857,-0.13106212424849695,0.2808510638297874,0.19333333333333336,-0.010791366906474753,0.0,0.0,0.0,-0.019775521111704886,0.0,-0.029126213592232997,-0.03770363519954467
2003-06-30,0.04325777841771683,0.08195396941651678,0.0412768580309022,0.06990498798088951,0.05207705682855024,0.14356982578819832,1.4542056074766356,1.4542056074766356,1.5,1.5,-1.0311189938729441,-1.7511949017525226,-0.7894582723279648,-2.708587786259542,-0.269060856498873,-0.06780442804428044,0.6334440753045403,0.5810055865921788,0.05181818181818176,-0.05641025641025632,0.0,0.0,0.00872410032715365,0.0,-0.020000000000000018,0.011310711909514382
2003-09-30,-0.027989409085571126,-0.05367975668860192,-0.03942003324366361,-0.11262994647804592,0.02237858358423872,-0.026290062255014957,4.482102056359482,4.482102056359482,4.4,4.4,-91.27331606217616,2.5471898197242844,4.988078680707331,-4.4838601586060545,1.2824192089466329,0.09896091044037614,0.1911864406779662,0.16254416961130747,0.016421780466724156,0.04347826086956519,0.0,0.0,0.051891891891891806,0.0,0.010204081632652962,0.06637426900584797
2003-12-31,0.03388149044928701,-0.06633323265765012,0.008358938752661693,0.1494346893901224,0.13954634792796372,-0.20528394640751313,-1.7636843567657683,-1.7636843567657683,-1.7777777777777777,-1.7777777777777777,-0.18015238696531832,-0.4018933731938217,1.1059128011148718,-1.3380782918149468,-0.18995550591753285,0.1945069788383611,-1.0637450199203187,-1.0668693009118542,0.13350340136054428,0.17708333333333326,0.0,0.10447761194029836,0.10174717368961983,-0.9381720430107527,-0.02020202020202022,-0.18768851110501783
2004-03-31,0.03980787266685093,0.09667708318822954,0.04849339458362767,0.0816508444235764,0.007988943571765716,0.22710789703432877,-2.049117700563944,-2.049117700563944,-2.0476190476190474,-2.0,-1.1459500140016803,0.6794401866044653,-1.1069672906031385,0.12840208629682315,-0.26461038961038963,0.15604975499434603,1.3571428571428572,1.4090909090909092,0.0075018754688671585,0.017699115044247815,17.813397129186605,0.0,-0.03031716417910446,1.391304347826087,0.0,0.013924050632911467
2004-06-30,0.022542688253518017,0.058333133394773196,0.019608015211350027,0.023323758524914195,0.03372571313914996,0.27775322587694795,1.6447026183457605,1.6447026183457605,1.5909090909090908,1.666666666666667,-1.0022784506535556,-1.4136904761904763,0.43644130210634846,-2.1666526598873856,0.41978892618464414,0.030648842517117636,1.4621212121212124,1.5283018867924527,0.03276247207743843,0.021739130434782705,-0.5812987453374026,0.0,0.010582010582010692,1.4363636363636365,0.030927835051546504,0.03420724094881389
2004-09-30,-0.0008735801489958561,-0.031187531921646472,-0.015661893600112498,-0.02899931565525593,0.05470995152828784,-0.06663283999604719,-0.16706005769735122,-0.16706005769735122,-0.17543859649122806,-0.1607142857142858,388.89473684210526,-2.452278177458034,-0.3193191140278917,-0.5904048408010374,0.12110498178952533,0.03543182537171763,0.17538461538461525,0.21641791044776104,0.050468637346791745,0.004255319148936065,-0.6008301275561855,0.0,0.05568776772965256,0.19402985074626855,0.020000000000000018,-0.002253339771446927
2004-12-31,0.09329057250817652,0.16443999691670697,0.026837397331343604,0.113795998607499,0.32639712497955187,0.0891073788198693,-0.5737562972292192,-0.5737562972292192,-0.5957446808510638,-0.5957446808510638,6.8125,0.3193527080581242,9.462187405845134,20.76890608512135,2.3515397914014855,0.1051023525817294,0.25,0.33742331288343563,0.18805765271105002,0.05084745762711873,-0.10930763378138475,0.09459459459459474,0.21325518485121742,0.24375000000000013,0.06862745098039214,0.04541055008872408
2005-03-31,-0.03144332142545958,-0.041039716960947326,-0.03314275333574135,-0.054856897714040564,-0.02682833297040632,0.0037482660764160958,0.19150507848568799,0.19150507848568799,0.1578947368421053,0.10526315789473673,-1.7171144708423327,-0.34418022528160197,-1.852421955995853,-1.8690235744639598,-0.6097327324773971,0.06303566491567603,-0.06596858638743452,-0.004587155963302725,-0.0300404390525707,-0.10483870967741926,-0.2343394077448746,0.021604938271604812,0.004830917874395935,-0.04020100502512569,0.04587155963302725,0.014659362703494994
2005-06-30,0.011884280075758591,0.04022592490782673,0.01077062639174109,0.02249074368268511,0.01488890253006403,0.14885671767994801,2.7283013019218845,2.7283013019218845,2.6363636363636367,2.7142857142857144,-1.3152061296773727,1.0551526717557254,-1.0009290697477997,-1.0068609040031236,0.01071910993623737,0.021586475942782846,0.1311659192825112,0.20276497695852536,0.013698630136986356,0.054054054054053946,0.0215693566381554,0.02114803625377637,0.002958579881656931,0.16753926701570698,0.026315789473684292,0.01733708463234751
2005-09-30,0.011504982529000563,0.033859239983125455,0.0010565090761753826,0.01973999207292909,0.03958043104154707,-0.08418673795439036,-0.2890875077946373,-0.2890875077946373,-0.2875000000000001,-0.2948717948717948,3.684834123222749,0.07252298263534218,23.6,67.78590785907859,0.7295040740368173,0.17031568228105898,0.015857284440039532,0.06896551724137923,0.03466509988249111,0.15384615384615397,0.014197306152166078,0.020710059171597628,0.02765486725663724,0.053811659192825045,0.017094017094017033,0.013827640331863345
2005-12-31,0.026332448138684628,0.09276645397037542,0.028881528935930767,0.07315442606587985,0.019736792714878826,-0.05220449874582456,0.06379743874627208,0.06379743874627208,0.03508771929824572,0.0181818181818183,0.20539429242743168,-2.3825974025974026,13.537324464153732,1.1503427625876603,0.9070136517353409,0.08222753969980423,0.22634146341463435,0.23655913978494625,0.014764338444065883,0.04814814814814805,0.032304379038047504,0.020289855072463725,-0.006099748833871654,0.24255319148936172,-0.008403361344537785,0.01828369212621639
2006-03-31,0.057612562487989294,0.1062710369284956,0.05227611285284128,0.09959522146919819,0.07154426055715879,0.18224503288994476,0.6325857519788918,0.6325857519788918,-0.1694915254237288,-0.14285714285714302,-1.1055837563451776,-2.302523639551631,-0.8779805785754232,-1.2299377061194576,-0.10941087790999127,0.4576884422110552,0.305489260143198,0.3159420289855073,0.06435366536094,0.4346289752650174,0.20062586926286508,0.019886363636363535,0.012996389891696936,0.29794520547945225,0.016949152542372836,0.006081668114682914
2006-06-30,0.006121071910545561,-0.027211529344837393,-0.029076778775291467,0.08366271409749682,0.0963586396427345,0.17883096366508688,0.42087542087542085,0.42087542087542085,0.40816326530612246,0.3958333333333335,-7.051282051282051,1.2548076923076925,-50.791666666666664,3.661354581673307,-0.5724070450097847,0.2415885273028131,0.13772090188909214,0.17621145374449343,0.08990536277602534,0.1650246305418721,-0.08514335360556047,0.019498607242339983,0.08980755523877404,0.13984168865435342,0.025000000000000133,-0.1023316062176165
2006-09-30,0.01724550898203603,0.0337231968810916,-0.014628760695556187,0.016170212765957537,0.08961303462321801,0.04395604395604402,0.1943127962085307,0.1943127962085307,0.18840579710144922,0.19402985074626855,0.896186440677966,-0.6972281449893389,-0.5623430962343097,-1.2025641025641025,0.27116704805492,-0.09129275877387844,0.223888591322978,0.2752808988764044,0.08924264351181854,-0.16490486257928128,-0.2405824628046851,0.0191256830601092,0.07096141268803136,0.20833333333333326,0.0650406504065042,0.017316017316017396
2006-12-31,0.04520838238756775,0.07740901376579301,0.011904761904761862,0.11916726489590812,0.11358734723220709,-0.005006418485237529,-0.12896825396825395,-0.12896825396825395,-0.13414634146341464,-0.1875,0.8458100558659218,1.7253521126760565,0.26195028680688326,1.6413502109704643,0.5634563456345634,0.31117086286971407,0.08140043763676141,0.14831130690161554,0.10407440212577512,0.20253164556962022,0.002501042100875539,0.02144772117962468,0.06564885496183193,0.08620689655172398,0.05343511450381677,-0.037352245862884215
2007-03-31,0.05834647443117813,0.09678830839240393,0.04408304498269899,0.07964507162711132,0.08495803744351194,0.11224358147335822,0.4601366742596811,0.4601366742596811,0.45070422535211274,0.5538461538461539,-1.2439467312348669,-0.3798449612403101,-1.4393939393939394,-1.5367412140575079,-0.1934369602763385,0.0870618941088741,0.10117361392148938,0.16879795396419417,0.08102687525070196,-0.01473684210526327,-0.06735966735966736,0.018372703412073532,0.0249283667621778,0.11816578483245155,0.04347826086956519,0.015880812049770654
2007-06-30,0.03346104725415078,0.048033192372137545,-0.025783787366607025,-0.029705911476383795,0.1398310127335476,0.18153346479526733,0.5210608424336973,0.5210608424336973,0.5145631067961165,0.5148514851485149,-1.347394540942928,-0.4541666666666667,-1.5689655172413794,-0.5833333333333333,-0.0999286224125625,0.2630766592351226,0.1510474090407936,0.2275711159737417,0.13320964749536168,0.16880341880341887,0.04904146232724038,0.01804123711340222,0.10287950796757062,0.17507886435331232,0.04861111111111116,0.08009669621273185
2007-09-30,0.06710331191300045,0.04598401218119519,0.04231868281398832,0.05765894479028466,0.10513677176863645,-0.01217357156881993,-0.22153846153846157,-0.22153846153846157,-0.608974358974359,-0.6143790849673203,2.9857142857142858,5.702290076335878,-1.303030303030303,0.5928571428571427,-0.17684377478191915,0.05797691785471826,-0.010217113665389466,0.04634581105169344,0.10379829731499668,-0.06764168190127973,-0.16999575010624735,0.020253164556962133,0.03574144486692021,0.0308724832214764,0.013245033112582849,-0.011041480155177696
2007-12-31,0.1073923952904845,0.14680835577552953,-0.008616187989556101,0.03685835584716335,0.2752952290977799,0.11121049493142521,0.30698287220026343,0.30698287220026343,0.3114754098360657,0.27118644067796627,2.738351254480287,-0.2984054669703873,21.08,-12.663677130044842,2.505780346820809,0.14206878850102655,0.032903225806451664,0.12095400340715501,0.23346188074755259,0.03529411764705892,0.042498719918074634,0.01985111662531014,0.15173764072442486,0.09505208333333326,0.026143790849673332,0.10606517803258897
2008-03-31,0.10335692125352947,0.13499619192688495,0.09711614432446658,0.13512004466778338,0.11037854655900436,-0.036848224666845564,0.035282258064516236,0.035282258064516236,-0.012499999999999956,0.040000000000000036,-0.9434324065196549,-0.7467532467532467,-1.1992753623188406,-1.0626682045367166,-0.044792525419071194,-0.11259692100235974,-0.03622735790131171,0.03191489361702127,0.10918710918710928,-0.2803030303030304,-0.2568762278978388,0.019464720194647178,0.006374840628984302,0.05707491082045202,-0.02547770700636942,-6.820351930159063e-05
2008-06-30,0.05108681915834712,0.07073757199575015,0.011642561363500059,0.018855550090178808,0.09493628661018083,0.2120902590769802,0.30379746835443044,0.30379746835443044,0.30379746835443044,0.29487179487179493,11.09322033898305,2.5384615384615383,-0.09090909090909094,-5.196319018404908,0.19677790563866515,-0.033936938077751,-0.03823720025923516,0.014727540500736325,0.09258456201214238,-0.1289473684210526,-0.1262392597488433,0.01909307875894961,0.04159628378378377,0.028121484814398023,-0.013071895424836666,0.05088329581883899
2008-09-30,0.014788541885839779,0.030238144975976544,0.07652607225484953,0.11272932088831666,-0.04862295881062639,-0.1520723205393396,-1.1949215832710978,-1.1949215832710978,-1.1941747572815533,-1.198019801980198,-1.033637000700771,-0.3242753623188406,-1.54,-1.5789473684210527,-0.08798076923076925,-0.3837986629964609,-0.3103099730458222,-0.29390420899854863,-0.049216114308394565,-0.43504531722054374,-0.4319213313161876,0.0187353629976581,-0.062436651125076015,-0.2647702407002188,-0.039735099337748325,-0.07412215226844932
2008-12-31,0.7965700068125945,0.08191818320068944,1.626108998732573,0.17007737363511466,-0.1675419495324708,-0.08384531984098298,7.4750957854406135,7.4750957854406135,7.449999999999999,7.449999999999999,-34.1875,61.120643431635386,180.30555555555554,4.212121212121212,-0.5440168687401159,-0.564773452456924,-1.034684904738642,-1.027749229188078,-0.16760592778125638,-0.5454545454545454,-0.4181091877496671,0.01839080459770126,-0.5366486486486487,0.0,-0.2206896551724138,-0.07535927094286721
2009-03-31,-0.14848155109308536,-0.07576254509675306,-0.04054054054054057,-0.0949879488288734,-0.5448530543160486,0.013412228796844117,1.971518987341772,1.971518987341772,1.9822485207100593,1.9822485207100593,-1.2146892655367232,-0.9908074748608174,-0.9805934324089679,-0.9079457364341086,-0.10982658959537572,-0.3836754643206257,84.2394366197183,62.666666666666664,-0.5448846539618857,-0.2588235294117647,0.0,0.018058690744920947,-0.4657022865142323,0.0,-0.12389380530973448,0.021228203184230576
2009-06-30,-0.06412639405204457,-0.11933488796512215,-0.07505904995188517,-0.10509423654739147,0.021467207572684277,0.007006617360840739,-0.9713981439221056,-0.9713981439221056,-0.9722222222222222,-0.9722222222222222,-1.476608187134503,-6.990610328638498,-5.768421052631579,0.7894736842105263,-0.22077922077922074,-0.10864393338620137,0.5042961004626572,0.10529377545084362,0.020385674931129527,0.9682539682539681,0.0,0.017738359201773912,0.09170305676855883,0.0,-0.13131313131313127,-0.015887156644394995
2009-09-30,-0.03899784839457132,-0.08571264103154497,-0.05341435732526245,-0.07500953834414348,0.06437200066192283,-0.14814456899884032,0.02127659574468077,0.02127659574468077,0.0,0.0,11.134969325153374,-1.1481191222570533,-0.20419426048565126,-2.1323529411764706,0.3208333333333333,0.32028469750889665,0.0,-0.06842105263157905,0.06371490280777525,0.2903225806451615,0.0,0.017429193899782147,0.1080000000000001,0.0,-0.11627906976744184,-0.011541943270971577
2009-12-31,-0.07887881853996681,-0.2067619467355034,-0.08288162266130439,-0.05774624649397786,-0.054881840796019876,-0.04855360181508794,-0.40625,-0.40625,-0.3571428571428572,-0.3571428571428572,-0.19767441860465118,-1.3968253968253967,0.5194174757281553,-2.3688311688311687,-0.3324921135646688,0.332210242587601,0.0,-0.15593220338983038,-0.055837563451776595,0.25624999999999987,0.0,0.017130620985010614,0.025992779783393427,0.0,0.05263157894736836,-0.1582080439593987
2010-03-31,0.011522191319793373,0.08595920311135807,0.030205638022606562,0.01882332341096138,-0.10067445303503864,-0.13926314534398476,1.0350877192982457,1.0350877192982457,1.0,1.0,-1.44234404536862,-1.96,-1.3354632587859425,-0.8747628083491461,-0.03780718336483935,0.24582701062215473,-0.8672012302284711,-0.892235609103079,-0.10430107526881727,0.3184079601990051,0.0,0.0,-0.11118930330752996,0.0,-0.03749999999999998,0.06591115140525838
2010-06-30,-0.020147874306839175,-0.0072357842420698315,-0.013827199661590517,-0.0031795136203488505,-0.06237424547283699,0.21415708546890144,-1.6077586206896552,-1.6077586206896552,-1.6111111111111112,-1.6111111111111112,-2.183760683760684,-0.29166666666666663,-1.8217687074829931,-3.393939393939394,0.12966601178781922,0.036134794965489325,-0.43176178660049624,-0.4347826086956521,-0.062424969987995294,0.15471698113207544,0.0,0.0,-0.04275534441805229,0.0,-0.012987012987012991,-0.0040826741515691545
2010-09-30,0.006343142803244772,0.006184200839284504,-0.00898099246668993,0.014655172413793105,0.11958642216152948,0.0014831717056473792,-0.900709219858156,-0.900709219858156,-0.9090909090909091,-0.9090909090909091,-0.5270758122743682,-0.3137254901960784,-0.3129139072847682,-1.1139240506329113,-0.01565217391304352,-0.18730407523510972,-0.5036390101892285,-0.5054945054945055,0.11907810499359806,-0.130718954248366,0.0,0.0,0.11248966087675782,0.0,0.013157894736842035,-0.008284225809206625
2010-12-31,-0.0605478360709516,-0.15080119997073238,-0.04485202618622519,-0.1287170773152082,-0.16030667363652207,-0.24185463659147866,-47.92857142857143,-47.92857142857143,-51.0,-51.0,2.9974554707379135,1.6,3.240963855421687,14.555555555555555,-0.2606007067137809,0.16104146576663458,3.070381231671555,2.8666666666666667,-0.16075514874141883,0.037593984962405846,0.0,0.06736842105263174,-0.10631970260223056,0.0,-0.025974025974025983,-0.02540475370306583
2011-03-31,-0.00027436210809872463,0.10666896432879547,0.002690608360711444,0.04193076548025343,-0.020128657397800342,0.10022539444027045,-0.20243531202435316,-0.20243531202435316,-0.19999999999999996,-0.19999999999999996,-1.9872692552514322,-15.989010989010989,-1.0386363636363636,-0.5964285714285714,-0.13500597371565115,0.45016611295681086,0.44884726224783855,0.4252873563218391,-0.023176550783912786,0.7246376811594204,0.0,0.0,-0.019966722129783676,0.0,0.01333333333333342,0.062207298754086704
2011-06-30,0.036425328077441144,0.11834319526627213,0.03488404937434675,0.08067384183434712,0.04997882253282504,0.29718656104889374,-1.0515267175572518,-1.0515267175572518,-1.05,-1.05,-0.7788523533204385,-1.063049853372434,6.544117647058823,-1.7699115044247788,0.12016574585635365,0.08877434135166107,0.12033814022874201,0.11693548387096775,0.04954640614096295,0.11554621848739499,0.0,0.0,0.012733446519524572,0.0,0.026315789473684292,0.03485566924548711
2011-09-30,0.00570506956814798,0.010582010582010692,0.010944920574267103,0.027886031003723888,-0.028842275110931848,-0.01516108654453574,7.0,7.777777777777779,8.0,8.0,-1.131195335276968,0.22093023255813948,-0.6510721247563354,0.034482758620689724,0.11097410604192359,-0.34902682798527096,-0.15712383488681747,-0.1732851985559566,-0.029255319148936088,-0.3804143126177024,0.0,0.0,-0.03436714165968158,0.0,0.025641025641025772,-0.01688102893890686
2011-12-31,-0.050910744632470806,-0.1459079636263434,-0.057290963578930265,-0.06934029825596089,0.003946002076843147,0.10594398118451998,-0.48611111111111116,-0.5316455696202531,-0.33333333333333337,-0.38888888888888884,43.55555555555556,0.8,-12.279329608938548,-3.388888888888889,-0.23862375138734737,-0.2581818181818182,-0.8378093733543971,-0.8165938864628821,0.004109589041095818,-0.23404255319148937,0.0,0.06311637080867838,0.0581597222222221,0.0,0.125,-0.08225674570727703
2012-03-31,0.037955210329869926,0.12485884820132287,0.036142853051522206,-0.0049791779829803096,0.05419942076954909,-0.16858385693571776,-1.1621621621621623,-0.990990990990991,-1.0,-1.0,-1.6478802992518702,-0.25396825396825395,-1.7181773155027242,-1.1023255813953488,0.03206997084548102,0.4389978213507626,-3.4772727272727275,-2.9523809523809526,0.05184174624829474,0.4285714285714286,0.0,0.0,0.015586546349466879,-0.8526785714285714,0.022222222222222143,0.13052387740555949
2012-06-30,-0.0009718881356756137,0.020077441560304,-0.0012714558169103496,0.00709671549449542,0.005690737833595083,0.16951517265434246,-23.333333333333332,424.0,inf,inf,-1.0623556581986142,0.6666666666666667,-0.9772413793103448,-7.363636363636363,-0.19774011299435024,-0.06472369417108259,1.0419397116644822,1.1219512195121948,0.004539559014267169,-0.11111111111111105,8.118993135011442,0.0,0.00646203554119551,1.0404040404040402,0.021739130434782483,0.012845771928442051
2012-09-30,0.03490040615803691,0.05475889216926744,0.01998173414883908,0.04200921492456411,0.1439999999999999,-0.049905557212446605,-0.5099502487562189,-0.4776470588235294,-0.48484848484848486,-0.46875,5.283950617283951,-0.3659574468085106,-9.030303030303031,-1.8214285714285714,0.20246478873239426,0.025495750708215192,-0.06867779204107827,-0.03448275862068961,0.14267269205939304,0.021874999999999867,-0.47879548306148056,0.0,0.10593900481540941,-0.024752475247524774,0.0,0.012215997510115262
2012-12-31,-0.04650780221846207,-0.11496167944018665,-0.05684439017772347,-0.006502514305531504,0.023878560463926224,0.15653447734644765,0.751269035532995,0.6621621621621621,0.588235294117647,0.588235294117647,3.581532416502947,0.5436241610738255,6.735849056603773,-0.5565217391304348,0.07467057101024888,0.1385161799526442,0.2694693314955203,0.3333333333333335,0.021468926553672274,-0.003058103975535187,0.15743861338468945,0.05936920222634523,0.07402031930333819,0.31472081218274117,0.010638297872340496,-0.10915520024598346
2013-03-31,0.016045153180686667,0.08998493975903621,0.018987341772152,-0.049568025133083116,0.0023321672497085277,-0.18755089116077084,-0.6985507246376812,-0.7181571815718157,-0.7037037037037037,-0.7037037037037037,-1.4626929674099485,-1.7869565217391306,-1.5741463414634147,4.470588235294118,0.3801089918256131,0.29116117850953205,0.05700325732899025,0.1294642857142858,-0.0027654867256635685,0.2638036809815951,0.01955074875208007,0.0,-0.013513513513513709,0.08880308880308885,0.010526315789473717,0.14686340495297245
2013-06-30,0.0069862216184746195,0.007599309153713207,-0.00861095426312819,0.0192819759434395,0.1037061658633871,0.16547884187082396,4.538461538461538,4.538461538461538,4.375,4.25,-1.4207599629286376,-2.386740331491713,-1.2370433305012745,-1.3440860215053765,-0.09476801579466931,0.011543624161073796,0.06471494607087824,0.16600790513833985,0.103161397670549,0.014563106796116498,-0.08486332109343131,0.0,0.09589041095890427,0.12411347517730498,0.01041666666666674,-0.011511549168610191
2013-09-30,0.0038302177683562366,0.0027425437092902794,-0.01677345863591062,0.03134852715971537,0.11609697334738733,-0.030670743359449637,-0.08159722222222221,-0.08159722222222221,-0.06976744186046502,-0.0714285714285714,1.5352422907488985,-0.019920318725099584,2.5017921146953404,-0.25,-0.07851690294438385,0.056263269639065694,0.16787264833574533,0.2779661016949153,0.1156359979889392,-0.04306220095693769,-0.056174765938475146,0.0,0.11187499999999995,0.22397476340694022,0.020618556701030855,-0.027705891307657216
2013-12-31,-0.04571524561445606,-0.13647863247863246,-0.07481318426692929,-0.017032055201327667,0.0462763086886131,0.07343518974864471,-0.1172022684310019,-0.6049149338374291,-0.6000000000000001,-0.5897435897435898,1.3501303214596003,1.0569105691056913,1.5435005117707266,3.083333333333333,-0.35029585798816565,0.05025125628140703,-0.15819909128459309,0.08222811671087538,0.04191077061739512,-0.057499999999999996,-0.14879546528105814,0.05604203152364273,0.09612141652613837,-0.09793814432989689,0.0,-0.12149679035540939
2014-03-31,0.03573404415832626,0.13730303270251,0.040760103935134406,-0.12564421539008352,0.02411347517730489,-0.21946740128558306,-1.1884368308351179,-1.4210526315789473,-1.4375,-1.375,-2.003327171903882,-0.42885375494071143,-2.3058350100603624,-1.8129251700680271,0.43533697632058277,0.3272727272727274,-0.19136408243375858,-0.11274509803921573,0.016435986159169413,0.273209549071618,0.4661487236403996,0.0,-0.011282051282051286,-0.12571428571428578,-0.02020202020202022,0.3007485296738548
2014-06-30,0.016777138417461757,0.03884982246048874,0.005384268311024121,0.06432926829268282,0.06446738856711165,0.19152941176470595,-6.295454545454546,-6.295454545454546,-5.999999999999999,-6.666666666666667,-1.2660280029476787,-0.40484429065743943,-1.0933744221879815,0.03347280334728042,0.3134517766497462,0.08741888968997835,-0.14199029126213591,-0.07734806629834268,0.06340425531914895,0.06875000000000009,0.25473126419379244,0.0,0.04719917012448138,-0.08169934640522869,-0.010309278350515427,-0.023977529629375827
2014-09-30,-0.02624289603132912,-0.0457073922659339,-0.04137745332695064,-0.0419173111811324,0.03359356517624801,-0.026165086887835698,0.5686695278969958,0.5686695278969958,0.5428571428571431,0.5588235294117647,-0.17174515235457066,-0.08139534883720934,1.3465346534653464,-2.1619433198380564,-0.27729468599033813,-0.056522459804409064,0.13366336633663356,0.15269461077844304,0.03201280512204896,-0.11111111111111116,0.03438914027149331,0.0,0.061416542842991584,0.19217081850533813,0.0,-0.0039306520671018585
2014-12-31,-0.06407709850658427,-0.1670061099796334,-0.06604038575575044,0.007873231014550619,-0.05687800411993593,0.051809794180269764,-0.5403556771545828,-0.5403556771545828,-0.5370370370370371,-0.5283018867924529,2.9749163879598663,0.37341772151898733,2.0815752461322083,-0.7630662020905923,-0.09090909090909094,-0.30428671820098385,0.08047411104179658,-0.07272727272727264,-0.05738658394726637,-0.32675438596491224,-0.4047827354913969,0.05306799336650081,0.0074661689220718586,0.11044776119402977,0.0,-0.1735607074906631
2015-03-31,7.860399308290411e-05,0.05488576005395829,0.02192147034252301,-0.07604073964204494,-0.07923795655867005,-0.2750144592249856,-1.25,-1.25,-1.24,-1.24,-1.5708876735380732,-0.5529953917050692,-1.689183021451392,-1.0294117647058822,0.002941176470588225,0.015404040404040309,0.013279445727482742,0.022408963585434094,-0.08309337721102428,0.07817589576547235,-0.07055365017148463,0.0,-0.07920333487725806,0.026881720430107503,-0.01041666666666663,0.1417121418826739
2015-06-30,0.007492991694830975,0.02349744245524299,-0.0038586050161865115,0.03820633561643838,0.053241960991038395,0.17723706953862517,-3.7738095238095237,-3.7738095238095237,-3.8333333333333335,-3.8333333333333335,-1.4089904200442152,0.17525773195876293,-1.313907284768212,-3.5,-0.007331378299120228,0.031086794329768797,-0.14871794871794863,-0.1424657534246574,0.05024674742036783,0.1238670694864048,0.03110173958882445,0.0,0.04527162977867216,-0.13089005235602091,-0.010526315789473717,-0.014115011202389782
2015-09-30,-0.010583799245871828,-0.0026550054661876876,-0.01030758625217476,-0.04030512318317703,-0.01163663663663661,-0.02473458323921396,-0.7939914163090129,-0.7939914163090129,-0.8235294117647058,-0.8235294117647058,-0.8864864864864865,0.00877192982456143,-1.2848101265822784,-16.0,0.1107828655834564,-0.17269657501205993,-0.5502008032128515,-0.5559105431309905,-0.011960700555318282,-0.2123655913978495,-0.014826175869120606,0.0,-0.0009624639076034613,-0.5451807228915663,-0.010638297872340274,0.039239451556700056
2015-12-31,-0.09353973927670312,-0.20638897588474792,-0.12786493747719663,-0.05091299677765848,0.03747309786048869,0.08257093225246082,8.125,8.125,10.000000000000002,9.666666666666668,26.285714285714285,-5.304347826086956,-18.037037037037038,-2.5733333333333333,-0.15691489361702127,-0.0752186588921282,0.19345238095238093,0.22302158273381312,0.035884133160397846,-0.06484641638225253,1.110534509600415,0.050393700787401574,0.1445086705202312,0.2251655629139071,-0.010752688172043001,-0.16386033967490332
2016-03-31,-0.47217953550407377,-0.11306235201262826,-0.5997185669734539,-0.4040289723856949,-0.0629652226967663,-0.5427899015832264,-5.657534246575342,-5.657534246575342,-5.515151515151515,-5.65625,-2.2222222222222223,-1.2464646464646465,-2.0630434782608695,-3.016949152542373,0.3753943217665616,-0.3253467843631779,-3.07356608478803,-3.4058823529411764,-0.06427378964941566,-0.34671532846715336,-0.42807966560118027,8.875562218890556,0.7752525252525253,0.0,0.04347826086956519,0.4882747798796967
2016-06-30,-0.02993847506042624,-0.054393770856507206,-0.03600950118764845,-0.08298518799848087,-0.02161739809871077,0.0708937763219466,-0.9759803921568627,-0.9759803921568627,-0.9731543624161074,-0.9731543624161074,-0.9219419324131366,0.12295081967213117,-1.0650306748466258,-2.9495798319327733,-0.5321100917431192,-0.5158878504672897,0.23211064341551402,0.4474327628361858,-0.025869759143621884,-0.4860335195530726,0.0,0.0,0.008534850640113723,0.0,0.03125,0.031162136832239895
2016-09-30,-0.09439945636785774,-0.07469709445947537,-0.038340232603981894,-0.0977428038931456,-0.17010515107147606,-0.23574393707668784,27.571428571428573,27.571428571428573,24.25,24.25,-0.8170731707317074,-0.3211678832116789,-1.9056603773584906,-1.0452586206896552,0.05147058823529416,-0.02413127413127414,1.0107369448511467,1.3868243243243246,-0.17719780219780223,0.010869565217391353,0.0,0.0,-0.08345086976962857,0.0,0.02020202020202011,0.02556237218813906
2016-12-31,-0.05090045022511258,-0.046910755148741434,-0.049605411499436314,-0.05255910029837041,-0.05292702485966316,0.08118925100057184,-0.8078571428571428,-0.8078571428571428,-0.801980198019802,-0.801980198019802,-20.066666666666666,-0.32258064516129037,-2.638888888888889,11.857142857142858,0.6293706293706294,-0.015825914935707286,0.3349514563106797,0.586694975230007,-0.06232609905397868,0.19354838709677424,0.0,0.0,-0.002308284175429609,0.0,-0.04950495049504955,0.005926664451091357
2017-03-31,-0.007840295164053268,-0.018940909697212183,0.008519357273805594,0.036094961240310086,-0.03353090601185438,-0.19143310417768378,0.3382899628252789,0.3382899628252789,0.30000000000000004,0.30000000000000004,-1.5681818181818183,-0.8412698412698413,-0.9661016949152542,-2.2518518518518515,-0.4835479256080114,0.28844221105527645,-0.40400000000000014,-0.4197145405887601,-0.03620178041543043,0.36936936936936937,0.0,0.0,-0.02570694087403602,0.0,-0.03124999999999989,-0.05308077749022633
2017-06-30,0.046351019323992215,0.06934058463630177,0.0474764756201882,0.07481879822305348,0.04450674610127914,0.290385873119686,-1.0138888888888888,-0.9972222222222222,-1.0,-1.0,-0.6276923076923078,3.3,-8.875,-0.7100591715976332,-0.2714681440443213,-0.07176287051482055,0.0405735204392923,0.003843197540353671,0.044334975369458185,-0.03289473684210531,0.0,0.0,-0.0018469656992083916,0.0,-0.010752688172043001,-0.005117171599697601
2017-09-30,0.004759789299993544,-0.011570247933884281,-0.024806043282972645,-0.038285838590385035,0.05334675390035226,0.012164216928535199,18.2,-97.0,inf,inf,-1.859504132231405,0.09302325581395343,-1.4603174603174602,-1.306122448979592,0.11406844106463887,0.23277310924369754,-0.7373204338903547,-0.7381316998468606,0.05247641509433976,0.1768707482993197,0.0,0.0,0.04837430610626492,0.0,0.04347826086956519,0.02776316558536429
2017-12-31,0.01553815058110164,0.028042191921790582,-0.02616978959489169,0.024655055417326377,0.07899347029781811,0.2055583375062593,2.6770833333333335,2.6770833333333335,13.571428571428571,12.857142857142856,9.778846153846153,1.4042553191489362,3.2413793103448274,28.966666666666665,3.068259385665529,-0.1370143149284253,-1.1584821428571428,-1.1754385964912282,0.07394957983193273,-0.17919075144508678,0.0,0.0,0.06253151790216838,-0.6972972972972973,0.05208333333333348,0.0032984531392175054
2018-03-31,0.022453041423062592,0.023523523523523604,0.032570138664946846,0.06909492273730677,0.00856088560885615,-0.19813084112149537,-1.28328611898017,-1.28328611898017,-1.2745098039215685,-1.288659793814433,-2.543264942016057,-14.141592920353983,-0.9349593495934959,-1.2625139043381535,-0.16610738255033553,0.38309636650868883,2.795774647887324,2.6833333333333336,0.003651538862806225,0.28873239436619724,6.169389509888219,0.0,-0.013526340768865608,2.7321428571428568,0.02970297029702973,-0.04262555265842871
2018-06-30,-0.0034065332441145513,0.03447432762836189,0.012179887570268555,0.0604996902746231,-0.02531830821015657,0.2828282828282829,-1.97,-1.97,-1.9642857142857144,-1.9642857142857144,-0.37572254335260113,-0.35757575757575755,-0.75,-0.3347457627118644,-0.15794768611670018,-0.2504283266704741,0.2467532467532465,0.24886877828054277,-0.02598752598752596,-0.2568306010928961,-0.837730870712401,0.0,-0.022131344719749868,0.21052631578947367,0.04807692307692313,-0.024511545293072867
2018-09-30,-0.029176585484953943,-0.03497991018671709,-0.061812197881312314,-0.09170560747663548,0.01846846846846839,-0.09125782354128809,0.18556701030927836,0.18556701030927836,0.18518518518518512,0.18518518518518512,0.4824074074074074,0.7693920335429769,4.5,-1.4394904458598727,0.08243727598566308,-0.06133333333333335,0.023809523809523947,0.03985507246376807,0.01707577374599789,-0.03676470588235292,-0.2657058388765705,0.0,0.04920049200492005,0.011857707509881577,0.02752293577981657,0.062454479242534555
2018-12-31,-0.030556428795976087,0.03220671075189818,0.03113352335014241,0.06452304394426589,-0.11351909184726527,0.1448566985114419,-7.808695652173913,-7.808695652173913,-7.875,-7.875,-0.5509056839475328,-0.2790284360189573,-1.7272727272727273,6.202898550724638,0.5485651214128036,-0.21834415584415579,-2.484011627906977,-2.456445993031359,-0.11385099685204603,-0.2290076335877863,-0.2425767488676397,0.0,-0.08558030480656498,0.0,0.02678571428571419,-0.030391316766638088
2019-03-31,0.05966664504831698,0.05386166805077708,0.12492026366149256,0.017519130084575174,-0.042408115749209996,-0.18882204541044056,-0.6590038314176245,-0.6590038314176245,-0.6590909090909092,-0.6590909090909092,2.717663421418637,0.041084634346754356,61.125,-2.837022132796781,-0.6507483962936564,-0.11266874350986511,0.3016650342801175,0.25119617224880386,-0.047365304914150475,0.0,0.0,0.0,-0.09641025641025647,0.0,0.01739130434782621,0.035762681906557514
