Quarter end,Assets,Current Assets,Liabilities,Current Liabilities,Shareholders equity,Revenue,Earnings,Earnings available for common stockholders,EPS basic,EPS diluted,Cash from operating activities,Cash from investing activities,Cash from financing activities,Cash change during period,Cash at end of period,Price,ROE,ROA,Book value of equity per share,P/B ratio,P/E ratio,Cumulative dividends per share,Equity to assets ratio,Net margin,Asset turnover,Current ratio
1993-12-31,0.011117827392191026,0.03554689586207016,0.02740597289619018,0.029927875588418473,-0.001494661921708218,0.061682119755127385,0.16160081053698083,0.16160081053698083,0.15094339622641506,0.40000000000000013,-0.8694091528401192,0.15057732140496238,-0.22852306390181976,-2.820091586750724,0.34481855195609845,-0.0336763330215154,-0.08343125734430079,-0.3258145363408521,-0.0014662756598241566,0.04635761589403975,0.02056698165647597,inf,-0.012420156139105742,-0.07794361525704818,-0.012658227848101222,0.005473204104903262
1994-03-31,0.011117827392191026,0.03554689586207016,0.02740597289619018,0.029927875588418473,-0.001494661921708218,0.061682119755127385,0.16160081053698083,0.16160081053698083,0.15094339622641506,0.40000000000000013,-0.8694091528401192,0.15057732140496238,-0.22852306390181976,-2.820091586750724,0.34481855195609845,-0.0336763330215154,-0.08343125734430079,-0.3258145363408521,-0.0014662756598241566,0.04635761589403975,0.02056698165647597,inf,-0.012420156139105742,-0.07794361525704818,-0.012658227848101222,0.005473204104903262
1994-06-30,0.005459714031916585,-0.09732297355696129,-0.01006839433224771,-0.059156175313799686,0.017831700017123753,0.061682119755127385,0.16160081053698083,0.16160081053698083,0.15094339622641506,0.40000000000000013,-0.8694091528401192,0.15057732140496238,-0.22852306390181976,-2.820091586750724,-0.46668105853982156,0.04065827686350443,-0.08343125734430079,-0.3258145363408521,0.017621145374449254,0.04635761589403975,0.02056698165647597,1.0,0.01221703197987778,-0.07794361525704818,-0.012658227848101222,-0.04052317229908531
1994-09-30,0.030024331672672044,0.02482771120891769,0.028287304525594692,0.04381144302987261,0.03137036771696078,0.13336200690465727,0.3544483209768863,0.3544483209768863,0.360655737704918,0.40000000000000013,5.3244889312572825,-0.11866208309793069,-0.001645639056500281,-1.2805050037796306,0.24545607124169466,0.040930232558139545,-0.08343125734430079,-0.3258145363408521,0.030303030303030276,0.018987341772152,0.02056698165647597,0.5,0.0012424565140221056,-0.07794361525704818,-0.012658227848101222,-0.018201875344732388
1994-12-31,0.018001917092993036,-0.0020531354531123647,0.051989667528379524,0.052770505428911596,-0.00825672893359497,-0.12445967830311588,-0.5128659207384153,-0.5128659207384153,-0.5180722891566265,0.40000000000000013,-0.5445197162930522,0.3269374938884604,-4.782967032967033,-3.2124929611455233,-0.4360409350698766,0.0017873100983021306,-0.08343125734430079,-0.3258145363408521,-0.007002801120448154,-0.024844720496894457,0.02056698165647597,0.3333333333333335,-0.025704662293919656,-0.07794361525704818,-0.012658227848101222,-0.05208667736757622
1995-03-31,0.0016076767103569978,-0.038230670837892444,-0.007093656041707308,-0.09282441219699766,0.008738635013248786,-0.02380902712588051,-0.11721288901129168,-0.11721288901129168,-0.10000000000000009,0.40000000000000013,0.2469619252477342,-0.38681732580037664,-0.12737835875090775,-1.1033504826658425,0.07990835488586523,-0.04906333630686888,-0.08343125734430079,-0.3258145363408521,0.008462623413258097,-0.04458598726114649,0.02056698165647597,0.28125,0.007096069868995691,-0.07794361525704818,-0.012658227848101222,0.06019812039624073
1995-06-30,-9.931991765943504e-05,0.01545068160058971,-0.008594093035941275,0.03332664526484752,0.006753093152273015,0.06604125263260374,0.28302239970050547,0.28302239970050547,0.2777777777777779,0.40000000000000013,0.5719635537994279,-0.25408610191218883,-4.45897137150466,0.6290237467018469,0.12054042093480333,-0.05253283302063794,-0.07948717948717943,-0.3258145363408521,0.006993006993006867,-0.06000000000000005,0.02056698165647597,0.19512195121951215,0.006865401987353303,-0.07733812949640284,0.0,-0.01732950007985945
1995-09-30,3.8868175989970055e-05,0.010503372914118847,0.0024534670464744224,-0.04412535678918861,-0.0018792054486883591,-0.057384041427696375,-0.6297232894032971,-0.6297232894032971,-0.6304347826086956,0.40000000000000013,-0.6778090414556368,0.30214822771213745,-1.2872266198301374,-3.8513119533527695,-0.3067255198048554,-0.008910891089108919,-0.3231197771587745,-0.3258145363408521,-0.002777777777777879,-0.014184397163120588,0.06372549019607843,0.16326530612244894,-0.0019738022609007144,-0.2943469785575048,-0.03846153846153855,0.057131247460382006
1995-12-31,-0.08485715852719522,0.015252632709030767,-0.009368476880483034,0.05530840874696574,-0.14508305033951496,-0.012629633917832894,-22.383766745468872,-22.383766745468872,-22.352941176470587,0.40000000000000013,2.322688635305077,0.3028265830789958,-2.3519852571620037,-1.0984624706506096,0.04356276388981972,0.05794205794205798,-2.9670781893004117,-2.944237918215613,-0.14484679665738165,0.05755395683453246,0.560163850486431,0.14035087719298267,-0.06580366774541546,0.0,0.01333333333333342,-0.037899753997539865
1996-03-31,0.021806293482225847,0.04383227684433755,0.03852576898291504,0.06794591082986456,0.006349754119575612,0.0463091038754051,-1.1474916470125787,-1.1474916470125787,-1.1487603305785123,0.40000000000000013,0.12712347009400649,-0.05288872474014672,-0.3714374225526642,9.990769230769232,0.4588016183931667,0.05099150141643061,-0.03347280334728042,-0.05162523900573612,0.006514657980456029,0.23129251700680276,0.0,0.12307692307692308,-0.015011547344110698,0.0,0.013157894736842035,-0.02261286456252498
1996-06-30,0.015332123660072972,0.0006262467375308667,0.015806111696522684,0.005889390310668707,0.014879929106238698,0.1856172106757057,0.168984758890647,0.168984758890647,0.14814814814814814,0.40000000000000013,-0.45482740126388443,-0.03378160061502122,0.43656973878758,-2.0801721724524076,-0.3397204490424829,0.02515723270440251,-0.03463203463203457,-0.05443548387096775,0.014563106796116498,0.022099447513812098,0.0,0.1095890410958904,-0.0005861664712779602,0.0,0.06493506493506485,-0.005232177894048395
1996-09-30,0.0,0.0,0.0,0.0,0.0,0.01702831171436725,0.5070176688515247,0.5070176688515247,0.5161290322580645,0.40000000000000013,0.0,0.0,0.0,0.0,0.0,0.0,0.0,0.0,0.0,0.0,0.0,0.09876543209876543,0.0,0.0,0.0,0.0
1996-12-31,0.020588377100615673,0.12316822424745566,0.13261246899141077,0.24095613746267897,-0.08638249515839047,0.023120301821513367,0.02739628885474521,0.02739628885474521,0.03191489361702127,0.40000000000000013,0.0,0.0,0.0,0.0,0.8286633440568065,0.13672217353198945,0.0,0.0,-0.08771929824561397,0.0,0.0,0.0898876404494382,-0.10478983382209184,0.8839779005524859,0.0,-0.09492110453648928
1997-03-31,-0.03824116916675657,-0.17460900176836258,-0.07355456019363515,-0.1453773276706959,0.0035621200648578988,-0.05760602757198896,-0.2956009571139334,-0.2956009571139334,-0.2989690721649484,0.40000000000000013,0.45344112237478074,0.3023950369575996,0.05907780979827093,-0.08177017526808561,-0.25835179159032695,-0.03392444101773329,0.0,0.0,0.0034965034965035446,0.18378378378378368,-0.4640630127994749,1.6804123711340209,0.04345927058309673,0.011730205278592587,0.0,-0.03423227095251058
1997-06-30,-0.001121881981351991,-0.09128166027305873,-0.01821637974411694,-0.12117314613006236,0.0175592403732574,-0.001164629875903933,-0.09994773974392479,-0.09994773974392479,-0.10294117647058831,0.40000000000000013,-0.590131449872474,-0.025029881800876508,-2.038289601554908,0.8391489962248173,-0.6406641758025662,-0.0798084596967279,0.0,0.0,0.019163763066202044,-0.08219178082191791,-0.120024494794856,0.030769230769230882,0.018836333193805066,0.0014492753623187582,0.0,0.03403535163595328
1997-09-30,0.03127307984931993,0.12746036324226062,0.04244989677452016,0.16363029022808262,0.019488317302743585,0.09570160165759356,0.5359631296269416,0.5359631296269416,0.540983606557377,0.40000000000000013,3.098439519410272,-0.10950071741223055,-2.986209908898041,-1.7737640761985152,1.3795533057427232,0.1665221162185604,-2.5448430493273544,-2.398720682302772,0.01880341880341896,0.14427860696517425,0.16979819067501745,0.033582089552238736,-0.011503697617091246,-0.013024602026049159,0.1707317073170731,-0.03109656301145658
1997-12-31,0.006904273605008893,0.003416739504136679,0.0049328913471935465,-0.030548665767609617,0.009029702007680607,0.01635587096495872,-0.2460956881275842,-0.2460956881275842,-0.23404255319148937,0.40000000000000013,-0.4926448689274181,0.04486028961860078,-0.04655838647859001,-2.1227004512322107,-0.650889019850225,0.07657992565055771,-0.09143686502177073,-0.0792682926829269,0.006711409395973256,0.0565217391304349,0.07674003569304011,0.028880866425992746,0.0020781379883625384,-0.09237536656891498,0.01041666666666674,0.03509759759759756
1998-03-31,0.0005723044838559233,-0.08391469274865182,-0.004673985821869064,-0.11852524077636395,0.006205580946327949,-0.2206564051410208,-0.5129587263781379,-0.5129587263781379,-0.5138888888888888,0.40000000000000013,-0.27086786372007365,0.006470881035340881,-2.046953771129197,-0.823863259943025,-0.3283926218708827,-0.1208563535911602,-0.12539936102236426,-0.1225165562913908,0.006666666666666599,-0.12757201646090532,-0.04640883977900556,0.02807017543859658,0.005599336374948027,-0.08400646203554119,-0.04123711340206182,0.039256572982774296
1998-06-30,-0.0019548133595285178,-0.012407628003078153,0.002603265915421149,-0.032246526544234766,-0.006796194278527068,0.018141340879743728,0.4284151598996204,0.4284151598996204,0.40000000000000013,0.40000000000000013,0.5503338753216411,-0.1229417583056962,-1.0350286397683641,-1.7928786359077231,0.3876900441392839,-0.0007855459544383603,-0.05205479452054795,-0.05471698113207546,-0.0066225165562914245,-0.004716981132075526,0.1251448435689455,0.030716723549488067,-0.004743246030109338,-0.01763668430335097,-0.032258064516129115,0.02050074151618242
1998-09-30,0.011367103580762983,0.0026984330301866866,0.03540950098309281,0.08739680050344867,-0.014411292445868473,-0.03416063925821089,-0.5939006261543313,-0.5939006261543313,-0.5918367346938775,-0.5918367346938775,0.2239611440906637,0.08439476361063192,13.510332434860736,-0.012808349146110065,0.27579961123873487,-0.15094339622641506,-0.29576107899807325,-0.29940119760479045,-0.015000000000000013,-0.14691943127962082,-0.11019567456230694,0.0298013245033113,-0.02548694571073351,-0.25134649910233386,-0.06666666666666676,-0.07787656009574284
1998-12-31,-0.04255937504147078,-0.068807964503794,-0.009453806950606602,-0.12558705662153935,-0.07984965051080639,-0.13174128067312996,-7.783028286189684,-7.783028286189684,-7.8,-7.8,-0.6727979102192938,-0.08785953893369491,-4.110340557275542,-1.0973890757648566,-0.021053360573427105,-0.09074074074074079,-1.1874145006839945,-1.1851851851851851,-0.0795262267343485,-0.07777777777777783,0.2916666666666665,0.02893890675241173,-0.0389113331915798,0.0,-0.09523809523809523,0.064892926670993
1999-03-31,0.026365042997682053,0.08513007412556073,0.06851202088036779,-0.04012606697307941,-0.024741549303693544,-0.19128306129446382,-0.8904642757853767,-0.8904642757853767,-0.8897058823529412,-0.8897058823529412,-1.2396837100505962,0.04822266934942987,0.8113154960981048,19.98519736842105,-0.4513105302253192,-0.0386965376782078,1.6277372262773722,1.5384615384615388,-0.02389705882352955,0.048192771084337505,0.0,0.02499999999999991,-0.0497787610619469,0.0,-0.07894736842105265,0.1304953425611559
1999-06-30,0.03863498454186476,0.09651305628541151,0.06465875684640232,0.1106815296383854,0.0040617171367776095,0.48058277954158535,-3.3469692445506123,-3.3469692445506123,-3.3333333333333335,-3.3333333333333335,-11.68706905696404,-0.014854863821528341,-0.7636009935594488,-3.302923426600831,1.8942109334708612,0.22245762711864403,0.21111111111111125,0.16969696969696968,0.0037664783427495685,0.24712643678160906,0.0,0.027439024390244038,-0.03329452852153658,0.0,0.0,-0.012782997073771729
1999-09-30,0.024016268288063358,0.05023789209921525,0.004154420537629155,0.11787457227109566,0.05199576158387309,0.40636549897778207,2.2576972010178116,2.2576972010178116,2.257142857142857,2.257142857142857,0.413481294728379,-0.2551173942693844,-4.520712259984192,-1.0312765885035564,-0.020469985521773038,0.10831889081455803,-0.9793577981651376,-0.9792746113989638,0.05065666041275785,0.10599078341013835,0.0,0.026706231454005858,0.0272157996146436,0.0,0.11428571428571432,-0.06045241809672397
1999-12-31,0.035037524484450966,0.08519654266413923,0.02459314013455227,0.0746279511030894,0.04908148359848852,0.030511952395609,0.1613520532698054,0.1613520532698054,0.1578947368421053,0.1578947368421053,-0.050911491250245744,0.3703515324139335,-0.3448835950189496,9.71164309031556,-0.22384937238493718,0.10242376856919466,-134.77777777777777,-129.25,0.048214285714285765,0.050000000000000044,0.0,0.026011560693641522,0.013599062133645923,0.4052757793764987,0.11538461538461542,0.009796596097966015
2000-03-31,0.030567064184619408,0.08274491158499586,0.03356320083898989,0.0975524726485999,0.026632373918340724,0.11606926783542604,-0.20245821703601574,-0.20245821703601574,-0.20454545454545459,-0.20454545454545459,0.2473178744247304,0.3944304227024964,-0.6797823019552509,-3.0432750914262496,0.5893003632954412,-0.0099290780141843,0.4061461794019934,0.40740740740740744,0.027257240204429323,-0.05555555555555558,-0.05958781362007182,0.022535211267605604,-0.003932454314133804,0.2030716723549486,0.1724137931034484,-0.013483515580037797
2000-06-30,0.05740756906033506,0.18296171376339365,0.06858996204003942,0.13555740323801158,0.04262309884486437,0.2054850919351252,0.7745451478928171,0.7745451478928171,0.7809523809523811,0.7714285714285714,0.10783011033337297,-0.050185562619779134,-0.296298627722523,1.3996221537237745,0.8897614570659589,0.08595988538681953,0.33668044890726523,0.3434903047091413,0.041459369817578695,0.054621848739495826,-0.25154835636017137,0.024793388429752206,-0.013934045517882021,0.18723404255319154,0.13725490196078427,0.041753479456621445
2000-09-30,0.03319321771355632,0.08418357608745741,0.02194273341789743,0.04967783123490355,0.04843816692839353,0.06279741711027831,0.016834576818894664,0.016834576818894664,0.016042780748662944,0.016129032258064502,0.1520309705608327,0.06421496801261872,1.4232042222023438,0.09288111714250191,0.5145641485874823,0.031002638522427572,0.09633230225364553,0.09896907216494832,0.047770700636942554,-0.007968127490039723,-0.2590706556333545,0.024193548387096753,0.014837494112105665,0.0346475507765831,0.06034482758620685,0.03288000000000002
2000-12-31,0.13835730369724697,-0.008135855800727954,0.19642106163301754,0.16816260886467238,0.061666437682432296,1.2479034488520786,-0.06957669794015586,-0.06957669794015586,-0.06842105263157894,-0.06878306878306872,-0.1761042244749037,0.726038837435014,-2.080660046513345,-1.427685832906785,-0.14530371439060674,-0.021753039027511245,0.026199113260781948,0.0056285178236397115,0.06231003039513672,-0.0682730923694781,-0.14175257731958768,0.026246719160105014,-0.06730099791134836,-0.26096997690531176,0.36585365853658525,-0.15095654867942054
2001-03-31,-0.0013489227282312832,-0.05424653308639471,-0.023785025866855714,-0.05324417929033709,0.0320461113404682,-0.4332337723357029,0.22857071100283788,0.22857071100283788,0.22598870056497167,0.2272727272727273,0.31698841263214894,-0.22639519120538065,-1.6313110610097699,-2.4449468085106383,0.2456499951017701,0.015696533682145297,0.11861743912018863,0.10914179104477606,0.03147353361945626,-0.04310344827586188,-0.05205205205205199,0.023017902813299296,0.03334162727046541,0.06406249999999991,0.04166666666666674,-0.0010034665207080407
2001-06-30,0.0650881354578492,0.11864419941989679,0.0063708849465167194,-0.024688610838667246,0.14775786892156773,0.09332049756807081,0.6616378429208063,0.6616378429208063,0.6589861751152075,0.6481481481481481,-0.4925423641690797,-0.675858571629807,0.07872950597911377,0.24756120007362425,0.24602689671443878,0.24790727623953646,0.1411516853932584,0.15895710681244735,0.14147018030513192,0.21171171171171155,0.0675818373812036,0.02499999999999991,0.0775343125451482,0.13215859030837018,0.02285714285714291,0.14692722125833257
2001-09-30,-0.004676862458790287,-0.0997711411011144,-0.009818873411185702,-0.019728858978476427,0.0016709137679808972,-0.12384312573488188,-0.7433135672457064,-0.7433135672457064,-0.7444444444444445,-0.7443820224719101,0.4773481222618958,2.356823752324995,0.5810092295345104,-2.0994639520015737,-0.21708817431918703,-0.01754385964912275,-0.15292307692307694,-0.1422351233671989,0.002430133657351119,-0.1412639405204461,-0.19584569732937673,0.021951219512195363,0.0064804469273742615,-0.13488975356679644,-0.011173184357541888,-0.08168789808917198
2001-12-31,-0.017830994311187176,-0.23056922564799232,-0.03445598582282039,-0.16973610672549078,0.002457023829517846,-0.254470147524523,-0.31055141508303574,-0.31055141508303574,-0.30434782608695654,-0.29670329670329676,-0.37852894290268946,0.10729747084533003,-1.902693613376059,0.7579227517724152,-0.48744217197712925,0.004726890756302504,-0.16890664729386118,-0.14128595600676808,0.00121212121212122,0.0043290043290042934,0.12177121771217703,0.02386634844868718,0.02064831261101241,0.10794602698650668,-0.22598870056497167,-0.07326166117565458
2002-03-31,0.054919779975999505,0.15897477871449794,0.09788203546295837,0.037960421885629536,0.00442208224338736,-0.022964202168802128,-0.9119221411192214,-0.9119221411192214,-0.90625,-0.90625,-0.6992221977052074,-0.17163327534279893,4.410586250527204,-1.1078471285717921,0.10256255142041337,0.12963930998431783,-0.3125,-0.30443349753694593,-0.00363196125907983,0.1293103448275863,0.3037280701754388,0.020979020979021046,-0.04785729823798135,-0.22598105548037883,-0.10218978102189791,0.11666198896061375
2002-06-30,0.09902829712328476,0.2668826648487461,0.1416324419386541,0.1833405869775011,0.044291953418023056,0.36728870723445994,4.496842936069456,4.496842936069456,4.0,4.0,3.226104233532019,0.18818594462761395,-0.24123371139779914,4.881443907042586,0.5471035564968341,0.04858861638130496,-0.6357279084551812,-0.6430594900849858,0.04131227217496969,0.04961832061068705,0.47434819175777965,0.020547945205479312,-0.04980580306145754,-0.6153846153846154,-0.06504065040650409,0.07054289544235925
2002-09-30,0.0006452200258511009,-0.037958828448074855,0.010898828245703207,-0.05068207984927953,-0.013756190190131634,-0.006443016188177331,1.6856199296431904,1.6856199296431904,1.7333333333333334,1.7000000000000002,-0.30045494983979115,-0.18189118173913454,-0.4958221324247042,-1.2930380889343522,-0.10362731051310059,-0.15931156222418352,-0.05759162303664922,-0.07936507936507942,-0.012835472578763052,-0.19272727272727264,1.2760981175128348,0.022371364653243964,-0.01442654484251027,-0.0454545454545453,-0.03478260869565197,0.01338237595867886
2002-12-31,0.027712553894557956,0.010076403760942876,0.027361840610297783,0.09932131962905344,0.028217452208997074,-0.208536232732485,0.5407666809238665,0.5407666809238665,-0.23170731707317072,-0.23456790123456794,1.7415552591581624,0.1713149030084795,-1.4817204666247814,-3.64072553045859,0.3052873963410774,0.10551181102362195,0.3277777777777777,0.2931034482758621,0.027186761229314182,0.12162162162162171,0.16641604010025057,0.02188183807439814,0.00048792388387419727,0.33333333333333326,-0.03603603603603611,-0.08116456869256317
2003-03-31,0.0922721979527894,0.13251849770534796,0.10371203138264962,0.14955870799507442,0.07581674409323069,0.48191361435210767,0.5113902527890071,0.5113902527890071,0.5079365079365079,0.5161290322580645,-0.1984084780600026,-0.13106105307000804,-1.5458775423878177,0.34605116508125766,0.3148214383142274,-0.0018993352326684976,0.701534170153417,0.6666666666666667,0.07479861910241659,-0.028112449799196915,-0.2503223033949291,0.021413276231263323,-0.015118263838088342,0.5642857142857143,0.06542056074766345,-0.014792402084383927
2003-06-30,0.05922851318608102,0.020709111057815477,0.03695246512484629,0.004691860373531309,0.09210200125877077,-0.03383238310445413,-0.08524657911653966,-0.08524657911653966,-0.0842105263157894,-0.08510638297872342,-0.4044300998372117,0.19190276470084733,3.8500581170089117,-0.934934144650697,0.015579397756456004,0.12036156041864898,0.2754098360655737,0.2759999999999998,0.0910064239828694,0.04132231404958686,-0.3617082258526799,0.02096436058700224,0.03119584055459268,0.29452054794520555,-0.00877192982456143,0.015952909059887554
2003-09-30,0.027069145267186956,-0.012797439701838664,0.03686494188357958,0.010461555532238043,0.013343175229187265,0.014815556960994902,-0.137401802073137,-0.137401802073137,-0.13793103448275856,-0.13953488372093026,0.6127849841214668,0.1630065828845002,-0.27953080896841886,3.984610831606984,0.0764659414894584,0.13121019108280252,0.06491002570694082,0.06583072100313503,0.013738959764475034,0.03571428571428559,-0.15312079030085313,0.02053388090349073,-0.013445378151260456,0.0793650793650793,-0.017699115044247593,-0.02300780921991774
2003-12-31,0.02062695835148931,0.06576667429256156,0.01529692804157401,-0.03279880163045101,0.028268810119910448,0.11750137292287577,-0.14657317019945593,-0.14657317019945593,-0.16000000000000003,-0.14864864864864868,-0.4661435372950097,-0.5027066189697971,-0.689058082161403,-0.0907795523362821,0.0645857847168625,0.17792792792792778,-0.04465902232951113,-0.04264705882352937,0.028073572120038692,0.1647509578544062,0.05302226935312837,0.02012072434607659,0.007544414699440338,-0.10130718954248363,0.06306306306306286,0.10184787279759355
2004-03-31,0.02566031361992538,0.07129580162775362,0.016389162868369667,0.1296947154601975,0.038785001458313983,0.1375074628410906,0.6746616208107463,0.6746616208107463,0.6984126984126986,0.6666666666666667,1.8064501330397285,0.4495049832786995,-6.104065137287531,1.93594096904793,0.17811627216004755,-0.0035054174633524227,-0.004421983575489619,0.006144393241167334,0.03766478342749524,-0.03289473684210531,-0.00654582074521648,0.01972386587771191,0.012801932367149771,-0.021818181818181848,0.033898305084745894,-0.051716068642745694
2004-06-30,0.096778678307464,0.7495581447380362,0.051212546227734856,0.16985845856715098,0.15989357271577087,0.2716477192744007,2.5614470831339897,2.5614470831339897,2.551401869158878,2.571428571428571,-0.1850232938291786,-3.2013694562150925,-1.0294011481002783,13.448588776940015,2.184443786862865,0.09210105532459223,0.7760152284263959,0.8061068702290075,0.1588021778584392,0.054421768707483054,0.05524581855043076,0.01934235976789167,0.05747674695921767,0.6486988847583643,0.0901639344262295,0.49559924323435056
2004-09-30,0.05673862679062469,0.018714819836476382,0.05463466972483899,0.06575510802464812,0.05937981264198622,0.09432727970237154,-0.6606682996401552,-0.6606682996401552,-0.6605263157894736,-0.6613333333333333,0.26558783060080793,-1.802556858716434,-15.464950495049505,-0.9875004425643796,0.008574364129591228,0.1487554904831625,0.013576277241872159,0.03381234150464918,0.05951448707909157,-0.00967741935483879,-0.3890489913544668,0.022770398481973375,0.0024808299503833453,-0.05749718151071037,0.09774436090225547,-0.04416455835441646
2004-12-31,-0.02568851195450894,-0.17856631511020593,-0.0973362120850374,0.05577698318892588,0.06385099413410478,0.01268392011179631,0.13272070281242887,0.13272070281242887,0.13178294573643412,0.13385826771653542,-0.28245854821276317,-0.27419803209164606,11.324663235133062,-52.67536945812808,-0.439316573991576,0.04435381085903645,0.03912583715192097,0.0825838103025347,0.06356245380635639,-0.013029315960912058,-0.038522012578616316,0.020408163265306145,0.09178852643419577,0.0035885167464115852,0.08219178082191791,-0.22193451867196035
2005-03-31,0.00558732910938553,-0.03714825978004899,-0.017409215164927216,-0.03148571234141995,0.029972187368354275,0.039752512868426626,-0.15858863771564546,-0.15858863771564546,-0.15753424657534243,-0.16666666666666663,-0.08725786858089457,0.07389428022998445,-0.9332416593727368,-0.8292175479738039,-0.13381448111666117,0.1032462777642178,-0.048846675712347465,-0.00981873111782472,0.027797081306462745,0.03630363036303641,-0.015535568274734346,0.020000000000000018,0.024314856789614536,-0.06436233611442199,0.056962025316455556,-0.00584233101612186
2005-06-30,0.06654077256346635,0.1345335870247668,0.020067872311364754,0.09626828647591235,0.11355232820864658,0.22157282042278026,2.0736524882239094,2.0736524882239094,0.5365853658536586,0.5416666666666667,0.1893457618259431,-0.3231050599471652,0.18422015906292644,-1.6121739858500441,0.09457297828673927,0.08362831858407072,-0.06597717546362325,-0.027459954233409523,0.11359026369168346,0.05414012738853491,0.06229235880398676,0.019607843137254832,0.044055522027760974,-0.08789808917197461,0.06586826347305386,0.034888045823104896
2005-09-30,0.06651782168154408,0.0761971485974462,0.0411390359479098,0.041939939080866795,0.09003548259588712,0.12440142890944972,-0.3359613333218322,-0.3359613333218322,-0.3386243386243386,-0.33513513513513515,0.291391483041364,0.7797131461410742,-0.6558855761935538,-0.4546946590986801,0.0471153145452432,0.07104940792160064,0.0759831996945397,0.12470588235294122,0.08378870673952665,-0.03625377643504535,0.07818608287724782,0.019230769230769384,0.02215799614643532,0.0488826815642458,0.07303370786516838,0.03284933870040252
2005-12-31,0.020045783054567723,-0.03997506680956964,-0.00814729051335128,-0.034545357707348234,0.044999417262437724,-0.03663068045978812,-0.33076709908724045,-0.33076709908724045,-0.32800000000000007,-0.3252032520325203,0.4354425513544853,0.27652564866102325,1.4851380042462843,1.2438759301061784,0.10096397099622867,-0.06709874189858944,-0.04187366926898506,-0.014644351464435101,0.039215686274509665,-0.1410658307210031,-0.1936185641769398,0.018867924528301883,0.024505183788878337,-0.05059920106524629,0.03664921465968596,-0.005567541234602236
2006-03-31,0.021813733225866994,0.007254155369434523,0.011671798759149032,0.029396087670006787,0.03033380622307491,-0.06388991987902681,-0.2632409839671839,-0.2632409839671839,-0.27380952380952384,-0.27710843373493976,-0.5965465313845923,-0.25169022326858304,-0.655998422764762,-2.9454525131338722,-0.17840784647371666,0.06763383735185946,-0.061851851851851825,-0.0396319886765748,0.030188679245283012,0.029197080291970767,0.04226618705035978,0.02020202020202011,0.008279668813247598,-0.04628330995792418,0.005050505050504972,-0.021555042340261843
2006-06-30,0.09130590991961185,0.15947537259364908,0.1067284002451847,0.03625189739749901,0.07858439837632059,0.27000467695418284,0.8799617113952507,0.8799617113952507,0.8852459016393441,0.8833333333333333,-0.9985853419663747,0.17825068473403483,-24.89158467857484,-0.3661374344045658,-0.1376425697383059,-0.013397129186602963,-0.2056849585471774,-0.19823139277818713,0.07744636316064879,-0.04255319148936154,-0.01380500431406384,0.018151815181518316,-0.01167883211678844,-0.21176470588235297,0.02010050251256268,0.11894714255060457
2006-09-30,0.03446322440903793,0.010937849214035511,0.008037429570737054,0.040923059665561645,0.05682978416387052,0.09331709713134106,0.040639962629919424,0.040639962629919424,0.04347826086956519,0.04424778761061954,1654.2346153846154,-0.17922805643831763,-1.4316910615262213,-1.825480035653317,0.13175649607438422,-0.0029097963142580285,-0.06113320079522855,-0.051470588235294046,0.0553666828557553,-0.07407407407407418,0.18635170603674545,0.024311183144246407,0.0216026587887741,-0.06902985074626866,0.019704433497536922,-0.028828944004090973
2006-12-31,0.01352836370422672,-0.029514027223097594,0.026862841716391417,-0.08253449317064265,-0.002978756066743027,-0.1901174501411126,-0.6069711592413871,-0.6069711592413871,-0.6083333333333334,-0.6101694915254237,-0.19070036550709757,0.13995841159109212,-1.3682148645519796,0.3549715415164436,0.15774267981668388,-0.03307392996108938,-0.12969825304393867,-0.12887596899224807,-0.005982512655315242,-0.08399999999999996,-0.019911504424778848,0.023734177215189778,-0.016266040122899006,-0.1062124248496994,-0.02415458937198056,0.057789771605344376
2007-03-31,0.0847139574147695,0.1406170877290065,0.13316572252041792,0.17708650336929543,0.04484937853408466,0.02113691009886476,0.2635654487933574,0.2635654487933574,0.25531914893617014,0.26086956521739113,-0.3338788541765363,-0.06396513904825418,2.036697016952563,-0.10463687075381223,0.12199341173006495,0.01327967806841035,-0.04622871046228705,-0.05672969966629582,0.04212962962962963,0.017467248908296984,0.12415349887133176,0.023183925811437467,-0.03674444240308661,-0.03363228699551568,-0.024752475247524774,-0.030987492999813404
2007-06-30,0.0634164569632032,-0.0048007309693332,0.04280595143410615,-0.06531072699516094,0.08189355087666939,0.34316821179405177,1.2618905580562938,1.2618905580562938,1.2542372881355934,1.2758620689655173,0.9452552542197548,0.8310294970209615,0.06558273214448418,0.26378035902851105,0.137409788741635,0.13343923749007147,0.011479591836734748,0.005896226415094352,0.07952021323856062,0.09012875536480691,0.1405622489959839,0.0226586102719033,0.01735647530040052,0.0,0.0050761421319796,0.0647274128298978
2007-09-30,0.10971179924798569,0.12740828631943701,0.16106911963731818,0.05351159903250702,0.0653465056931477,0.03621987646595626,-0.20263185236690884,-0.20263185236690884,-0.20300751879699253,-0.21212121212121215,-0.486573441138737,0.007642775126553092,1.9257292986451717,0.14840765851795257,0.13873843473846925,0.12070777855641213,-0.07944514501891553,-0.09730363423212196,0.06131687242798356,0.03543307086614167,0.060446009389671485,0.028064992614475592,-0.03993250843644547,-0.07192575406032475,-0.025252525252525304,0.0701405222845426
2007-12-31,0.10543604075315094,0.07053545834048736,0.1772682567880235,0.3879636581624697,0.038028101197092656,0.1734301358034711,0.03299170571578913,0.03299170571578913,0.037735849056603765,0.028846153846153966,2.5621480020542653,0.7937016011947915,-1.0026567622569726,-2.205271856063362,-0.14684454800453361,0.19853056120056278,0.11917808219178072,0.0844155844155845,0.03528499418379227,0.12927756653992417,0.24792473713337015,0.027298850574712707,-0.06092560046865847,0.040000000000000036,0.041450777202072464,-0.22869702434625783
2008-03-31,0.06880736426651524,0.17245024927324182,0.06895097733541622,0.03835654366313901,0.07432097673708005,0.16450977788195953,0.9842614424746989,0.9842614424746989,0.9636363636363636,1.0,-0.4590124013200936,-0.5571327564373153,-182.989,-2.6852826023215304,0.29006971873529586,0.013303769401330268,0.3053855569155446,0.2778443113772455,0.0730337078651686,-0.02020202020202022,-0.14101995565410197,0.025174825174825166,0.004990642545227741,0.1875,0.074626865671642,0.1291831068244922
2008-06-30,0.08617536970975315,0.2577320349108614,0.059582550717623084,0.2307254335972706,0.11460237452130806,0.28019200545682965,0.5139758234879901,0.5139758234879901,0.5138888888888888,0.5046728971962617,1.378472618799675,0.48790809724992323,-2.0588442158592004,0.26585543081126994,0.284625182222662,0.1654009525035398,0.25316455696202533,0.23430178069353325,0.11204188481675392,0.08591065292096212,-0.1610738255033557,0.02592087312414737,0.02627767432236694,0.14777327935222684,0.07407407407407396,0.021936068331823266
2008-09-30,-0.03273809037153852,-0.1454254165839587,-0.1384464227520551,-0.1433478031662483,0.0746833028844085,-0.021178264170796934,-0.056172117751177364,-0.056172117751177364,-0.05810397553516822,-0.05590062111801242,0.02450056823692126,0.310332678322339,1.7007337906983984,-2.165856833322554,-0.2583105315247133,-0.10790810691407127,0.17845117845117864,0.2042520880789671,0.0743879472693032,-0.19620253164556967,-0.3347692307692307,0.0332446808510638,0.11108870967741935,0.11816578483245155,0.07758620689655182,-0.0024061292977901605
2008-12-31,-0.05761856582454061,-0.2174105941459813,-0.08305215424197432,-0.18230219566064698,-0.03689850686516849,-0.4587578623247671,-0.782061592479407,-0.782061592479407,-0.7824675324675324,-0.7828947368421053,-0.5926321458571904,-0.43665316538620425,-0.849665466367937,-0.4383245782840103,-0.1956164714406473,-0.3919772192645784,-0.09111111111111114,-0.05548549810844894,-0.038270522933099516,-0.43700787401574803,-0.5198889916743756,0.03217503217503226,0.02195608782435121,-0.003154574132491983,-0.051999999999999935,-0.042970485560139604
2009-03-31,-0.007554153708219213,-0.04552077230340812,-0.02987154613007026,-0.04921865152376992,0.009755938298551703,-0.2223329163869846,0.34338295333207713,0.34338295333207713,0.3432835820895521,0.3484848484848484,-0.14263121322600436,0.37906002468937605,-0.056289782458651794,1.0909130193221803,-0.5084850850460134,-0.0840969252698025,-0.16730702060775415,-0.13351134846461943,0.00941676792223567,-0.04195804195804187,-0.044315992292870976,0.03117206982543652,0.01740056818181812,-0.026898734177215333,-0.10970464135021107,0.003912985807136282
2009-06-30,0.0943880437521396,0.17493802826853044,0.15810064355762954,0.0636676184566296,0.0469098618624455,0.3222398036657117,-0.07208481391434451,-0.07208481391434451,-0.07777777777777783,-0.0674157303370787,-0.6514063474437343,-0.2408148560676855,-7.61478451661836,-1.530488002905166,0.5488037678335262,0.16073810582481118,-0.3221476510067114,-0.3043143297380585,0.04694553114655431,0.14598540145985406,0.34879032258064524,0.030229746070133068,-0.04345549738219878,-0.17886178861788615,-0.15165876777251175,0.10457818590209422
2009-09-30,0.014020500661146462,-0.0031433825314252095,-0.026325523864108247,0.040042712505976574,0.047279295892202367,0.137825334745731,0.1896265037475593,0.1896265037475593,0.19277108433734935,0.1807228915662651,4.087488205321759,0.5745493427937327,-1.195726418725788,-2.0686553873552986,-0.3786677920577105,0.07431526527485155,-0.38985148514851486,-0.38538205980066453,0.04656510491520538,0.02547770700636942,0.5470852017937218,0.02934272300469476,0.03284072249589487,-0.2732673267326733,-0.15642458100558665,-0.041507177033492715
2009-12-31,0.038872156680576087,0.06063776607493687,0.01552836885023745,0.09850838858332911,0.05676289897837017,0.12413390519655909,0.688241554027224,0.688241554027224,0.6868686868686869,0.6836734693877551,0.0062332613711395535,-0.4026953220106997,1.6355866599715458,-0.9274904174652112,-0.044190600729368645,0.050454626493136034,0.2454361054766736,0.25225225225225234,0.05547926393847846,0.006211180124223503,0.6946859903381641,0.02850627137970352,0.01731142907613492,0.20163487738419605,0.04635761589403975,-0.03450642705603402
2010-03-31,0.03241387295544129,0.032664088432159843,0.0380612431804106,0.12365741233072125,0.028254596430777656,-0.11104353572713788,-0.533066767021043,-0.533066767021043,-0.5329341317365269,-0.5333333333333332,0.22299997345782585,0.44137859615338004,-0.3294858716921819,-0.9158945629533864,-0.003888505166963263,-0.06788866259334692,-0.0675895765472313,-0.06762589928057572,0.02654176424668231,-0.11728395061728403,-0.27993158494868864,0.027716186252771724,-0.0039937489147421346,-0.108843537414966,0.04430379746835422,-0.08097977121437339
2010-06-30,0.028661999134082183,0.06592733878969881,0.04702259885899096,0.11106845939837973,0.015010488397231292,0.07949001575240922,0.8287807859440799,0.8287807859440799,0.8205128205128203,0.831168831168831,-0.2544631822878549,-0.2781156083855366,-0.7576096608062511,-85.41246797608882,0.3295196567691092,0.014020393299344347,0.09956331877729263,0.10802469135802473,0.01343472750316832,-0.013986013986013957,0.04275534441805218,0.026968716289104577,-0.013423988842398926,0.08396946564885499,0.0181818181818183,-0.040576652601968966
2010-09-30,0.013678428996562797,-0.06968202360797027,-0.019496295117227724,0.010294270448012677,0.03912250579368526,0.08438086950643697,-0.25508558920852475,-0.25508558920852475,-0.25352112676056326,-0.25531914893617014,0.21798798730807678,-0.02274488711200706,4.789801450655726,-0.3568646494076705,0.15940023068050757,-0.009157838031962573,-0.019062748212867464,-0.0125348189415041,0.03601800900450236,-0.021276595744680882,-0.12908124525436593,0.02941176470588247,0.025092772574659916,-0.023474178403755874,0.011904761904761862,-0.07916147474895563
2010-12-31,0.03645487365777633,0.02714518626173601,0.04648002160361009,0.06513127028526844,0.02919961907482671,0.07345480535830529,-0.1418070127001656,-0.1418070127001656,-0.15094339622641506,-0.1428571428571429,0.23174902873045844,0.6054340548259252,-0.4980744490140251,0.1551154596363178,0.1588111386010138,0.23577383109822403,-0.17651821862348183,-0.17630465444287735,0.026557218734910792,0.19565217391304346,0.2179598953792503,0.02857142857142847,-0.006895362868470922,-0.1778846153846153,0.00588235294117645,-0.03566027222797097
2011-03-31,0.04572942371601463,0.10442919170990006,0.052901432008555904,0.08531514103128379,0.04045185406516216,0.12942763907744692,0.5448069443726338,0.5448069443726338,0.5444444444444443,0.5333333333333332,-0.4363339826254181,-0.5106849344651054,-0.8734474007092794,1.0916209333678317,0.2866495590911211,0.04003519577650683,0.11602753195673565,0.11472602739726034,0.037394167450611304,0.0121212121212122,0.22906227630637077,0.02678571428571419,-0.0050338482902272386,0.05263157894736836,0.0584795321637428,0.017581510524143473
2011-06-30,0.04588211826549915,0.07446865208598052,0.0606001935498901,0.05096164335243336,0.03492213380076059,0.1863283524675423,0.1588305076551768,0.1588305076551768,0.15827338129496415,0.15942028985507273,-0.24451711608338111,1.1628504834016025,-34.2033335546849,-0.27193119522898035,0.16220469699848716,-0.012972363226170347,0.006167400881057272,0.007680491551459223,0.03445930627975513,-0.0479041916167664,-0.1397786837507281,0.027053140096618522,-0.010467550593161179,-0.07222222222222219,0.08287292817679548,0.02238805970149249
2011-09-30,-0.004879156186187283,0.05864768078543414,-0.020056783523576427,0.036135071138247765,0.006703464404225645,-0.16981591794338835,0.3032639844935865,0.3032639844935865,0.30434782608695654,0.3062499999999999,1.4270963593744463,-0.7471652538103759,-1.527546504162925,3.2720899246157007,0.5962401060348508,-0.1874285714285714,0.180385288966725,0.17682926829268286,0.006574621959237303,-0.21383647798742145,-0.21868652674339883,0.02539981185324547,0.011636107193229828,0.16467065868263475,0.010204081632652962,0.021739130434782705
2011-12-31,-0.08733695941961961,-0.22708877445562625,-0.18825379805020048,-0.18445900105950863,-0.012370684689355205,-0.3878899398835126,-1.280532067350547,-1.280532067350547,-1.2809523809523808,-1.2822966507177034,-0.7198199842512294,0.35919293820933174,1.9172068936757425,-2.6015322302113093,-0.5982168617047477,-0.11409985935302391,-0.26038575667655794,-0.24740932642487057,-0.01415197038972349,-0.11999999999999988,-0.26863084922010394,0.025688073394495303,0.08208434994771707,-0.1902313624678662,-0.06565656565656564,-0.05233731945954345
2012-03-31,0.056500368011685786,0.10352843992364691,0.08547502575217725,0.1490165413065394,0.03880959131832373,0.5782042117822681,-3.5460905133066496,-3.5460905133066496,-3.5423728813559325,-3.5254237288135593,2.68900155599729,0.9502375120611593,-0.9333861818465357,-1.552570356080449,0.8227246810009476,0.19646755308592967,0.007021063189568855,0.024096385542168752,0.03732332155477036,0.209090909090909,0.59478672985782,0.025044722719141488,-0.016749879207601848,0.0349206349206348,-0.016216216216216273,-0.03957718780727626
2012-06-30,0.0042726265097796645,-0.09479307039394125,-0.020922623677242402,-0.21415889452781656,0.020346892335556088,0.027996206744166363,0.01849891923011948,0.01849891923011948,0.01333333333333342,0.020134228187919545,-0.6406560606091184,0.43021173676669,-3.707661093661601,-1.6268260260752738,-0.2829309591960275,-0.1643722010283628,-0.030876494023904466,-0.010084033613445342,0.019799872258888573,-0.19548872180451127,-0.18424962852897475,0.023560209424083656,0.01605241605241603,0.039877300613496924,-0.04395604395604402,0.1519494923641329
2012-09-30,0.10593250958884237,0.1910650348596512,0.22417619651202392,0.2641839488182509,0.03354567211069592,-0.009465756760564381,-0.23272643575449248,-0.23272643575449248,-0.23026315789473695,-0.23684210526315796,1.1176174911263872,0.26808161875059877,1.414649259323304,-1.5473515793922425,0.215966243921613,0.04247717348154034,-0.2199383350462487,-0.2190152801358235,0.03298538622129432,0.028037383177570208,0.061020036429872526,0.023870417732310356,-0.06545220054812184,-0.20058997050147498,-0.02298850574712641,-0.057843282476670144
2012-12-31,0.05622755666616852,0.0016116638533856253,0.23053359928949613,0.05720362175896021,-0.07016117073966088,0.027608305602267347,-0.2999545616968339,-0.2999545616968339,-0.2991452991452992,-0.2931034482758621,0.2664667839795043,0.14076362949595,-0.21511395441823267,-0.09948156523177898,0.15993995303014352,0.13023610053313006,0.383399209486166,0.31739130434782603,-0.05214227970897334,0.09090909090909083,0.42317596566523585,0.2373022481265612,-0.11971709504916339,0.2509225092250922,0.05294117647058827,-0.05259020517254931
2013-03-31,0.013071201644637709,-0.002380382725625796,0.0037972833626707114,-0.040186196807878716,0.021970278577527314,-0.09276748958963976,1.2723915632660519,1.2723915632660519,1.3048780487804876,1.292682926829268,-0.03552364578337974,-0.14099843732610773,-0.25422556093703663,0.2998499487069559,0.17923163970628586,0.01566711590296488,0.07238095238095243,0.028052805280528004,0.02025586353944564,0.07500000000000018,-0.2714113389626055,0.020861372812920553,0.008818342151675651,0.08554572271386429,-0.05586592178770955,0.039412545635578944
2013-06-30,0.06046130268760397,0.07731769494654905,0.12511181976575236,0.14676400323585925,-0.00047294444795831225,0.08703192823323769,0.11659766111386882,0.11659766111386882,0.12698412698412698,0.1276595744680853,-0.18807829973499857,-0.1723237038781935,-1.5741448743436814,-1.8403312346500655,-0.12772210311474752,-0.1643722010283628,0.10746003552397876,0.043338683788122,0.02131661442006272,-0.18604651162790697,-0.22516556291390732,0.020435069215557045,-0.057498057498057475,0.1032608695652173,-0.053254437869822424,-0.060589127484633076
2013-09-30,-0.07085741149722646,-0.1460482146371379,-0.11534266045858121,-0.15139512838368507,-0.023661257966239302,-0.5902020299142043,-0.2926530632519049,-0.2926530632519049,-0.2863849765258215,-0.28773584905660377,0.3498180865188807,0.34402328589909437,-1.6231021930213974,-1.4170971201087756,0.06107287777624992,0.04247717348154034,0.0713712910986366,0.036923076923076836,-0.024145692653979922,0.01904761904761898,-0.06196581196581197,0.6660206718346253,0.050906842539159,0.23152709359605916,-0.15625,0.0062882392929979325
2013-12-31,0.0010518500680860576,-0.06952439345858685,0.03974249507759198,0.012500683054532002,-0.03614199792196626,-0.5497753948213182,-0.7352611750330924,-0.7352611750330924,-0.75,-0.7483443708609272,-0.04906855432260926,-0.051611754401162724,-4.725092618979766,-5.768563794928669,-0.27446739985124824,0.13023610053313006,-0.05988023952095811,-0.06824925816023752,-0.016145942545606973,0.1588785046728971,0.06833712984054685,0.01202016285381946,-0.03726220827613258,0.23799999999999977,-0.2518518518518519,-0.08098294207059609
2014-03-31,0.0023789393222553024,-0.038500354695533257,0.03739232651024471,-0.05185651130525726,-0.03392986983071833,-0.034016670421266104,1.0590583554376658,1.0590583554376658,1.263157894736842,1.236842105263158,-0.23343621838576378,0.01689419258324043,-1.6363841531287893,-0.6421795603667604,-0.13536269171037985,0.005559299191374656,-0.16321656050955413,-0.1799363057324841,-0.013640238704177299,0.024193548387096753,0.07995735607675902,0.012260536398467359,-0.0362599307394581,0.15993537964458815,-0.28712871287128716,0.01405862354130294
2014-06-30,0.018391741891608415,-0.041684760811949606,0.024653998135623745,-0.06749542992707513,0.011418365771612482,0.0486792599502488,-0.16644444873851072,-0.16644444873851072,-0.16279069767441867,-0.15294117647058825,-0.016408947666668006,-0.09164683044647715,0.1330183689170994,-1.1228445092226937,0.019231836598767815,0.05897135198525727,-0.2825880114176975,-0.28932038834951457,0.02203975799481417,0.07874015748031504,0.2843040473840077,0.011733535200605605,-0.006763897696047461,0.29665738161559885,-0.45833333333333326,0.027727437477347072
2014-09-30,-0.0015759261503370814,0.016760322592519028,-0.003353971071564099,-0.08079365140618155,0.0004299374072571638,0.06227923805485602,0.8986415479244583,0.8986415479244583,0.9166666666666665,0.9027777777777779,0.23560245591347928,0.10771659841626846,-0.26940338889537285,0.03695687029020367,0.019566289408639692,-0.019617149185255478,-0.04641909814323597,-0.06557377049180324,0.0008456659619451301,-0.04379562043795626,0.3766333589546502,0.013093901982790701,0.0019153011278996157,0.20515574650912982,-0.20512820512820518,0.10606594956797721
2014-12-31,-0.06183309811414095,-0.002424312117788263,-0.13495183547881462,0.20138408383733108,0.020342259715789623,-0.017732270695034358,0.5271807478012429,0.5271807478012429,0.5289855072463769,0.5328467153284671,-0.26754545840815624,-1.795476930859532,-8.532109558802173,31.353846153846156,0.7704314850724236,-0.18896240116185248,0.4965229485396383,0.5116959064327486,0.020278833967046772,-0.19083969465648853,-0.15466219988833052,0.01292466765140321,0.08772302463891246,0.4741532976827094,0.0,-0.16962933439617367
2015-03-31,-0.09445950310193207,-0.21071351134089977,-0.14843100143679555,-0.30845071630589027,-0.043034797958437676,-0.34517620447476816,-1.0384848056838443,-1.0384848056838443,-1.037914691943128,-1.0380952380952382,-0.2840568559473269,-1.462675754265735,-0.6444183508597386,-1.5073059066134284,-0.17791383280762385,-0.053123756466374794,-0.18494423791821557,-0.1586073500967119,-0.04554865424430632,-0.0660377358490567,-0.37648612945838844,0.012759752096245025,0.05682483889865253,-0.12938331318016927,-0.032258064516129115,0.14130747816069889
2015-06-30,-0.0007171767627341952,-0.034292331159869405,0.04708770780806448,-0.17002515941107588,-0.041249668778440274,-0.19903183845458683,4.112803822449969,4.112803822449969,4.25,4.25,-0.6571724042346769,0.6739441535306276,-1.9582151707235076,-0.66211977051991,-0.07312319444812554,-0.03362050851019127,-0.2645381984036488,-0.24597701149425277,-0.012364425162689763,0.010101010101010166,0.1853813559322035,0.012598992080633531,-0.04065040650406504,-0.1777777777777777,-0.06666666666666654,0.16359660190091674
2015-09-30,-0.1664691744482033,-0.13348227377969324,-0.09396179363908275,-0.08609366455832113,-0.23361063487297173,-0.031614948055642134,20.608283446650596,20.608283446650596,21.047619047619047,21.047619047619047,1.8728270131421003,-0.05637861804927213,-1.0018730724613079,-0.5734100984191597,-0.03365454409481028,-0.2913676886279626,-3.6449612403100775,-3.6737804878048776,-0.23039754008346147,-0.28,-0.01966041108132255,0.012442232492001493,-0.0805084745762712,0.0,-0.1071428571428572,-0.051901113199363746
2015-12-31,-0.08981259208730596,-0.33123372716724464,-0.06249314342826773,0.01416757760100773,-0.11971991492346135,-0.07952315479845418,-0.6319904527066752,-0.6319904527066752,-0.6317494600431965,-0.6317494600431965,-0.8339409737256872,-0.42240967473349444,525.4154078549849,18.459625502434562,-0.6777129447219481,-0.19085609082540667,0.9425556858147712,0.9030786773090078,-0.11957762557077622,0.04166666666666674,0.0,0.012289325842696597,-0.03288646837033937,0.0,-0.12,-0.340576395242452
2016-03-31,-0.0028811155080664674,0.172957216711221,0.011075492105812712,-0.17727747459288,-0.019153044964806965,-0.3461496381975827,-0.6614015246997268,-0.6614015246997268,-0.6598240469208212,-0.6598240469208212,-0.4051784829600271,-0.4270843179884677,-1.88092525689624,-1.2349013575511685,0.4939562049981814,-0.18126659082290486,0.2142426071213035,0.1599760335530258,-0.020097244732577013,-0.06666666666666676,0.0,0.01214013180714546,-0.01624431448992858,0.0,-0.09090909090909083,0.4257139553705631
2016-06-30,-0.13490148112283218,-0.38911255908130415,-0.24181018986320912,-0.36073612507303543,-0.0064158377341555495,0.016656015059435925,-1.0147382823110431,-1.0147382823110431,-1.0172413793103448,-1.0172413793103448,0.5986980536559705,-5.048538783591479,-4.38453244557658,-2.128767515012868,-0.36774664766240484,0.40713293191292266,0.08896620278330025,0.08006198347107452,-0.006615944426066833,0.4285714285714286,0.0,0.008567511994516774,0.14839277851166877,0.0,0.0,-0.04435974373530138
2016-09-30,0.04835106335767181,0.5465782792393927,0.11922733984139366,0.03798130909033115,-0.016649286800279883,0.14417480832620888,-6.520819112627986,-6.520819112627986,-5.5,-5.5,1.256913311122993,-1.2087184764252947,-1.465939571962453,-4.075583310110709,1.815479862271621,-0.04970375246872938,-0.6487905066179827,-0.6465805834528934,-0.01665001665001664,-0.040000000000000036,0.0,0.008494733265375531,-0.061924846625766805,0.0,-0.050000000000000044,0.48998642226748146
2016-12-31,-0.009443415273116318,-0.028621464759108983,0.013328618816836002,0.6434372747349872,-0.03321326855419671,0.010600699654168766,2.9516567754698317,2.9516567754698317,3.1111111111111116,3.1111111111111116,0.9294179823469022,-0.13791819973518338,-1.0887629332336337,-0.7534976627334693,0.1589498242580929,0.02701766539660544,-0.6478232618583496,-0.645466847090663,-0.034202505926176796,0.04166666666666674,0.0,0.011792452830188704,-0.02411608420192113,0.0,-0.052631578947368474,-0.4089304020959107
2017-03-31,-0.0023186989722082663,0.032499712990713636,-0.012209479472804485,-0.02248554343890441,0.008502487146303528,0.3138943418755771,-1.9146146866493539,-1.9146146866493539,-1.9189189189189189,-1.9189189189189189,-0.03810273444264278,0.7481455791172391,0.3637717583542772,-0.9744703602218806,0.0035013869204407744,-0.0246205733558178,-0.9317343173431735,-0.9312977099236641,0.007713884992987419,0.010000000000000009,0.0,0.008325008325008376,0.010890052356020918,0.0,0.16666666666666674,0.0561765272692234
2017-06-30,-0.01316064749692536,-0.04303055677029499,-0.029056343986943456,-0.0755844316783656,0.0038731604000659114,-0.2860616383221064,-1.3005439244663384,-1.3005439244663384,-1.2941176470588236,-1.2941176470588236,-0.06403655490928373,-0.8022794906573274,-0.2024776465770255,58.76243455497382,0.20852129295669486,-0.08367911479944679,1.135135135135135,1.1111111111111112,0.003479471120389821,-0.08910891089108908,0.0,0.008256274768824401,0.017402113113735185,0.0,0.0,0.035215764984946496
2017-09-30,0.005520281990343934,-0.06064327595462238,0.010372325630394252,-0.38751894829417477,0.0004913927911913696,0.05020474312798595,2.750099595925104,2.750099595925104,2.8,2.8,-0.1598501830746042,3.7771020190850635,0.434571440797638,-1.3355344568919258,-0.05789395618462956,-0.058113207547169754,1.2658227848101262,1.289473684210526,0.0006934812760055475,-0.05434782608695654,0.0,0.00818866688503106,-0.00509061290979429,0.0,0.0,0.5337974795100024
2017-12-31,-0.03255418871377225,-0.05220857170300108,0.00539574590537395,0.003219366709559468,-0.07227576607376429,0.17935298473467798,3.3523439515578284,3.3523439515578284,3.394736842105263,3.394736842105263,0.28570596070596066,0.2983689478534839,-0.32391236260048617,-0.47423302872062667,-0.03230923970650024,0.13501602564102555,2.564245810055866,2.540229885057472,-0.07241857241857241,0.12643678160919536,0.0,0.008122157244964345,-0.041137945149406385,0.0,0.04761904761904767,-0.055274649505860585
2018-03-31,0.007835762546823721,-0.046339939472281655,0.0009830652133635542,0.03819675452255855,0.015608878507403778,-0.0035545709161570738,-1.5866787080397087,-1.5866787080397087,-1.5808383233532934,-1.5748502994011977,-0.09828152215437813,-0.09656641024794477,0.15382409388718532,-0.1814457307799745,-0.02732987353210614,0.05259442287327931,-0.34326018808777425,-0.3474025974025974,0.013074336944340681,0.13265306122448983,0.0,0.008056719303899396,0.007684098185698929,0.0,-0.045454545454545525,-0.08143778129181367
2018-06-30,0.0007284007884720278,0.005590030297169202,0.005319961120135108,0.04328282554201679,-0.0044048695023577444,0.05565013959921794,-0.7294669337248073,-0.7294669337248073,-0.731958762886598,-0.7291666666666666,0.24236592572911908,0.24571975690777337,-0.12467497705720398,0.41459067986198006,-0.03974686106657144,0.012072434607645954,-0.30071599045346065,-0.3084577114427861,-0.004424778761061954,0.0,0.0,0.007992327365728968,-0.005083668714255474,0.0,0.09523809523809534,-0.03608554591802948
2018-09-30,0.008161622466718255,0.05012411098144609,-0.002677191124217382,-0.0310362268235429,0.020397556488751967,0.0915618721631073,1.0638868140076454,1.0638868140076454,1.076923076923077,1.076923076923077,0.07621992630590269,-0.28799870922318704,-8.73686739619739e-05,-2.2443777307207764,0.051507364851970605,0.06030483764082173,-1.1535836177474403,-1.1510791366906474,0.020370370370370372,0.072072072072072,0.0,0.007928956549318134,0.012135405578028502,-0.9282094594594594,0.08695652173913038,0.08373402939964292
2018-12-31,0.1023243126796467,-0.3630471893583226,0.11317259641819333,-0.03364423641426639,0.01308410783632552,0.025503966378036758,0.10043217235800062,0.10043217235800062,0.12962962962962954,0.11111111111111094,-0.4026541424654738,3.2801278908313316,-6.933506629677363,-13.070459245217991,-0.5912631419008749,-0.09312500000000001,18.26666666666667,18.095238095238095,0.01306715063520869,-0.11764705882352933,28.39288969917958,0.00786658275645058,-0.08098443416070678,17.81176470588235,0.0,-0.3408759586740192
2019-03-31,0.08419114909477754,1.9986383485600365,0.13689197763599825,0.9363093310387705,0.024740029557084764,-0.14595661604579147,-0.6113137097476277,-0.6113137097476277,-0.6229508196721312,-0.6166666666666667,-0.0236186845642411,-0.7397635964756064,-1.2539704745425764,-0.8685806777440891,-0.26096811083890725,-0.07649896623018604,-0.3206459054209919,-0.34413965087281784,0.021139376567538504,-0.08571428571428574,-0.9647686391266592,0.007805182641273722,-0.0547035934996567,-0.31269543464665417,-0.040000000000000036,0.5486104433118568
