Quarter end,Assets,Current Assets,Liabilities,Current Liabilities,Shareholders equity,Revenue,Earnings,Earnings available for common stockholders,EPS basic,EPS diluted,Cash from operating activities,Cash from investing activities,Cash from financing activities,Cash change during period,Cash at end of period,Price,ROE,ROA,Book value of equity per share,P/B ratio,P/E ratio,Cumulative dividends per share,Equity to assets ratio,Net margin,Asset turnover,Current ratio
1993-10-31,-0.07905138339920947,0.04855735397607308,-0.0935822637106184,-0.2078337330135891,0.001290322580645098,0.22359154929577474,0.4375,0.7777777777777777,0.75,0.0,-1.462962962962963,-1.6130653266331658,-1.5976190476190477,-1.4384615384615385,-0.3087885985748219,0.04997900041999159,0.09989594172736727,0.17333333333333334,0.001877934272300319,-0.09361702127659588,-0.15897191813422173,,0.08787010506208204,0.08080808080808066,0.04587155963302725,0.3236200369750859
1994-01-31,-0.07905138339920947,0.04855735397607308,-0.0935822637106184,-0.2078337330135891,0.001290322580645098,0.22359154929577474,0.4375,0.7777777777777777,0.75,0.0,-1.462962962962963,-1.6130653266331658,-1.5976190476190477,-1.4384615384615385,-0.3087885985748219,0.04997900041999159,0.09989594172736727,0.17333333333333334,0.001877934272300319,-0.09361702127659588,-0.15897191813422173,,0.08787010506208204,0.08080808080808066,0.04587155963302725,0.3236200369750859
1994-04-30,0.08240343347639478,0.04855735397607308,0.09577754891864054,-0.2078337330135891,0.015463917525773141,0.22359154929577474,0.4375,0.7777777777777777,0.75,0.0,-1.462962962962963,-1.6130653266331658,-1.5976190476190477,-1.4384615384615385,0.19587628865979378,-0.09239999999999993,0.09989594172736727,0.17333333333333334,0.019681349578256846,-0.09361702127659588,-0.15897191813422173,,-0.052677787532923626,0.08080808080808066,0.04587155963302725,0.3236200369750859
1994-07-31,-0.0590800951625694,0.04855735397607308,-0.0730733082706767,-0.2078337330135891,0.016497461928933976,-0.1007194244604317,-0.13043478260869568,-0.25,-0.19047619047619035,0.0,0.54,-1.6475409836065573,-1.8844621513944224,-0.7719298245614035,0.03735632183908044,-0.3027765535478184,0.09989594172736727,0.17333333333333334,0.023897058823529438,-0.31924882629107976,-0.15897191813422173,,0.08804448563484724,0.08080808080808066,0.04587155963302725,0.3236200369750859
1994-10-31,0.06531816266329549,0.04855735397607308,0.07452471482889744,-0.2078337330135891,0.019975031210986316,0.2487999999999999,0.1499999999999999,0.33333333333333326,0.2941176470588234,0.0,0.7532467532467533,-1.6962025316455698,-1.7702702702702702,14.076923076923077,0.5429362880886426,-0.07964601769911506,0.09989594172736727,0.17333333333333334,0.04129263913824044,-0.096551724137931,-0.15897191813422173,,-0.034923339011925125,0.08080808080808066,0.04587155963302725,0.3236200369750859
1995-01-31,-0.051819620253164556,0.04855735397607308,-0.0672328379334749,-0.2078337330135891,0.028151774785801775,-0.09288917360666238,0.0,0.0,-0.045454545454545525,0.0,-1.0148148148148148,-1.3636363636363638,-2.456140350877193,-2.076530612244898,-0.3788150807899462,0.03914835164835173,0.09989594172736727,0.17333333333333334,0.02586206896551735,-0.007633587786259555,-0.15897191813422173,,0.09708737864077666,0.08080808080808066,0.04587155963302725,0.3236200369750859
1995-04-30,0.10367125573633706,0.04855735397607308,0.11608497723823974,-0.2078337330135891,0.0452380952380953,0.15819209039548032,1.0,1.4375,1.4761904761904763,0.0,8.5,-8.125,-2.4899598393574296,-1.3175355450236967,0.19364161849710992,-0.05419695968274951,0.33112582781456945,0.17333333333333334,0.054621848739495826,-0.07692307692307698,-0.15897191813422173,,-0.03620273531777951,0.31775700934579443,0.03508771929824572,0.3236200369750859
1995-07-31,-0.10319410319410316,0.04855735397607308,-0.13165646952186716,-0.2078337330135891,0.03986332574031892,-0.07682926829268288,-0.15217391304347827,-0.20512820512820518,-0.17307692307692313,1.0476190476190474,-13.68421052631579,-1.329824561403509,-2.2129380053908356,-2.7164179104477615,-0.2784503631961259,0.0656883298392732,0.1727078891257996,0.17333333333333334,0.05498007968127494,0.016666666666666607,-0.2292020373514433,,0.1769616026711185,0.17730496453900724,0.04237288135593231,0.3236200369750859
1995-10-31,0.1730242360379346,0.04855735397607308,0.22546972860125258,-0.2078337330135891,-0.0470974808324206,0.17040951122853376,0.4358974358974359,0.5806451612903225,0.558139534883721,0.0,-0.18257261410788383,-6.212765957446808,-2.0666666666666664,-2.626086956521739,0.6275167785234899,-0.20065573770491807,0.2963636363636364,0.21969696969696972,-0.0725075528700907,-0.24590163934426224,-0.3516886930983847,,-0.202127659574468,0.2831325301204819,0.008130081300812941,0.3236200369750859
1996-01-31,-0.08965145526410345,0.04855735397607308,-0.1096678023850085,-0.2078337330135891,0.01839080459770126,-0.19187358916478559,-0.6071428571428572,-0.6938775510204082,-0.7014925373134329,-0.5348837209302325,-2.1776649746192893,-1.346938775510204,-1.49375,-2.598930481283422,-0.6164948453608248,-0.11238720262510249,-0.02524544179523147,-0.021739130434782594,0.025244299674267223,-0.0434782608695653,-0.33069082672706684,,0.12622222222222224,-0.009389671361502261,-0.008064516129032251,0.3236200369750859
1996-04-30,0.07420564436550237,0.04855735397607308,0.08706051183927288,-0.2078337330135891,0.013544018058690765,0.033519553072625774,0.18181818181818188,0.2666666666666666,0.30000000000000004,0.30000000000000004,-1.0517241379310345,-2.364705882352941,-2.0843881856540083,-1.1237458193979932,0.19892473118279574,-0.006469500924214389,-0.15587529976019188,-0.12698412698412698,0.019062748212867353,-0.03409090909090917,0.0,,-0.05130228887134969,-0.12796208530805686,-0.0325203252032521,0.3236200369750859
1996-07-31,-0.0982913834282565,0.04855735397607308,-0.11947194719471943,-0.2078337330135891,0.008908685968819663,-0.06013513513513513,-0.34615384615384615,-0.5263157894736843,-0.5,-0.5,4.083333333333333,-2.3017241379310347,-2.498054474708171,-1.5945945945945947,-0.09865470852017932,-0.016744186046511622,-0.19090909090909092,-0.16000000000000003,0.04442712392829318,-0.03529411764705881,0.14720812182741128,,0.12229617304492502,-0.17934782608695643,-0.025210084033613467,0.3236200369750859
1996-10-31,0.0851670741646291,0.04855735397607308,0.10194902548725637,-0.2078337330135891,0.011037527593819041,0.04313443565780006,-1.0,-1.7777777777777777,-1.7692307692307692,-1.7692307692307692,3.5409836065573774,-1.9006622516556293,-1.7298701298701298,-14.0,1.4228855721393034,-0.10690633869441823,-0.6151685393258427,-0.45887445887445877,0.016417910447761086,-0.14634146341463417,0.10471976401179939,,-0.06449221645663439,-0.5827814569536425,-0.04310344827586188,0.3236200369750859
1997-01-31,-0.10683439729628241,0.04855735397607308,-0.13038548752834467,-0.2078337330135891,0.0065502183406114245,-0.10682288077188151,inf,-2.142857142857143,-2.0,-2.0,-1.5054151624548737,-1.7352941176470589,-2.2455516014234878,-2.013986013986014,-0.5954825462012321,0.026483050847457612,-0.20620437956204385,-0.08799999999999997,-0.15712187958883983,0.014285714285714235,1.6408544726301737,,0.12916006339144204,-0.17460317460317465,-0.009009009009009028,0.3236200369750859
1997-04-30,0.09396678578936313,0.04855735397607308,0.106910039113429,-0.2078337330135891,0.04013015184381774,0.1967592592592593,1.0,1.875,2.0999999999999996,2.0999999999999996,-1.9642857142857144,-2.67,-1.6828571428571428,-1.1379310344827587,0.20304568527918776,0.05882352941176472,0.11264367816091969,0.07894736842105265,0.2621951219512195,0.2535211267605635,0.33013144590495447,,-0.03578947368421048,0.11538461538461542,0.027272727272727115,0.3236200369750859
1997-07-31,-0.05514988470407378,0.04855735397607308,-0.06855123674911656,-0.2078337330135891,0.004171011470281538,0.022566086395873652,0.16666666666666674,0.21739130434782616,0.22580645161290325,0.22580645161290325,-0.7111111111111111,-1.6616766467065869,-2.1924686192468616,-1.625,-0.10548523206751059,0.5867446393762186,0.5433884297520661,0.2845528455284554,-0.04899930986887513,0.258426966292135,0.40630938806537453,,0.06404657933042213,0.517241379310345,0.026548672566371723,0.3236200369750859
1997-10-31,0.12182224933902797,0.04855735397607308,0.13707637835103692,-0.2078337330135891,0.05919003115264787,0.22194199243379575,1.0,1.2142857142857144,2.3947368421052633,0.0,7.871794871794872,-1.7737556561085972,-1.7789473684210526,-16.880000000000003,1.8726415094339623,0.4361179361179359,1.2436412315930387,0.8607594936708858,0.14368650217706835,0.5178571428571426,-0.08432432432432424,,-0.037619699042407695,1.1590909090909087,0.07758620689655182,0.3236200369750859
1998-01-31,-0.10641769398114576,0.04855735397607308,-0.12010676156583633,-0.2078337330135891,-0.04607843137254897,-0.10887512899896801,-0.4571428571428572,-0.5,-0.6666666666666667,0.10526315789473673,-1.9595375722543351,-1.8947368421052633,-2.09009009009009,-2.0604534005037785,-0.6912972085385878,0.027801539777587703,0.16945107398568027,0.1428571428571428,-0.058375634517766506,-0.10588235294117643,-0.6590909090909092,,0.05117270788912598,0.11578947368421066,0.05600000000000005,0.3236200369750859
1998-04-30,0.20693852708460136,0.04855735397607308,0.3035894843276037,-0.2078337330135891,-0.18602261048304214,0.18239722061378116,0.763157894736842,1.032258064516129,1.0930232558139537,1.119047619047619,-1.5030120481927711,-4.627450980392156,-3.6983471074380163,-1.6294536817102139,1.4095744680851063,0.3137744486059093,0.24693877551020416,0.17261904761904767,-0.2082210242587601,0.40131578947368407,0.1385281385281385,,-0.10412440838404324,0.18867924528301883,0.037878787878787845,0.3236200369750859
1998-07-31,-0.10119347789544464,0.04855735397607308,-0.11634671320535195,-0.2078337330135891,-0.002525252525252486,-0.0822722820763957,-0.25373134328358204,-0.2063492063492064,-0.18888888888888888,-0.1910112359550562,1.1137724550898205,-0.9819819819819819,-1.8070444104134764,-1.6943396226415093,-0.4061810154525386,-0.04783021856192593,0.09492635024549911,0.050761421319797106,-0.002553191489361617,0.2018779342723005,-0.23269961977186315,,0.10943396226415092,0.0793650793650793,0.014598540145985162,0.3236200369750859
1998-10-31,0.15541425098185901,0.04855735397607308,0.18696510862409488,-0.2078337330135891,-0.02658227848101269,0.1963713980789754,1.88,1.88,1.9452054794520546,1.9722222222222223,-0.509915014164306,47.6,-1.918406072106262,-1.9293478260869565,0.6356877323420074,-0.24318030605455754,0.4032137518684604,0.2898550724637683,-0.013651877133105783,-0.2421875,-0.32111000991080285,,-0.15782312925170072,0.34191176470588225,0.014388489208633004,0.3236200369750859
1999-01-31,-0.05794755584331501,0.04855735397607308,-0.07561471621371785,-0.2078337330135891,0.06631989596879073,-0.1418376449598573,-0.5763888888888888,-0.5763888888888888,-0.5720930232558139,-0.5747663551401869,-2.8959537572254335,-1.977366255144033,-1.2272727272727273,-0.7836257309941521,0.084090909090909,0.22021978021978028,0.07376830892143804,0.035580524344569264,0.06747404844290661,0.23711340206185572,-0.027737226277372184,,0.13247172859450718,0.07671232876712342,-0.014184397163120588,0.3236200369750859
1999-04-30,0.09982817869415817,0.04855735397607308,0.10319999999999996,-0.2078337330135891,0.0792682926829269,0.18866943866943875,0.5737704918032787,0.5737704918032787,0.5652173913043477,0.5604395604395602,-1.5548780487804879,-2.191578947368421,-2.254545454545455,-7.648648648648648,-0.620545073375262,0.5421469740634006,0.07217261904761907,0.06871609403254975,0.09400324149108585,0.4458333333333335,0.3798798798798797,,-0.01854493580599137,0.07379134860050884,0.007194244604316502,0.3236200369750859
1999-07-31,-0.048117481643493165,0.04855735397607308,-0.08212472806381432,-0.2078337330135891,0.16384180790960445,-0.17883690424136423,1.65625,1.65625,1.7361111111111112,1.7183098591549295,-0.6868131868131868,-1.3462897526501767,-2.4275362318840576,-1.2276422764227641,0.30939226519337026,0.13594954449894892,0.47490168864214644,0.5363790186125212,0.1955555555555557,0.03746397694524495,0.019586507072905324,,0.22383720930232553,0.5805687203791468,-0.02857142857142847,0.3236200369750859
1999-10-31,0.13704250779583127,0.04855735397607308,0.11337151886233454,-0.2078337330135891,0.2533980582524271,0.36208732694355694,-2.3705882352941177,-0.48235294117647054,0.0,0.0,5.859649122807017,-3.836734693877551,-1.868020304568528,-0.8928571428571429,0.025316455696202445,-0.0958256220440058,-0.14899623588456712,-0.8909691629955947,0.2825278810408922,-0.24444444444444446,-0.4364994663820704,,0.10332541567695963,-0.056971514242878496,0.007352941176470562,0.3236200369750859
2000-01-31,-0.06986143187066973,0.04855735397607308,-0.09047365620010639,-0.2078337330135891,0.020139426800929616,-0.1532447224394058,-1.200286123032904,-0.4696969696969697,-0.7157360406091371,-0.7150259067357513,-1.2250639386189257,-1.5377697841726619,-0.9590643274853801,35.333333333333336,0.8971193415637859,-0.05048896975210371,-0.09546627349797265,0.1212121212121211,0.02512077294685988,-0.2573529411764707,-0.04924242424242442,,0.0968783638320776,-0.011128775834658211,0.0,0.3236200369750859
2000-04-30,0.03134698944754821,0.08422818791946307,0.04193485469085245,0.08678102926337039,-0.009870918754745661,0.10249307479224368,0.3999999999999999,0.3999999999999999,0.4375,0.4363636363636363,-2.6022727272727275,-0.8361204013377926,-25.428571428571427,-0.9128440366972477,0.04121475054229928,-0.12790419161676658,-0.08170334148329261,0.018018018018017834,0.034401508011310034,-0.14851485148514854,-0.14741035856573692,,-0.04023552502453387,-0.008038585209003246,0.007299270072992581,-0.002327901563019652
2000-07-31,0.00812518808305751,-0.0934695140823274,-0.007675028079371038,-0.18337975858867228,0.0728527607361964,-0.19430485762144056,-0.020408163265306145,-0.020408163265306145,0.006211180124223503,0.012658227848101333,0.8865248226950355,-10.653061224489797,-2.5146198830409356,1.736842105263158,0.10833333333333339,-0.08514144465806084,-0.33614377634790316,-2.1327433628318584,0.07334851936218678,-0.11627906976744184,-0.10046728971962615,,0.0644171779141105,-0.29011345218800644,-0.021739130434782483,0.11013333333333342
2000-10-31,0.03656716417910455,-0.15773301468077838,0.06225240520656472,0.3695281409891984,-0.060757684060042894,0.025467775467775455,-2.09375,-2.09375,-2.0864197530864197,-2.0999999999999996,0.37969924812030076,0.44186046511627897,-0.6911196911196911,-5.519230769230769,-0.44172932330827064,0.05343740618432902,-0.6002673796791445,-2.859375,-0.06112054329371808,-0.019736842105263164,0.4233766233766234,,-0.09414024975984636,-0.5707762557077625,-0.06666666666666676,-0.3849987989430699
2001-01-31,-0.04420446364290853,-0.07377381434941221,-0.04848161960575381,-0.14985471149854712,-0.025875190258751957,-0.2361885453623923,-0.6666666666666667,-0.6666666666666667,-0.6704545454545454,-0.6704545454545454,-1.103542234332425,-1.466275659824047,-2.825,-1.570212765957447,0.4511784511784511,-0.23396979196352252,-0.6580267558528428,-0.6638655462184875,-0.028481012658228,-0.18120805369127513,0.9470802919708028,,0.019088016967126364,-0.6329787234042553,-0.07936507936507942,0.08944439019626982
2001-04-30,0.011599879481771547,-0.004376367614879695,0.014557670772676445,0.076171875,-0.0007812499999999556,0.19044459190444596,-1.0857142857142856,-1.0857142857142856,-1.0862068965517242,-1.0862068965517242,-4.657894736842105,-1.4842767295597485,-1.0821917808219177,-1.0223880597014925,-0.00696055684454755,-0.02418154761904756,-1.7628361858190709,-1.7625000000000002,-0.0009306654257794644,0.0,1.9268978444236176,,-0.01196670135275757,0.0,-0.0775862068965516,-0.07484090705386748
2001-07-31,-0.0038719285182426955,-0.056263736263736264,-0.004782928623988214,-0.073502722323049,0.0,-0.1159420289855072,-0.33333333333333337,-0.33333333333333337,-0.4,-0.4,-0.9712230215827338,0.48051948051948057,14.666666666666666,11.0,-0.08411214953271029,0.14029736942432325,2.3685897435897436,2.2786885245901636,0.0,0.139344262295082,0.0,,0.0036861506055818616,0.0,-0.04672897196261683,0.01860104630885484
2001-10-31,0.056510689191209496,0.2743362831858407,0.09796672828096109,0.11312438785504408,-0.11884284597341677,0.15699873896595218,2.5,2.5,2.666666666666667,2.666666666666667,27.75,-1.6842105263157894,-0.1542553191489362,-12.944444444444445,1.0969387755102042,0.027081243731193583,-0.8230256898192199,-0.8300000000000001,-0.11923614345598499,0.02877697841726623,0.0,,-0.1663168940188876,0.0,-0.02941176470588236,0.1448544797412974
2002-01-31,-0.07004386585538414,-0.24488304093567248,-0.07508417508417509,-0.11658600967883859,-0.04347826086956519,-0.19782016348773845,-9.0,-9.0,-9.454545454545455,-9.454545454545455,-2.426086956521739,-1.1794871794871795,-2.2452830188679247,-1.9069767441860463,-0.4744525547445255,0.15266927083333326,0.9946236559139787,0.911764705882353,-0.05499735589635113,0.30769230769230793,0.0,,0.028319697923222087,0.0,0.0,-0.14521890836587192
2002-04-30,0.024802191113816097,0.10116166505324298,0.027120495085547924,0.07868525896414336,0.01298701298701288,0.13994565217391308,-0.9285714285714286,-0.9285714285714286,-0.9247311827956989,-0.9247311827956989,-1.2317073170731707,-0.7142857142857143,-1.4848484848484849,-1.323076923076923,0.29166666666666674,0.19005930528099424,0.20485175202156314,0.15384615384615397,0.00671516508114145,0.26203208556149726,0.0,,-0.011627906976744096,0.0,-0.02020202020202022,0.02079891145883961
2002-07-31,-0.02628062360801786,-0.040879120879120934,-0.023569023569023573,-0.06602031394275165,-0.04029304029304026,-0.05005959475566146,3.0,3.0,2.857142857142857,2.857142857142857,0.5526315789473684,-12.0,-2.645833333333333,-1.0873015873015872,-0.01971326164874554,-0.24489795918367352,0.4272930648769575,0.3600000000000001,-0.040578098943857555,-0.25,0.0,,-0.014241486068111486,0.0,0.010309278350515427,0.026944682471674808
2002-10-31,0.058706922842330034,0.19523373052245652,0.21451905626134304,0.18586258032624814,-0.7604961832061069,0.2797992471769135,27.75,27.75,27.148148148148145,27.148148148148145,-1.11864406779661,-2.1022727272727275,-2.120253164556962,-7.636363636363637,0.13345521023766005,-0.34883720930232565,8.731974921630094,6.8431372549019605,-0.7902665121668598,-0.3220338983050848,0.0,,-0.7763819095477387,0.0,0.030612244897959107,0.007880585944743057
2003-01-31,-0.02030822411061506,-0.09930981595092025,-0.02674835624626415,-0.05085452271779911,0.15139442231075706,-0.2264705882352941,-0.7847826086956522,-0.7847826086956522,-0.8039473684210526,-0.8039473684210526,47.714285714285715,-2.3917525773195876,-0.4915254237288136,-2.589041095890411,-0.18709677419354842,0.2934362934362935,0.4002254791431792,0.07125000000000004,0.1546961325966849,5.166666666666667,0.0,,0.1769662921348314,0.0,0.00990099009900991,-0.05105326096955187
2003-04-30,-0.0036753895912966517,0.054916985951468655,-0.0012283126055581128,0.008344312692138756,-0.05882352941176472,0.18124207858048158,-0.8585858585858586,-0.8585858585858586,-0.8590604026845637,-0.8590604026845637,-1.5249266862170088,-1.5629629629629629,-2.6,-0.646551724137931,-0.0813492063492064,-0.07238805970149254,0.0,0.015169194865810809,-0.062200956937799035,-0.19594594594594594,0.0,,-0.05727923627684961,0.0,0.02941176470588247,0.04623885226832081
2003-07-31,-0.027003098716246177,-0.11904761904761907,-0.03136049192928514,-0.07099303135888502,0.07720588235294112,0.016094420600858417,-2.2857142857142856,-2.2857142857142856,-2.238095238095238,-2.1904761904761907,-1.324022346368715,1.4342105263157894,-0.7708333333333334,5.7317073170731705,-0.5961123110151187,0.3041029766693484,0.0,-0.05862068965517231,0.07397959183673475,0.38991596638655457,0.0,,0.1088607594936708,0.0,0.03809523809523818,-0.05179282868525881
2003-10-31,0.046405823475887065,0.012368300503893703,0.04586573559752427,0.03328645100797001,0.058020477815699634,0.05807814149947199,3.2777777777777777,3.2777777777777777,3.3076923076923084,3.88,-3.9310344827586206,-0.9459459459459459,-4.03030303030303,-1.9420289855072463,1.390374331550802,0.24922887106724234,-0.9278812974465148,-0.967032967032967,0.05463182897862251,0.16324062877871826,0.0,,0.011415525114155223,0.0,-0.00917431192660556,-0.020226695329294664
2004-01-31,-0.02608695652173909,0.0063348416289592535,-0.028831562974203306,-0.005444646098003658,0.032258064516129004,-0.07235528942115765,-1.2987012987012987,-1.2987012987012987,-1.3035714285714286,-1.278688524590164,-2.9176470588235297,-22.6,-1.63,-1.6653846153846152,-0.3870246085011185,0.1432098765432097,-4.138755980861244,-4.185185185185185,0.024774774774774633,0.08419958419958418,0.0,,0.060948081264108334,0.10144927536231885,0.04629629629629606,0.011867956517403133
2004-04-30,0.02351190476190479,0.08093525179856109,0.01718749999999991,0.0866788321167884,0.1499999999999999,0.25389994620763856,-2.782608695652174,-2.782608695652174,-2.735294117647059,-2.5882352941176467,-1.7699386503067485,-1.5138888888888888,-0.6031746031746033,-1.6647398843930636,0.4197080291970803,0.0008639308855293848,0.8013211382113821,0.941860465116279,0.14505494505494498,-0.023969319271332723,0.6128722382324687,,0.12553191489361715,0.8421052631578947,0.053097345132743445,-0.005322294500295532
2004-07-31,-0.0008723466123873314,-0.021214642262895156,-0.004454685099846367,-0.05583543240973976,0.0625,0.012441012441012367,0.36585365853658547,0.36585365853658547,0.35593220338983067,0.35185185185185164,-1.2868525896414342,-1.8018018018018018,-3.68,-0.26956521739130435,0.21593830334190223,-0.1368148467846354,0.24090267983074765,0.32335329341317376,0.06333973128598847,-0.2455795677799607,-0.5245185626364899,,0.06427221172022679,0.26428571428571423,0.050420168067226934,0.03666270313119302
2004-10-31,0.10477299185098943,0.3459413514662133,0.08949236228977009,0.4450867052023122,0.3580562659846547,0.3449152542372882,2.0892857142857144,2.0892857142857144,2.0999999999999996,1.6849315068493151,-5.444444444444445,-4.449438202247191,0.4776119402985075,0.33333333333333326,0.2790697674418605,-0.10775000000000001,0.40895658104114574,0.592760180995475,0.3592057761732852,-0.16145833333333326,-0.3068893528183715,,0.23268206039076378,0.4350282485875705,0.11199999999999988,-0.06853374115847832
2005-01-31,-0.01304004214963117,-0.15345753078623303,-0.01642826795071517,0.14984615384615374,0.03201506591337089,-0.19407687460617518,-0.8959537572254335,-0.8959537572254335,-0.8991935483870968,-0.8775510204081632,-2.071875,-1.98371335504886,-1.2424242424242424,-1.5803571428571428,-0.1074380165289256,0.10815354441019887,0.020167796063246035,0.13636363636363624,0.031872509960159334,-0.18478260869565222,-0.17530120481927725,,0.04610951008645525,0.08661417322834652,0.043165467625899234,-0.2638276038994356
2005-04-30,0.1027625784065127,0.2413278627377844,0.10107991360691138,0.06957452502006967,0.12408759124087587,0.16106333072713053,1.9444444444444446,1.9444444444444446,2.04,1.9166666666666665,-2.0233236151603498,-3.1589403973509933,-18.75,-2.9230769230769234,0.2314814814814814,-0.08495575221238938,-0.08318835995571716,-0.007500000000000062,0.12483912483912496,-0.11238095238095236,-0.23813002191380572,,0.02066115702479343,-0.018115942028985477,0.006896551724137945,0.16057987175913024
2005-07-31,0.0609947960789059,0.12109375,0.056492742251863515,-0.11208406304728546,0.11688311688311681,0.008080808080808133,0.2075471698113207,0.2075471698113207,0.19736842105263164,0.18571428571428572,-0.7777777777777778,0.1334355828220859,0.38262910798122074,-1.576,-0.1082706766917293,-0.12406742193976228,-0.10212178713127484,-0.032745591939546626,0.1167048054919908,-0.22103004291845496,-0.16299137104506223,,0.05263157894736836,-0.029520295202951963,0.0,0.262671150612539
2005-10-31,0.23029542602942854,0.3004556419190565,0.5453645253125388,0.32093547478162865,-3.4694767441860463,0.20307281229124907,-0.9375,-0.9375,-0.9340659340659341,-0.927710843373494,1.423076923076923,-1.0108254397834913,-0.9915110356536503,-3.8055555555555554,0.39797639123102857,-0.04037854889589898,0.0,-0.5911458333333333,-3.4846311475409837,-0.14049586776859502,-0.06529209621993126,,0.0,-0.5627376425855514,-0.06164383561643827,-0.015504613335869832
2007-10-31,0.06137585759317643,0.12221764220939813,-0.024269122947537025,-0.14867747440273038,-0.5679811653914066,0.0,0.0,0.0,0.0,0.0,0.0,0.0,0.0,0.0,-0.06272617611580222,0.9395134779750163,0.0,0.0,-0.5665979381443299,0.0,0.0,,0.0,0.0,0.0,0.3181642512077296
2008-01-31,0.004367575122292022,-0.047199265381083544,0.010671482515186348,-0.030568779754447495,0.2956403269754768,-0.17990005552470845,-17.25,-17.25,-16.333333333333336,-16.333333333333336,-1.0476190476190477,-60.25,57.8,-1.9059405940594059,-0.2355212355212355,-0.08305084745762714,0.0,0.0,0.2940057088487156,0.0,0.0,,0.0,0.0,0.0,-0.017151652862273714
2008-04-30,0.01843798921551576,0.0788357748650732,-0.0019493177387914784,0.08503489273714138,-0.24710830704521558,0.3368314150304672,-4.246153846153846,-4.246153846153846,-4.260869565217391,-4.130434782608695,-37.666666666666664,-1.090717299578059,-1.9829931972789114,-1.4426229508196722,0.13636363636363646,0.05397412199630325,0.0,0.0,-0.24632352941176472,0.0,0.0,,0.0,0.0,0.0,-0.005667835036169744
2008-07-31,-0.000683176771989702,0.022512060032159997,-0.02083333333333337,-0.004525964745116684,-0.5391061452513967,0.0005064573309698783,0.5687203791469195,0.5687203791469195,0.5599999999999998,0.5520833333333333,0.08181818181818179,-0.8837209302325582,0.20415224913494812,-0.962962962962963,0.004444444444444473,0.13416345142055408,0.0,0.0,-0.5424390243902439,0.0,0.0,,0.0,0.0,0.0,0.027150678766969083
2008-10-31,-0.11211758673730987,-0.03284990389655773,-0.024102393617021267,-0.07274467575975119,3.5303030303030303,-0.02050113895216399,-2.0362537764350455,-2.0362537764350455,-2.02991452991453,-2.0782997762863538,0.23809523809523814,17.6,-0.0431034482758621,60.0,0.26991150442477885,0.0,0.0,-0.24840764331210186,3.4861407249466945,0.0,0.0,,0.0,-0.20869565217391295,-0.051094890510948954,0.043008397225264616
2009-01-31,-0.07382098171318574,-0.07822944896115624,-0.05535683869868846,-0.03612903225806452,-0.0013377926421405117,-0.2325581395348837,-1.6822157434402332,-1.6822157434402332,-1.6804979253112031,-1.6784232365145226,-0.26696832579185525,-1.5376344086021505,0.8948948948948949,-2.989071038251366,-0.4227642276422764,-0.6244008040822638,0.0,2.3813559322033897,0.010456273764258617,0.0,0.8492647058823528,,0.0,2.2307692307692304,0.04615384615384621,-0.043685242229067334
2009-04-30,0.0035332017042501995,-0.01038808310466488,-0.00018031013342945101,-0.1261044176706827,-0.030810448760884124,-0.054545454545454564,-0.9487179487179487,-0.9487179487179487,-0.9512195121951219,-0.9510703363914373,-0.49691358024691357,1.92,-1.3280507131537242,-1.6071428571428572,0.44466800804828965,0.24248662000823384,0.0,-0.4335839598997494,-0.029162746942615336,0.0,-0.655400927766733,,0.0,-0.41496598639455784,-0.03676470588235292,0.13243045387994123
2009-07-31,-0.028269648959304172,-0.015250544662309351,-0.038322813345356144,0.4681372549019607,-0.06565307532826536,-0.10754985754985757,-2.0,-2.0,-2.0,-2.0,1.5276073619631902,-1.3356164383561644,-3.1932367149758454,-0.8959276018099548,0.14345403899721454,0.40457256461232616,0.0,-1.4955752212389382,-0.06976744186046513,0.0,1.646153846153846,,0.0,0.0,-0.05343511450381688,-0.32923912340810646
2009-10-31,0.06852088661551581,0.15607401448109415,0.10323488045007023,-0.126669449081803,0.34097633136094685,0.3108539505187551,-8.166666666666668,-8.166666666666668,-8.5625,-8.3125,-0.22572815533980584,-2.326530612244898,-1.2951541850220265,16.0,0.47624847746650434,-0.05685303137532449,0.0,-3.955357142857143,0.33802083333333344,0.0,0.0,,0.0,0.6104651162790697,-0.032258064516129115,0.32372783346183476
2010-01-31,-0.08985738506033714,-0.13569937369519836,-0.08652048274689783,-0.11804062126642767,-0.06729178157749582,-0.1449010654490106,-0.8023255813953488,-0.8023255813953488,-0.8016528925619835,-0.8034188034188035,-0.6081504702194358,0.33846153846153837,-5.134328358208955,-2.3350383631713556,-0.43069306930693074,-0.08629314657328657,0.0,-0.6737160120845921,-0.06850914752822113,0.0,-0.4018895348837209,,0.0,-0.6750902527075813,-0.008333333333333304,-0.020021842009464774
2010-04-30,-0.020381328073635796,-0.0092592592592593,-0.05675474506885003,-0.0054185857491194644,-0.25192193968066234,-0.023495906016375967,0.7647058823529411,0.7647058823529411,0.7916666666666667,0.826086956521739,0.1279999999999999,-0.3908045977011494,-0.5072202166064982,-0.6513409961685823,-0.263768115942029,0.22118806460443463,0.0,0.19444444444444442,-0.2590890096113665,0.0,2.8712029161603887,,0.0,0.18888888888888888,0.01680672268907557,-0.0038632986627044064
2010-07-31,0.05346756152125276,0.11113368549370173,0.03156441112645503,-0.05802233723780981,-0.12648221343873522,0.17426175720014592,3.5666666666666664,3.5666666666666664,3.395348837209302,3.3571428571428577,1.8226950354609928,0.7169811320754718,0.098901098901099,-1.0384615384615385,0.013779527559055094,0.1432414256893073,0.0,1.2325581395348837,-0.12746756909193457,0.0,-0.03578154425612057,,0.0,1.0934579439252339,0.06611570247933884,0.17959427207637235
2010-10-31,0.03312805266510943,0.06692265496434446,0.018741633199464536,0.037883169462116895,-0.11221719457013579,0.046879850977957105,-0.7153284671532847,-0.7153284671532847,-0.7142857142857142,-0.6994535519125683,0.11306532663316582,1.2307692307692308,-0.42333333333333334,8.571428571428571,0.13592233009708732,-0.07450980392156858,0.0,-0.16666666666666663,-0.11376858435681958,0.0,-0.5791015625,,0.0,-0.1785714285714286,0.015503875968992276,0.027946383409205966
2011-01-31,-0.0463514902363823,-0.06478149100257069,-0.05096677304298858,-0.03733630537754251,-0.1019367991845056,-0.18653618030842234,-1.1538461538461537,-1.1538461538461537,-1.1481481481481481,-1.1454545454545455,-0.9887133182844243,-1.3103448275862069,0.48554913294797686,-3.7761194029850746,-0.31794871794871793,0.21525423728813542,0.0,-0.10833333333333339,-0.10940919037199126,0.0,0.4640371229698377,,0.0,-0.09782608695652173,-0.01526717557251911,-0.028478287612252462
2011-04-30,0.07403815066278696,0.1361553967381346,0.05291266936999306,0.2680173661360348,-0.07832009080590241,0.2231133795114837,-13.333333333333334,-13.333333333333334,-13.625,-12.625,43.2,-7.936507936507937,-1.7743190661478598,-0.9516129032258065,-0.022556390977443663,0.13301952580195242,0.0,0.1869158878504673,-0.08271908271908279,0.0,0.2620179609086106,,0.0,0.15662650602409633,0.023255813953488413,-0.10402025957581507
2011-07-31,0.12161348585189646,0.06483870967741945,-0.02113469847830174,-0.13398767404702128,-1.875615763546798,0.054247391952309876,17.91891891891892,17.91891891891892,17.91089108910891,18.61290322580645,0.41628959276018107,-1.0091533180778032,-2.301507537688442,-7.0,0.1384615384615384,-0.07324203723649791,0.0,4.909448818897639,-1.8714285714285714,0.0,-0.21933863541230647,,-0.18846153846153857,5.036458333333334,-0.015151515151515138,0.22957885811192758
2011-10-31,0.09957058507783145,0.09588003635262043,0.17675846847711352,0.26462836056932004,-1.0379746835443038,0.22222222222222232,-0.8178571428571428,-0.8178571428571428,-0.8157068062827225,-0.8174342105263157,0.08945686900958472,-114.25,-1.8378378378378377,0.7592592592592593,0.2139639639639639,-0.31612153411920974,0.0,0.0752831445702864,-1.0440573770491803,0.3525641025641024,-0.8873994638069704,,0.0,0.06471095772217428,0.007692307692307665,-0.13344060686167458
2012-01-31,-0.06411195183467577,-0.10725639253628194,-0.046481285166761754,-0.12025844101709049,7.7407407407407405,-0.2940087901919963,-1.6,-1.6,-1.6221590909090908,-1.6576576576576576,-0.6510263929618768,-1.664459161147903,-3.2027649769585254,-1.5368421052631578,-0.09461966604823746,-0.038844379703811494,0.0,-0.13073110285006184,7.116279069767442,0.0,-0.15714285714285714,,0.0,-0.10453808752025928,-0.03053435114503822,0.014788779096757132
2012-04-30,-0.010345127358080464,-0.012540640966093863,0.00838108269905069,0.11821843165126755,0.9279661016949152,0.08060288335517685,0.12418300653594772,0.12418300653594772,0.14155251141552516,0.14155251141552516,-1.5882352941176472,-0.920265780730897,-0.9330543933054394,0.7254901960784315,-0.180327868852459,0.021217479161404373,0.0,-0.18175338560228083,0.9140401146131802,0.0,0.12429378531073443,,0.0,-0.15294117647058825,-0.03149606299212604,-0.1169128218533525
2012-07-31,-0.02117006324666193,-0.041235497021009704,-0.024595030107709248,-0.0402542372881356,-0.10549450549450545,0.00636749545178894,-1.4883720930232558,-1.4883720930232558,-1.488,-1.488,-5.242857142857143,-3.0416666666666665,2.03125,-2.6704545454545454,0.36749999999999994,-0.3141231758595102,0.0,-0.9895470383275261,-0.10479041916167653,0.0,-0.17587939698492472,,0.0,-0.9893162393162394,-0.016260162601625994,-0.0010360393694959225
2012-10-31,-0.1831643184061743,-0.04546197874080127,0.07486305538648819,-0.03907284768211916,7.132678132678132,-0.012051822838204274,-33.964285714285715,-33.964285714285715,-33.84426229508197,-33.84426229508197,-0.11111111111111116,4.673469387755102,-6.608247422680412,2.673469387755102,0.987202925045704,-0.19473494410385872,0.0,-233.58333333333337,5.9230769230769225,0.0,0.0,,0.0,0.0,-0.008264462809917328,-0.0066671605304097215
2013-01-31,-0.06273346517248957,-0.07212609217063559,-0.042226176994013875,-0.10429588789340682,0.01480362537764357,-0.19579139981701743,-0.9555796316359697,-0.9555796316359697,-0.961816820564013,-0.961816820564013,-0.75,0.24820143884892087,-1.5569852941176472,-2.0925925925925926,-0.5427782888684453,0.022839229735781563,0.0,0.06341812970261551,0.01352657004830915,0.0,0.0,,0.0,0.0,0.04166666666666674,0.035946006413602793
2013-04-30,0.022506154026491698,0.028249630723781394,0.04400337837837842,0.027699410105155087,0.09467103304554936,-0.04209328782707622,2.040650406504065,2.040650406504065,2.03921568627451,2.03921568627451,-2.6515151515151514,-0.34005763688760804,-2.1386138613861387,-1.0135593220338983,0.016096579476861272,0.33318739054290725,0.0,0.1435309973045822,0.09080076263107717,0.0,0.0,,0.0,0.0,0.0,0.000503923403642581
2013-07-31,-0.055256219190645384,-0.05476746274016875,-0.015128225871693268,-0.017968555028699762,0.08022844710361698,0.13262074425969916,-0.339572192513369,-0.339572192513369,-0.3419354838709677,-0.3419354838709677,-1.7064220183486238,-0.49781659388646293,-1.0811594202898551,-11.0,-0.15841584158415845,0.05714285714285716,0.0,0.19681791396582216,0.07996504260432591,0.0,0.0,,0.0,0.0,0.04800000000000004,-0.037487408260181376
2013-10-31,0.00897949278000243,0.037044072948328344,-0.021192705766387432,0.08284625158830994,-0.08131923464249746,-0.038448095071653254,-0.3765182186234818,-0.3765182186234818,-0.369281045751634,-0.369281045751634,-0.1428571428571429,0.034782608695652195,-14.535714285714286,-5.125,0.776470588235294,0.11338925132028588,0.0,-0.7385524372230428,-0.08982399352619863,0.0,0.0,,0.0,0.0,-0.03053435114503822,-0.04223667488973615
2014-01-31,-0.07949488875526156,-0.10276607437259566,-0.03230949983215847,-0.0018774935461158826,0.07207454097012889,-0.19738276990185388,0.6103896103896105,0.6103896103896105,0.5803108808290156,0.5803108808290156,-2.409090909090909,-1.957983193277311,-1.5435356200527703,-1.6242424242424243,-0.2728476821192053,0.009765624999999778,0.0,0.1704331450094161,0.07046010224494315,0.0,0.0,,0.0,0.0,-0.007874015748031482,-0.1010771152044958
2014-04-30,0.009537496733734052,0.045732952225398193,0.02324169629693862,-0.04726075711262634,0.05010224948875264,0.243659420289855,0.19758064516129026,0.19758064516129026,0.19672131147540983,0.19672131147540983,1.5053763440860215,-0.7543859649122807,-2.1601941747572813,-1.2184466019417475,0.08196721311475419,-0.053053329649074166,0.0,-0.0466613032984714,0.04962624584717612,0.0,0.0,,0.0,0.0,0.04761904761904767,0.09759485977251026
2014-07-31,-0.0032354083085285312,0.004099960952752779,-0.0043224002034070175,-0.00863770977295164,-0.006329113924050667,0.035688273852876984,-0.9932659932659933,-0.9932659932659933,-0.9945205479452055,-0.9945205479452055,-0.9227467811158798,-5.571428571428571,-0.5774058577405858,-2.0444444444444443,-0.07912457912457915,0.048438867814414754,0.0,-0.24641350210970459,-0.006923837784371778,0.0,0.0,,0.0,0.0,0.015151515151515138,0.012815441816312001
2014-10-31,-0.03362762918722406,-0.025277075636787827,0.026642832822608042,0.05327358725416986,0.14012738853503182,0.057665260196905876,35.0,35.0,43.5,43.5,-1.4444444444444444,-0.3046875,-0.5544554455445545,0.06382978723404253,-0.09140767824497253,-0.02978012802671859,0.0,-0.09182530795072785,0.1394422310756973,0.0,0.0,,0.0,0.0,0.05970149253731338,-0.07459189252518938
2015-01-31,-0.08840521295176673,-0.09774586076201874,-0.048752176436448025,-0.13046561096667453,0.014181349376880092,-0.19514627659574468,-0.41666666666666663,-0.41666666666666663,-0.4157303370786517,-0.4157303370786517,-27.375,-6.134831460674158,-3.422222222222222,-3.46,0.2474849094567404,-0.03843947217441179,0.0,-0.3131935881627621,0.013286713286713159,0.0,0.0,,0.0,0.0,0.04929577464788748,0.037643484132342975
2015-04-30,0.020633750921149607,0.055936325447711654,0.017083587553386126,0.08888284860016316,0.01165254237288127,0.11235026848409757,0.5238095238095237,0.5238095238095237,0.5,0.5,-0.8767772511848342,-1.273522975929978,-2.1559633027522933,-1.3008130081300813,-0.05967741935483872,-0.1232100238663485,0.0,-0.5511669658886893,0.011559696342305026,0.0,0.0,,0.0,0.0,0.020134228187919545,-0.03025866276232314
2015-07-31,-0.022527075812274422,-0.03224455611390287,-0.00779844031193766,-0.06415376934598105,0.008795811518324648,-0.05755662829558117,-0.5625,-0.5625,-0.5641025641025641,-0.5641025641025641,-9.576923076923077,1.616,-0.45238095238095233,-0.027027027027026973,-0.061749571183533414,-0.20483157536577068,0.0,0.17999999999999994,0.008357496162374023,0.0,0.0,,0.0,0.0,0.006578947368421018,0.03413856735447096
2015-10-31,-0.011375387797311287,0.0,0.023665572637761256,0.010402774073086096,0.07265933153414994,-0.01970055161544526,0.7857142857142858,0.7857142857142858,0.7941176470588234,0.7941176470588234,-0.7309417040358744,-1.9510703363914375,-0.8260869565217391,-11.13888888888889,0.6672760511882998,-0.33418913136499784,0.0,-0.08135593220338977,0.07222598105548039,0.0,0.0,,0.0,0.0,-0.02614379084967322,-0.010300916538243277
2016-01-31,-0.10639569635385537,-0.14777152747728262,-0.05754303071211608,0.0031678986272438703,0.005806077027288525,-0.29059485530546625,-0.33999999999999997,-0.33999999999999997,-0.34426229508196715,-0.34426229508196715,-2.7,-1.189710610932476,-15.583333333333334,-1.9123287671232876,-0.3651315789473685,-0.3251928020565553,0.0,-0.022140221402214055,0.005205868433506788,0.0,0.0,,0.0,0.0,-0.033557046979865834,-0.15046713653499422
2016-04-30,0.034782608695652195,0.048489464331048504,0.012444046553267585,-0.047368421052631615,-0.01327689051375791,0.24475920679886687,-1.121212121212121,-1.121212121212121,-1.125,-1.125,-0.9803921568627451,0.8135593220338984,-1.5942857142857143,-1.03003003003003,0.017271157167530138,0.07809523809523822,0.0,-0.369811320754717,-0.013339610797237889,0.0,0.0,,0.0,0.0,-0.02777777777777779,0.1006174030484277
2016-07-31,-0.07579185520361986,-0.08668280871670697,-0.04032186753912814,-0.02403314917127075,0.0017550702028081844,-0.050523441055985385,-9.5,-9.5,-9.399999999999999,-9.399999999999999,-46.0,-0.9906542056074766,-2.4038461538461537,-5.2,-0.07130730050933787,0.15194346289752647,0.0,0.10179640718562877,0.0014315253698107266,0.0,0.0,,0.0,0.0,-0.0071428571428571175,-0.06424752388465238
2016-10-31,-0.011540479104738544,-0.0034464475079533097,0.008569059246291255,-0.09340503821115198,0.03134124975666741,-0.011025886864813095,0.0,0.0,0.0,0.0,2.1222222222222222,-101.0,-0.06849315068493156,-7.119047619047619,0.46983546617915906,0.36579754601227,0.0,-0.1032608695652173,0.030972045743329124,0.0,0.0,,0.0,0.0,-0.007194244604316502,0.09928812289246891
2017-01-31,-0.04581638068282323,-0.08246874168661877,-0.020372738900054865,-0.1364345925694661,0.006606266515666315,-0.19389238972370337,0.8235294117647058,0.8235294117647058,0.8095238095238095,0.8095238095238095,-0.9217081850533808,-3.07,-0.6102941176470589,-1.8988326848249026,-0.2873134328358209,0.5670971364402022,0.0,0.33333333333333326,-0.16222461870281923,0.0,0.0,,0.0,0.0,0.01449275362318847,0.06245739604635303
2017-04-30,0.10344827586206895,0.14438967816758486,0.03319966427305787,0.12870571221981209,-0.037877367335458434,0.26037282020444974,0.29032258064516125,0.29032258064516125,0.13157894736842102,0.13157894736842102,-6.863636363636363,-0.6908212560386473,-8.49056603773585,-1.8571428571428572,0.3455497382198953,-0.060910068075958446,0.0,0.6818181818181819,-0.03824935638102256,0.0,0.0,,0.0,0.0,-0.0071428571428571175,0.013954607426417631
2017-07-31,0.021505376344086002,0.03420319229794777,-0.006859824893943545,0.06181934657270971,-0.04053790684077174,0.05582061068702293,-1.4625,-1.4625,-1.441860465116279,-1.441860465116279,-0.5271317829457365,-2.203125,-0.6876574307304786,-0.29292929292929293,0.18158236057068744,0.07058374666157952,0.0,-0.34864864864864864,-0.040917782026768657,0.0,0.0,,0.0,0.0,0.0,-0.026022304832713727
2017-10-31,0.009046052631578982,0.019108280254777066,-0.026719985458511286,0.09954751131221728,-0.0700792199878123,0.1739719837324898,2.6486486486486487,2.6486486486486487,2.605263157894737,2.5263157894736845,-5.540983606557377,-5.51948051948052,-2.0483870967741935,-2.4642857142857144,-0.2250274423710209,0.3364219529579473,0.0,-1.211618257261411,-0.07256778309409873,0.0,0.0,,0.0,2.5,0.043165467625899234,-0.07316875101510478
2018-01-31,-0.027057864710676394,-0.04855769230769236,-0.014660565879167087,-0.10754458161865565,0.001965923984272644,-0.266743648960739,-1.5407407407407407,-1.5407407407407407,-1.5401459854014599,-1.5522388059701493,-1.2743682310469313,-1.1752873563218391,-1.0461538461538462,-0.9658536585365853,-0.009915014164305958,0.1346666666666665,0.0,-0.3921568627450981,-0.00042992261392960085,0.0,258.4512195121951,,0.0,-0.37142857142857144,0.006896551724137945,0.06606501358100414
2018-04-30,0.08678170547830466,0.14123294593228897,0.04378316906747526,0.2483861051337226,-0.012426422498364897,0.27139107611548563,-1.7534246575342465,-1.7534246575342465,-1.7567567567567568,-1.7432432432432434,-0.7236842105263157,1.7540983606557377,42.833333333333336,-58.285714285714285,0.5736766809728182,-0.08014101057579315,0.0,7.064516129032258,-0.013333333333333308,0.0,-0.23344300822561692,,0.0,6.681818181818181,0.013698630136986356,-0.08580586833237436
2018-07-31,0.06736550023123167,0.08589771972548155,0.02215362266206644,0.06106870229007644,-0.04216335540838856,0.07597027250206434,2.090909090909091,2.090909090909091,2.071428571428571,2.109090909090909,2.9523809523809526,-2.3988095238095237,-0.05323193916349811,-1.1945137157107233,-0.07090909090909092,-0.00510986203372521,0.0,0.7999999999999998,-0.04293809938971238,0.0,-0.9219732041573413,,0.0,0.7810650887573964,0.006756756756756799,0.023374988762024707
2018-10-31,0.04419410745233976,0.0470948012232415,-0.009060223840824277,-0.11650034810860987,-0.09403088269186444,0.2728319263238681,0.10588235294117654,0.10588235294117654,0.09883720930232553,0.08771929824561409,-6.409638554216867,-0.774468085106383,-1.4176706827309236,-4.820512820512821,0.2915851272015655,-0.05495634309193631,0.0,0.13555555555555565,-0.09428376224094726,0.0,-0.4943025540275049,,0.0,0.10299003322259148,0.033557046979865834,0.18518843890011416
2019-01-31,-0.026694329183955756,-0.012071651090342694,-0.02742918608820366,-0.04097714736012603,-0.0292546425845841,-0.2665058788061502,-0.9414893617021276,-0.9414893617021276,-0.9417989417989417,-0.9408602150537635,-1.534521158129176,-2.3962264150943398,-1.7019230769230769,-1.3221476510067114,0.021969696969696972,-0.1951086956521738,0.0,0.19960861056751478,-0.030927835051546504,0.0,-0.3193473193473193,,0.0,0.1837349397590362,0.012987012987013102,0.03016826032169595
2019-04-30,0.004121074321443707,0.0053212455656286295,0.00626728110599073,0.015612161051766549,0.010220125786163603,0.2314015618577887,-5.363636363636363,-5.363636363636363,-5.363636363636363,-5.363636363636363,-1.2083333333333333,-1.5,-3.0136986301369864,0.46875,-0.10452186805040775,0.18939905469277507,0.0,-0.2593800978792822,0.009340944473274604,0.0,-0.04908675799086759,,0.0,-0.2798982188295166,0.03205128205128216,-0.01014534465390704
