Quarter end,Assets,Current Assets,Liabilities,Current Liabilities,Shareholders equity,Revenue,Earnings,Earnings available for common stockholders,EPS basic,EPS diluted,Cash from operating activities,Cash from investing activities,Cash from financing activities,Cash change during period,Cash at end of period,Price,ROE,ROA,Book value of equity per share,P/B ratio,P/E ratio,Cumulative dividends per share,Equity to assets ratio,Net margin,Asset turnover,Current ratio
2000-12-31,-0.060999756305592734,-0.25813404912965676,-0.0801518278301887,-0.2157716076246845,0.03030569219957835,-0.3517034068136272,-1.042372881355932,-1.042372881355932,-1.0434782608695652,-1.0444444444444445,-0.7073111488948263,-0.6471471471471472,-0.878231859883236,-1.3657635467980296,-0.42072538860103625,0.0344327654947445,0.2411575562700965,0.151685393258427,0.029607250755286918,0.0,-0.15602836879432613,inf,0.09688581314878908,0.2692913385826772,0.0,-0.05410709279506598
2001-03-31,-0.060999756305592734,-0.25813404912965676,-0.0801518278301887,-0.2157716076246845,0.03030569219957835,-0.3517034068136272,-1.042372881355932,-1.042372881355932,-1.0434782608695652,-1.0444444444444445,-0.7073111488948263,-0.6471471471471472,-0.878231859883236,-1.3657635467980296,-0.42072538860103625,0.0344327654947445,0.2411575562700965,0.151685393258427,0.029607250755286918,0.0,-0.15602836879432613,inf,0.09688581314878908,0.2692913385826772,0.0,-0.05410709279506598
2001-06-30,-0.04325963893529705,-0.24077627323063433,-0.052141340491166255,-0.1906215316315205,-0.005456560661607934,-0.3517034068136272,-1.042372881355932,-1.042372881355932,-1.0434782608695652,-1.0444444444444445,-0.7073111488948263,-0.6471471471471472,-0.878231859883236,-1.3657635467980296,0.26565295169946324,0.028381219341275576,0.2411575562700965,0.151685393258427,-0.006455399061032874,0.0,-0.15602836879432613,1.0,0.039957939011566745,0.2692913385826772,0.0,-0.06194427978660333
2001-09-30,-0.02109046521090463,-0.048884395985269724,-0.020118768359432826,-0.007724831447834535,-0.025032147449635667,-0.03765631586342555,1.5125000000000002,1.5125000000000002,1.5,1.5,0.33858921161825717,-0.5255319148936171,2.7168949771689497,-1.8013468013468015,-0.1681978798586572,-0.13287904599659295,0.2411575562700965,0.151685393258427,-0.02539870053160065,-0.12790697674418605,-0.15602836879432613,0.5,-0.004044489383215444,0.2692913385826772,0.0,-0.041390205371248046
2001-12-31,0.0030077358272717625,-0.025698451260249056,-0.0003882071300709278,0.08911255959647146,0.01685277997596657,0.3272010512483574,-3.7611940298507465,-3.7611940298507465,-3.7,-3.6,1.1642901425914447,9.973094170403588,-0.4213759213759214,-1.4285714285714286,0.086661002548853,-0.1603143418467583,0.2411575562700965,0.151685393258427,0.013333333333333197,-0.1333333333333333,-0.15602836879432613,0.33333333333333326,0.013705583756345119,0.2692913385826772,0.0,-0.10547132498352019
2002-03-31,-0.04047403894302437,-0.24190594927338605,-0.05862046646098085,-0.1748086114283297,0.03225341557618022,0.14257425742574248,3.363963963963964,3.363963963963964,3.3703703703703702,3.461538461538461,1.2918934402749929,-0.7858602370249285,7.553078556263269,-6.686274509803922,-0.45347928068803756,0.009358914365933613,0.2411575562700965,0.151685393258427,0.0322966507177036,-0.007692307692307665,-0.15602836879432613,0.25,0.07561342013019523,0.2692913385826772,0.0,-0.08124539425202648
2002-06-30,0.005176685121978997,-0.18588755267756196,0.006715254858819186,-0.07303946694003072,-0.0004467651411498297,-0.31946851530906994,-0.8967795210569777,-0.8967795210569777,-0.8983050847457628,-0.896551724137931,-0.9050118735158106,-5.362595419847328,-0.6032021844358942,-0.7396551724137931,-0.2160228898426323,0.05934167825683834,0.11658031088082899,0.151685393258427,-0.0011587485515645035,0.023255813953488413,-0.15602836879432613,0.19999999999999996,-0.005586592178770888,0.12406947890818842,0.05263157894736836,-0.12171646280328863
2002-09-30,-0.007763826892320913,0.029543589419859906,0.008089546575602347,0.10564003317666582,-0.06612285945749641,-0.07173174872665533,-0.07199999999999995,-0.07199999999999995,-0.08333333333333326,-0.08333333333333326,-0.6789473684210526,-1.5122484689413822,-1.3215514544885831,-1.6688741721854305,0.18430656934306566,-0.16192560175054715,0.14849187935034802,0.151685393258427,-0.06670533642691412,-0.15909090909090906,-0.2549019607843137,0.16666666666666652,-0.058520599250936334,0.1534216335540839,0.0,-0.06894977168949756
2002-12-31,0.01622652176266448,0.14568643080507693,-0.042313743497865874,0.044585031632117245,0.2488483398145378,0.41365645480871827,2.538793103448276,2.538793103448276,2.3636363636363638,2.3636363636363638,10.14344262295082,1.2356959863364647,-1.1060311284046693,-1.0792079207920793,-0.16332819722650227,-0.08772845953002606,0.025252525252525304,0.08780487804878057,0.04288377874456195,-0.018018018018018056,-0.2037593984962407,0.1428571428571428,0.2287419194430631,0.07081339712918666,0.0,0.09686120647376151
2003-03-31,0.021039362249880122,0.20834894300240836,-0.00818267567992459,-0.02020395461291713,0.11008646913698539,0.17088948787061997,2.104750304506699,2.104750304506699,1.7027027027027026,1.6756756756756759,1.197499080544318,-0.9660045836516424,51.60550458715596,-20.0,0.2799263351749539,0.09044075558099607,-0.035467980295566526,0.022421524663677195,0.05184743742550646,0.04587155963302725,0.02171860245514634,0.125,0.08700930797248096,0.01966041108132255,0.0,0.23317683881064166
2003-06-30,-0.04233034244510914,-0.26574541589157585,-0.027984054398909497,-0.08458343513315414,-0.08138957816377168,-0.40902394106814,-2.27461749705767,-2.27461749705767,-2.24,-2.242424242424242,-1.2694560669456068,13.49438202247191,-1.4433205441227765,-3.3552631578947367,-0.5007194244604316,0.01364829396325451,-0.9121552604698672,-0.9078947368421053,-0.0821529745042493,-0.04385964912280682,0.12199630314232901,0.11111111111111116,-0.04058078927773645,-0.9062226117440841,0.0,-0.19778825235678021
2003-09-30,-0.049509444925281865,0.13168054047532873,-0.06640140891005153,-0.1713462154371731,-0.000845606370234675,-0.10049859769398561,-1.0473991997537704,-1.0473991997537704,-1.0483870967741935,-1.048780487804878,-0.30186335403726705,-2.625581395348837,-1.3068450039339103,-1.5391061452513966,-0.1412103746397695,0.015535991714137776,-0.2558139534883721,-0.19047619047619047,0.0006172839506173311,0.11009174311926584,5.730642504118616,0.10000000000000009,0.051222351571594826,-0.20560747663551393,-0.050000000000000044,0.36564971751412423
2003-12-31,0.058564323966352694,0.0995682532914024,0.06615489415216946,-0.15968822468435973,0.03813150903918938,0.3081586696691494,8.077922077922079,8.077922077922079,8.000000000000002,7.833333333333334,-2.3238434163701065,-1.3695755841678587,-0.05384615384615388,-1.1295336787564767,-0.08389261744966447,0.06272310045894947,2.03125,2.058823529411765,0.03701418877236251,0.06611570247933884,0.3423081630155429,0.07210031347962387,-0.019564414913252004,2.270588235294117,0.0,0.3084560648684429
2004-03-31,-0.008926960141483864,-0.11163895486935871,-0.02120757869903911,-0.09988501341510159,0.025023211576349125,0.31355932203389836,0.5271816881258942,0.5271816881258942,0.5,0.5283018867924529,4.190860215053763,0.46451612903225814,7.695121951219512,-7.88,0.63003663003663,0.03934740882917476,-0.48453608247422686,-0.4807692307692307,0.02201070791195714,0.0,-0.4357221006564552,0.067251461988304,0.03426204819277112,-0.4676258992805755,-0.052631578947368474,-0.013026432275199173
2004-06-30,-0.028660912633380664,-0.24184219142202334,-0.037375512595196225,-0.028146823369102347,-0.005655708731000408,-0.3789314516129032,-0.8379391100702576,-0.8379391100702576,-0.8395061728395061,-0.8395061728395061,-0.5849300880372863,0.1374449339207049,-0.6577840112201964,-2.633720930232558,-0.6314606741573034,-0.04524469067405357,8.120000000000001,8.222222222222221,-0.005820721769499548,-0.06976744186046513,0.9655841008240427,0.06301369863013706,0.023662176920276723,8.263513513513512,0.0,-0.2198872373141978
2004-09-30,0.028719256148770356,0.267741471138621,0.03973953261927954,0.13262936511413925,0.0005554568076786559,-0.04171400746632037,-0.16763005780346818,-0.16763005780346818,-0.15384615384615385,-0.15384615384615385,-1.8689956331877728,0.08055770720371802,-3.0132058287795993,-1.8540925266903914,1.4634146341463414,0.01837524177949712,0.018640350877192846,0.02008032128514059,0.0,0.025000000000000133,-0.8868886148787505,0.05927835051546393,-0.027382645803698424,0.029175784099197744,0.0,0.11925098554533498
2004-12-31,0.03190222805355103,0.2976041784943795,0.020184790334043967,0.3935009671179883,0.06302045166877623,0.45189701897018963,4.534722222222222,4.534722222222222,4.454545454545454,4.363636363636363,-1.8682699210337401,0.22222222222222232,-1.1847998190454647,-1.4291666666666667,-0.25495049504950495,0.03466286799620133,0.02583423035522059,0.04330708661417315,0.03337236533957855,0.04065040650406515,0.0021802325581394832,0.055961070559610526,0.03034734917733073,0.012048192771084487,0.05555555555555558,-0.06882888171411805
2005-03-31,0.006810689898752109,0.051933846692334695,-0.003294838905326669,-0.015795902504025294,0.0325666896450878,0.1817545496966868,0.2942283563362609,0.2942283563362609,0.26666666666666683,0.2881355932203391,3.2232327408019845,-0.3536656891495601,3.3194614443084456,-55.22330097087379,18.53488372093023,0.03212482790270754,-0.03882476390346268,-0.026415094339622636,0.03002832861189808,-0.0078125,-0.005801305293690939,0.05299539170506917,0.025550035486160416,-0.02310924369747902,-0.052631578947368474,0.06887312844759674
2005-06-30,-0.03769944514929513,-0.2802478891985193,-0.04906789905186382,-0.15290666516232754,-0.009730932632004863,-0.3537018756169793,-0.8109549200193893,-0.8109549200193893,-0.8026315789473684,-0.8157894736842105,-1.0821260767423648,0.05081669691470059,-0.6313403230376877,-1.5905102954341988,-0.5608843537414966,0.051133837261005066,-0.009825327510917026,0.003875968992248069,-0.012101210121012063,0.023622047244094446,0.08460977388767321,0.05032822757111588,0.02906574394463668,-0.0021505376344087557,0.05555555555555558,-0.15039811265113534
2005-09-30,0.09254567437678096,0.8567466050274488,0.13071601521964715,0.4498201917954183,0.002369813479335736,-0.07178860546815335,-1.1743589743589744,-1.1743589743589744,-1.2,-1.2142857142857142,1.1549463647199048,-0.5302245250431779,-7.990776325903151,-3.0445724681625226,2.6115414407436095,0.021150592216581998,-0.10143329658213895,-0.10424710424710426,0.00222717149220486,0.030769230769230882,0.01479488903833226,0.04791666666666683,-0.08238063214525904,-0.08764367816091945,-0.052631578947368474,0.28063172509545287
2005-12-31,-0.0013124162361459746,-0.04743083003952564,-0.0038315641347241858,-0.11733768172527048,0.005400998675226809,0.43886786243212117,-11.0,-11.0,-9.333333333333334,-9.333333333333334,-0.7533185840707964,4.362132352941177,-1.5792193512919186,-2.27999406792229,-0.9255764075067024,-0.06586578293289147,-0.23558282208588954,-0.2413793103448275,0.004999999999999893,-0.0671641791044777,0.02385685884691835,0.045725646123260244,0.006595822645657945,-0.2338582677165355,0.0,0.0792790350996071
2006-03-31,-0.022100954979536125,-0.1037671120985395,-0.029818433073586448,-0.08703684429641967,-0.0017230893979323092,0.12202653247941453,1.5426470588235293,1.5426470588235293,1.52,1.52,-17.2847533632287,-0.5697634556050737,0.11389521640091127,-1.016220600162206,0.20172910662824206,-0.09002217294900228,-0.10754414125200651,-0.11363636363636376,-0.0016583747927032544,-0.09600000000000009,0.18576051779935288,0.04372623574144496,0.02074990899162721,-0.09969167523124356,0.0,-0.018332496233048667
2006-06-30,-0.026928070335277,-0.1655426342459262,-0.03324338653646797,-0.07732208510274463,-0.010721900700578768,-0.3461420854143309,-0.8785425101214575,-0.8785425101214575,-0.873015873015873,-0.873015873015873,-0.5946578548809032,0.3936254980079681,-0.7528970688479891,-2.821428571428571,-0.3057553956834532,0.024853801169590684,-0.06474820143884896,-0.07051282051282037,-0.011074197120708673,0.026548672566371723,0.15938864628820948,0.041894353369763104,0.01676176890156933,-0.06164383561643838,0.0,-0.09567664364287543
2006-09-30,0.0133421500757811,0.10214067278287464,0.024089383645739648,0.10842033730771616,-0.013609212389925518,-0.015588464536243185,0.22857142857142865,0.22857142857142865,0.25,0.25,-1.5278532608695652,0.48656375071469404,-3.6227586206896554,0.3764705882352941,-0.6062176165803108,0.050404184498335614,0.13269230769230766,0.13793103448275867,-0.014557670772676223,0.06896551724137945,0.11817325800376666,0.04020979020979021,-0.026657313223430346,0.11922141119221408,0.0,-0.005657708628005853
2006-12-31,0.048496538023988345,0.10309973045822107,0.050482363942995434,0.06487571062311903,0.04332625795979528,0.3784639746634997,1.4224806201550386,1.4224806201550386,1.2999999999999998,1.1999999999999997,-2.871943371943372,-0.33807692307692305,-1.2853010780962397,-1.2934472934472934,0.45175438596491224,0.04753282028066996,-0.02376910016977929,-0.024242424242424288,0.04034090909090904,0.056451612903225756,-0.08084210526315794,0.03865546218487381,-0.0050450450450451045,-0.018478260869565166,0.0,0.03598862019914639
2007-03-31,-0.03311761628067078,-0.18743037838226306,-0.0544019965152287,-0.15670470009421122,0.022678314983245462,0.2205628948879954,2.4672,2.4672,2.4347826086956523,2.5909090909090913,1.68133379168099,-0.5804764671702498,4.886635944700461,5.70873786407767,2.0876132930513593,0.03370786516853941,0.1443478260869564,0.15527950310559002,0.021845985800109435,0.0,0.06367384333486026,0.03721682847896446,0.05795001810938061,0.12624584717607967,0.0,-0.03652341068241105
2007-06-30,-0.0028823368574553143,-0.04939636492283195,0.00017702105745942553,0.0074788977159880865,-0.010297817564800194,-0.3487058823529412,-0.8767881864328565,-0.8767881864328565,-0.8734177215189873,-0.8734177215189873,-1.2462820512820514,1.6398891966759002,-1.47518396743385,-2.14616497829233,-0.7749510763209393,-0.05267558528428096,0.0075987841945288626,0.010752688172043223,-0.010689470871191875,-0.07633587786259544,-0.18001722652885443,0.035881435257410166,-0.00753166723724763,0.001966568338249708,0.0,-0.05643437366395887
2007-09-30,0.008386367012099605,0.055452177149237114,0.017465668015542946,-0.16642538117973205,-0.013853581633658463,-0.0894508670520231,-0.5880149812734082,-0.5880149812734082,-0.6000000000000001,-0.6000000000000001,-0.016137428422696498,-0.03620146904512067,0.21054365733113678,-0.9330808080808081,-0.23043478260869565,-0.13371579876434248,-0.05429864253393657,-0.04787234042553201,-0.014046461372231311,-0.12396694214876025,-0.14810924369747902,0.034638554216867457,-0.02207657813038988,-0.04416094210009813,0.0,0.26627397674067366
2007-12-31,0.02002107481559534,0.08202574047954858,0.022218356632297986,0.25363979011159565,0.01446784700851289,0.39517536898904937,5.090909090909091,5.090909090909091,5.0,5.0,-2.8957671957671955,0.27871529667936845,-1.2860642351660316,-4.452830188679245,1.0338983050847457,-0.023942944472745697,0.011164274322168932,0.016759776536312998,0.014794520547945167,-0.009433962264150941,0.027127003699136898,0.033478893740902516,-0.005291005291005346,0.011293634496919891,0.0,-0.13692748091603058
2008-03-31,0.010102861459166501,0.02712941464010754,0.015029161058770724,0.1063196368566881,-0.0024425796793129395,0.18439312933682173,0.482089552238806,0.482089552238806,0.5,0.5,1.3611498744069217,-0.5547041294167732,5.640342530922931,1.3387978142076502,1.15,-0.044885177453027114,-0.362776025236593,-0.37362637362637363,-0.0026997840172786614,-0.05714285714285716,-0.061224489795918324,0.032394366197183055,-0.01241134751773032,-0.36142131979695435,0.0,-0.07158651188501941
2008-06-30,0.023616159061291997,0.0630180448145945,0.052032768146313524,-0.027842165560972965,-0.05001777180996014,-0.356223588167499,-3.0372608257804634,-3.0372608257804634,-3.055555555555556,-3.0277777777777777,-1.2453900709219858,1.7055449330783938,-1.6553947556956583,-1.735981308411215,-0.40697674418604646,-0.01967213114754096,-1.1237623762376239,-1.1228070175438596,-0.050351922035733576,-0.02020202020202022,0.5498721227621481,0.03137789904502042,-0.07217235188509874,0.0,0.0,0.09348020244120292
2008-09-30,0.0258699412339789,0.16624384420235794,0.04503342919023856,0.10151282613461965,-0.029121370221788068,-0.08041175593018046,-1.0988630746416213,-1.0988630746416213,-1.1081081081081081,-1.095890410958904,0.8694605009633911,1.054063604240283,1.0166156536947968,-0.3396825396825397,-0.4531590413943355,-0.09531772575250841,-0.33999999999999997,-0.3571428571428572,-0.029076396807297455,-0.04123711340206182,0.0,0.030423280423280463,-0.05340557275541802,0.0,-0.05555555555555547,0.05880751429349318
2008-12-31,0.048927101550964025,0.09110684580934092,0.0607472100921882,0.1403761942675159,0.012417573006765492,0.48393900064892925,7.1,7.1,6.374999999999999,7.428571428571427,-1.8603452718371554,-0.7498709788405298,-1.1797484822202948,-2.0913461538461537,-0.17928286852589637,-0.20086260012322854,-5.96969696969697,-5.666666666666666,0.012331180270111375,-0.18279569892473124,0.0,0.029525032092426073,-0.03475061324611617,-0.6120826709062003,0.0,-0.04319876574955006
2009-03-31,-0.03405517117440915,-0.22821625425120207,-0.045159899107387935,-0.284810402757778,0.0018820842497040413,0.16475347108341531,-0.08395061728395059,-0.08395061728395059,-0.08474576271186429,-0.08474576271186429,2.168313866427074,0.3507565337001375,3.5048250904704465,4.048458149779735,5.563106796116505,-0.25983037779491136,0.646341463414634,0.5714285714285716,0.0005800464037124531,-0.26315789473684204,0.3655115511551157,0.028678304239401653,0.03684879288437104,0.6065573770491801,0.0,0.07914539102391838
2009-06-30,-0.006547803617571013,-0.07434280504482604,-0.012414198996735681,-0.10237949969493598,0.01154568672562628,-0.3701896001501783,-1.0323450134770888,-1.0323450134770888,-1.037037037037037,-1.037037037037037,-0.8280555818130257,-0.3711812627291242,-1.0740393626991565,-0.007853403141361293,0.8409763313609468,0.11770833333333353,1.5481481481481483,1.5454545454545454,0.00927536231884063,0.10714285714285698,-0.31027190332326293,0.027878787878787836,0.018382352941176405,1.5408163265306123,0.0,0.031129373677001526
2009-09-30,0.008728990339847975,0.051914474494193064,0.015272782709325083,-0.0111133768352365,-0.010975711543276812,-0.020119225037257826,2.2083333333333335,2.2083333333333335,1.5,1.5,-1.657504123144585,0.4817813765182186,1.4864376130198913,-2.4520668425681618,-0.6633186018481319,0.18546132339235788,-0.11191860465116277,-0.11309523809523803,-0.01263641585295805,0.17741935483870974,-0.527814279456855,0.02712264150943411,-0.019655034095467205,-0.11947791164658628,0.0,0.0637604154087672
2009-12-31,-0.00615746399121242,-0.13249063670411987,-0.01595080300041629,0.08244836237412789,0.02411494155871563,0.4258555133079849,-6.811688311688312,-6.811688311688312,-7.3999999999999995,-7.3999999999999995,-5.565217391304348,-0.16994535519125686,-4.356363636363636,-0.591762568140521,-0.8042959427207637,0.12578616352201255,-0.25531914893617025,-0.24161073825503365,0.020360674810936397,0.1369863013698629,0.2532467532467533,0.02640642939150384,0.030687397708674347,-0.2554161915621437,0.0,-0.19854694062890232
2010-03-31,0.004145975705308835,-0.011872638963842386,0.0003606702918654836,-0.048387096774193505,0.015389052553511418,0.14346666666666663,1.2044692737430167,1.2044692737430167,1.21875,1.21875,-0.8474358974358974,0.27978933508887427,-1.4448537378114843,-2.397626112759644,5.7439024390243905,0.0572625698324023,0.2131868131868131,0.22123893805309747,0.013112884834663552,0.03614457831325302,0.41820873427091043,0.02572706935123037,0.011115522032552505,0.22358346094946402,0.0,0.03838526912181295
2010-06-30,-0.015683457698588255,-0.13826688512652463,-0.01869262556507756,-0.09335379687708523,-0.006877941892549866,0.09244402985074629,-0.8575772934617334,-0.8575772934617334,-0.8591549295774648,-0.8591549295774648,2.831932773109244,0.026234567901234573,-2.085728202630297,-2.095541401273885,-0.9330922242314648,0.021136063408190298,0.11775362318840576,0.12318840579710155,-0.009003939223410251,0.011627906976744207,-0.1597077244258872,0.025081788440567188,0.009030231645072773,-0.02377972465581979,0.17647058823529416,-0.049515755012958684
2010-09-30,0.025057617295163315,0.15955424104785032,0.03492496396574629,0.19643777139913143,-0.0034730025128194564,-0.028178635470924807,0.18149466192170816,0.18149466192170816,0.19999999999999996,0.19999999999999996,-1.219298245614035,0.8406015037593986,-2.9771197846567965,-1.0339147286821706,0.472972972972973,0.038163001293661125,0.15397082658022687,0.16129032258064502,-0.004542873367404776,0.04597701149425282,-0.07701863354037275,0.024468085106382986,-0.028015564202334642,0.03333333333333344,0.09999999999999987,-0.03085533869115953
2010-12-31,0.0211724215637068,0.11541790025051246,0.025130568356374727,0.12247785433070857,0.00928678324688903,1.6718214568139884,0.006024096385542244,0.006024096385542244,0.0,0.0,-6.612857142857143,-0.5038126361655774,-1.4819605173587473,-1.4857142857142858,-0.15596330275229353,0.0778816199376946,-0.1643258426966292,-0.16666666666666663,0.0057045065601823985,0.08791208791208782,-0.06864064602960962,0.02388369678089286,-0.011609287429943937,-0.435483870967742,0.5,-0.00636754035243603
2011-03-31,-0.02307059602383288,-0.18935032055208456,-0.03670183009669947,-0.15161396393927773,0.01850422489437764,-0.2659168639831623,5.1437125748503,5.1437125748503,5.083333333333333,5.0,0.07431916518198012,-0.03896816684961579,-0.08804143126177022,-32.35294117647059,5.793478260869565,0.07861271676300574,0.02352941176470602,0.02666666666666684,0.015314804310833763,0.07070707070707072,0.28395953757225434,0.023326572008113722,0.04252733900364514,-0.12967032967032954,0.18181818181818188,-0.044411326378539395
2011-06-30,-0.00680226708010756,-0.1209449929478138,-0.008406789035224183,-0.1737669971900132,-0.002173782980675276,-0.44973568676641873,-0.810428849902534,-0.810428849902534,-0.8082191780821918,-0.8055555555555556,-0.2563373608149727,0.41804683038263857,-0.6479091378420238,-1.048780487804878,-0.04159999999999997,0.05305466237942125,0.029556650246305383,0.032467532467532534,-0.003910614525139633,0.037735849056603765,0.043331457512661764,0.022794846382557132,0.004662004662004504,0.02777777777777768,0.0,0.0639426076107299
2011-09-30,0.020458692359779374,0.06612801558649939,0.028529795229695454,0.12865017004808266,-0.002678178838389944,-0.12993568346495155,-0.10796915167095111,-0.10796915167095111,-0.14285714285714302,-0.14285714285714302,-0.8149092067537432,0.5243656866693516,-5.145161290322581,13.5,-0.6293823038397328,0.03969465648854964,0.0,0.0,-0.0044868199663488095,0.04545454545454519,0.0016181229773464256,0.022286821705426396,-0.022428460943542006,0.01228501228501222,0.0,-0.05540897097625341
2011-12-31,0.04894109542551206,0.2083848427841979,0.06500091512394834,0.26295372679412576,0.0014629258517033783,0.3941237016936465,-0.41498559077809793,-0.41498559077809793,-0.41666666666666663,-0.5,0.30981067125645434,-0.08216644649933946,-0.07817474354439335,-0.7161803713527852,-0.48198198198198194,0.08370044052863435,-0.046251993620414766,-0.05031446540880502,-0.0022535211267604716,0.0869565217391306,0.08400646203554119,0.02180094786729847,-0.04549050632911411,0.2063106796116505,-0.23076923076923084,-0.043140906269397816
2012-03-31,-0.012671247760559723,-0.12360999911039938,-0.021997326713767418,0.019745502413339278,0.01664899045484569,0.11329619437546135,8.527093596059114,8.527093596059114,8.714285714285714,10.000000000000002,5.307490144546649,-0.15169833045480718,-1.6074443591711436,-3.5233644859813085,2.347826086956522,0.05871725383920512,-0.041806020066889715,-0.052980132450331174,0.00959909655561808,0.05600000000000005,0.11972180824639844,0.02133580705009286,0.029838375466224587,0.0623742454728371,-0.09999999999999987,-0.1406097956535841
2012-06-30,-0.0017851989885502295,-0.11099832512815311,-0.003989482864097282,-0.28402000860585197,0.004881409310107276,-0.3677578826792066,-0.6411582213029989,-0.6411582213029989,-0.6323529411764706,-0.6515151515151515,-0.39208333333333334,-0.06956226671191046,-0.9791535060012634,-0.4703703703703703,0.37142857142857144,0.05332764505119458,0.09947643979057608,0.09090909090909083,0.0022371364653246406,0.045454545454545414,0.1175687666370897,0.021798365122615904,0.006438631790744331,0.14204545454545459,-0.03703703703703709,0.24155501037931693
2012-09-30,0.021029525610748,0.049725964832153524,0.00808280134081718,0.024339856515043445,0.05983977435214394,-0.0717078287403452,-0.7219020172910663,-0.7219020172910663,-0.76,-0.7391304347826086,-0.4174091843728581,0.3946024799416483,-53.09090909090909,-3.832167832167832,-0.7670454545454546,0.014175779667881638,-0.06825396825396823,-0.05769230769230771,-0.025111607142857317,0.01449275362318847,-0.07105994442238994,0.021333333333333426,0.038384646141543355,-0.02985074626865669,-0.03846153846153855,0.024775801793585517
2012-12-31,0.048280594665668586,0.2793821721868712,0.05591205486200246,0.21066334201166081,0.026521032010053958,0.4178736517719568,5.94300518134715,5.94300518134715,6.333333333333334,6.333333333333334,0.9629411764705882,0.23927824267782416,-0.04479348458406052,-1.5925925925925926,1.951219512195122,-0.019568690095846608,0.3407155025553663,0.3537414965986396,0.02175157412707507,0.0071428571428571175,0.03888888888888897,0.02001740644038308,-0.02079322294955699,0.405128205128205,-0.040000000000000036,0.05680806882230782
2013-03-31,-0.009535493735322476,-0.1362863458595477,-0.02115970141924073,-0.0991034649866731,0.024557550006301332,0.2999347967833079,0.9440298507462686,0.9440298507462686,0.909090909090909,0.8863636363636362,0.34581959844171406,-0.480692129141169,-1.8398294762484775,1.7125,1.7933884297520661,0.10468431771894093,0.12833545108005073,0.14572864321608048,0.02184873949579824,0.07801418439716312,-0.19744960921431498,0.020477815699658786,0.03421156114825008,0.13138686131386867,0.04166666666666674,-0.04126315789473678
2013-06-30,-0.0006840324638109907,-0.15956294910916424,-0.0016807038888226877,-0.3047337278106509,0.002108703674416068,-0.3243604748369838,-0.7247600767754319,-0.7247600767754319,-0.7261904761904762,-0.7228915662650602,-0.008238699621465173,0.9179195449004469,-0.7802755620014503,-1.8740399385560675,-0.5611439842209073,0.07853982300884943,-0.021396396396396344,-0.008771929824561542,0.0,0.05263157894736836,-0.038954382368016516,0.020903010033444858,0.003041825095057016,-0.02580645161290318,0.0,0.2087542087542087
2013-09-30,0.021390646390646362,0.02219489341766212,0.029166588143653138,0.453384912959381,-0.0003156399600189319,-0.11177101377546816,-0.32914923291492326,-0.32914923291492326,-0.30434782608695654,-0.30434782608695654,-0.586663673102829,0.12966101694915255,-11.544554455445544,-0.4797891036906854,-0.6651685393258426,0.021538461538461506,0.04487917146145004,0.04424778761061954,-0.002192982456140302,0.02499999999999991,0.021333333333333204,0.020475020475020367,-0.021607278241091654,0.03863134657836653,0.0,-0.2967179362964757
2013-12-31,0.02580136840532332,0.23700945287883135,0.02344474827872456,0.057492680330050616,0.03257380413618893,0.46164561664190185,2.1559251559251558,2.1559251559251558,1.9374999999999996,2.0,0.9456816947311244,0.2004876219054763,-0.0804381846635368,-1.402027027027027,0.7986577181208054,0.0635876840696119,0.01982378854625555,0.025423728813559254,0.030219780219780334,0.06707317073170738,-0.0005221932114881644,0.019261637239165186,0.006586594343277685,0.0,0.040000000000000036,0.169795074909592
2014-03-31,0.020014213888116306,0.07451834012597258,0.019555921346907423,0.051094890510948954,0.021319607243570182,0.4743630472075735,0.7536231884057971,0.7536231884057971,0.8085106382978724,0.7708333333333333,0.09994416527079841,-0.3627558194032182,-0.914567733151804,-0.05882352941176472,0.4179104477611941,0.08464443045940828,-0.003239740820734416,-0.008264462809917328,0.018133333333333335,0.05142857142857138,0.059561128526645746,0.03937007874015741,0.0015396458814473934,-0.07545164718384711,0.0769230769230771,0.022375975268658976
2014-06-30,0.006513093264898906,-0.11447782423171415,0.007856006364359569,0.027119252873563315,0.0026945659586501414,-0.42464985994397764,-0.7062359128474831,-0.7062359128474831,-0.7058823529411764,-0.7058823529411764,-0.3477157360406091,0.2005393478793822,7.474103585657371,-2.7857142857142856,-0.5263157894736843,0.07397737162750229,-0.0021668472372696757,-0.004166666666666652,0.0015715034049241794,0.05434782608695654,0.061143984220907166,0.01969696969696977,-0.00384319754035356,-0.008045977011494121,0.0,-0.13794096472282213
2014-09-30,0.01944723920577185,-0.020880992942321708,0.027470327055341137,-0.11158710730314159,-0.003483569165436351,-0.15819039772301702,-0.59846547314578,-0.59846547314578,-0.6,-0.6,-0.08365758754863817,0.2550541147641414,0.780912082745651,-0.985,-0.01666666666666672,0.04943273905996759,-0.04234527687296419,-0.046025104602510525,-0.004707112970711247,0.04639175257731942,0.03763940520446085,0.019316493313521477,-0.022376543209876476,-0.03823870220162218,-0.0357142857142857,0.1022214798730583
2014-12-31,0.04876402883159492,0.22613839729568497,0.0558216779266556,0.2973265540429719,0.02796597473074436,0.5046712340955601,3.9108280254777066,3.9108280254777066,3.8,3.6999999999999993,0.8390658174097665,-0.016596160104132784,-0.5274551214361141,-26.666666666666668,0.4350282485875707,0.06151866151866159,-0.00793650793650802,-0.021929824561403577,0.026274303730951187,0.06896551724137945,0.09941782355575479,0.0,-0.02012628255722182,-0.013253012048192847,0.0,-0.05485679648431585
2015-03-31,0.0013110112883703007,-0.08331644030002028,-0.0675084265154352,-0.3025360944650939,0.05638592457046632,0.27118443616580934,0.7405966277561609,0.7405966277561609,0.7708333333333333,0.8085106382978724,0.3952897714153776,-0.3565519523494375,-2.110614525139665,1.155844155844156,0.6535433070866141,0.04267701260911738,-0.016000000000000014,-0.013452914798206317,0.05222734254992312,0.01382488479262678,0.048879837067209664,0.03790087463556846,0.055175191300845805,0.031746031746031855,-0.03703703703703709,0.3142536475869808
2015-06-30,0.0284349911040247,0.03303847854931452,0.04141326050535876,-0.08486803944315546,-0.0026979382233464078,-0.45620319114295016,-1.135618479880775,-1.135618479880775,-1.1294117647058823,-1.1294117647058823,-0.1538970709912295,0.5554127024942144,-3.7575452716297786,26.3855421686747,10.823809523809524,0.06279069767441858,-0.22996515679442509,-0.2318181818181818,-0.00389294403892948,0.009090909090909038,0.06291262135922326,0.0,-0.030152671755725224,-0.19408284023668654,-0.03846153846153855,0.12882761986092484
2015-09-30,-0.333933432004655,-0.29879693453782596,-0.2697041485317614,-0.1786633918313988,-0.4158686730506156,-0.3009409751924722,-0.8653846153846154,-0.8653846153846154,-0.8181818181818181,-0.8181818181818181,-0.8468609426950909,-6.62076376260539,-8.1929952572054,-2.022657281126265,-0.9361659283125252,-0.3242888402625821,0.0,-0.023668639053254337,-0.4171958964338055,-0.3198198198198199,-0.13883814395323346,2.075842696629213,-0.12317985045257773,-0.03964757709251088,0.0,-0.1463309197017183
2015-12-31,0.025598180101900292,-0.037000854805226524,0.02967802287335175,0.2817730188588241,0.011367523616556685,-0.3686979931473323,-13.122448979591837,-13.122448979591837,-10.0,-10.0,2.3575989782886335,-1.1356764705882352,-1.046206127003449,-0.9651537965153797,-0.5110410094637223,-0.37726683937823835,-0.1644042232277526,-0.18181818181818188,0.007544006705783701,0.06622516556291402,-0.3143826898599915,0.0036529680365298134,-0.013913824057450563,-0.05810397553516822,-0.12,-0.24863906823648563
2016-03-31,-0.0012062312419608423,-0.11526756276946493,-0.00365594549051218,-0.060809031044214534,0.007493170287498296,1.784648187633262,2.025252525252525,2.025252525252525,2.1111111111111116,2.1111111111111116,0.15214910612400145,-0.31649685670929983,-0.8869374313940724,-1.5061728395061729,0.5290322580645161,0.11232449297971914,-0.20758122743682306,-0.24444444444444435,0.0016638935108153063,0.10559006211180111,0.47091584158415833,0.0070518653321201,0.008648156577150568,-0.18506493506493504,-0.09090909090909083,-0.05796124684077508
2016-06-30,0.008345066794876121,-0.09731976494195216,0.01525836268576608,0.08025161264473746,-0.0159336828241613,-0.37519142419601836,-0.8408458542014469,-0.8408458542014469,-0.8392857142857143,-0.8392857142857143,-0.3918785077583361,0.2676815731049793,9.072815533980583,-1.975609756097561,-0.33755274261603374,0.13370733987844785,0.5626423690205009,0.48039215686274495,-0.0174418604651162,0.12921348314606718,0.6722759781236853,0.003614185678789239,-0.023916967509025278,0.4282868525896413,0.04999999999999982,-0.164371311035593
2016-09-30,0.025543219126762384,0.09439504604636384,0.0325206785160721,0.07989021585935752,0.000262425864693272,-0.0404411764705882,-0.04895104895104896,-0.04895104895104896,-0.11111111111111105,-0.11111111111111105,-0.756243213897937,0.13385038779084324,0.9696385542168675,-1.05,0.02547770700636942,0.03381443298969078,0.12099125364431496,0.10596026490066213,-0.0016906170752324368,0.054726368159204064,-0.2213836477987422,0.0038262435291469554,-0.024503005085529272,0.10878661087866104,0.0,0.01348458904109573
2016-12-31,0.034576470067304355,0.27827348567283283,0.025610987962625176,0.18567110866877323,0.06810788120474331,0.505863230001161,2.5294117647058822,2.5294117647058822,2.75,2.6249999999999996,5.042316258351893,-0.08495145631067957,-0.6239295326645462,24.75,0.639751552795031,-0.09772636617471075,0.10793237971391423,0.10778443113772451,0.06604572396274344,-0.09433962264150952,-0.1967689822294023,0.0,0.032227488151658656,-0.07169811320754715,0.19047619047619047,0.07793030623020059
2017-03-31,-0.0029959501174305903,-0.16508711196867376,-0.01203088771399452,0.061381148253287776,0.02945077618392622,0.23253662297609878,1.2010416666666668,1.2010416666666668,1.166666666666667,1.2413793103448278,0.5152967194987099,-0.17000241138172167,-1.4222511385816525,-0.8058252427184466,0.07575757575757569,0.015473032714411916,0.07276995305164324,0.07567567567567579,0.025416997617156545,-0.05208333333333326,-0.0941271118262269,0.007847533632286963,0.03259871441689621,0.05691056910569103,0.0,-0.21336206896551713
2017-06-30,0.01002366400334842,-0.12941816204458945,0.017660334514842724,-0.24175104391255697,-0.016296437689389376,-0.38027023645689983,-1.2101277804070043,-1.2101277804070043,-1.2153846153846155,-1.2153846153846155,-0.41547068839698376,0.2986635676932017,-4.0231124807395995,-6.25,-0.3697183098591549,0.09055289508053987,-0.21663019693654262,-0.2160804020100503,-0.020139426800929505,0.06593406593406592,0.002220248667850866,0.0037819799777529806,-0.02623388172521124,-0.21666666666666667,0.040000000000000036,0.14819427148194264
2017-09-30,0.02373729592460161,0.040287320424734485,0.014054517377669162,-0.07612568837058631,0.05826137576404378,-0.07439184415060063,-1.3153153153153152,-1.3153153153153152,-1.2857142857142856,-1.2857142857142856,-1.5068664169787764,0.15190156599552562,2.2522935779816513,-1.1333333333333333,0.07821229050279332,0.04311377245508985,-0.07681564245810046,-0.05769230769230771,0.02371541501976271,0.0670103092783505,0.3154630039875941,0.003989361702127603,0.033789954337899664,-0.057283142389525366,-0.03846153846153855,0.12603036876355755
2017-12-31,0.03592205298528772,0.3234013809666767,0.049314057625867935,0.23827333645005444,-0.009832683933073572,0.49214830970556167,-4.742857142857143,-4.742857142857143,-4.75,-4.75,-2.7454844006568146,-0.02427655855505928,-0.5309512615577496,5.785714285714286,0.9896373056994818,0.0026789131266742316,-0.5431164901664145,-0.5442176870748299,-0.011583011583011449,-0.02415458937198056,0.05052206130010095,0.0,-0.044169611307420364,-0.5416666666666666,0.0,0.06877287613176652
2018-03-31,0.0068531237319466864,-0.07344184200079396,-0.0031518514729951264,0.015039013340045315,0.04307770653457088,0.27954395965796985,-6.269083969465649,-6.269083969465649,-6.466666666666667,-6.4,0.825964252116651,-0.2060111464968153,-0.9432008018710324,-0.33684210526315794,0.1640625,-0.08129770992366414,0.4801324503311257,0.4776119402985075,0.04218749999999982,-0.06930693069306937,0.9291439563962809,0.008609271523178919,0.03604436229205166,0.45833333333333326,0.040000000000000036,-0.08723864455659702
2018-06-30,0.010418687961788242,-0.19469947361978213,-0.04793391609961328,-0.20637282251565314,0.21232967910878342,-0.4248343614347727,-0.9112640347700108,-0.915972473741398,-0.9146341463414634,-0.9135802469135802,0.08526532715095314,0.18375532714966147,4.135294117647059,4.777777777777778,0.8143176733780761,0.029081844619858632,0.2796420581655481,0.33333333333333326,0.046476761619190565,-0.010638297872340274,-0.2649160711317933,0.0041584591814403105,0.11329170383586074,0.34285714285714297,-0.03846153846153855,0.014810426540284416
2018-09-30,0.019278211927377997,0.0405867598996732,0.0525971882599412,0.3322918294016559,-0.07126121178839462,-0.11122144985104265,-14.857142857142858,-15.875,-14.57142857142857,-14.57142857142857,-0.720626631853786,0.07030919102075384,3.128293241695304,-1.75,-0.3366214549938348,0.0633831247476786,-1.368881118881119,-1.3409090909090908,-0.07736389684813749,0.016129032258064502,-0.22654307031426624,0.0043591979075849885,-0.09415064102564097,0.0,0.0,-0.21891418563922949
2018-12-31,0.053363865619293405,0.501278211964064,0.02735237461361728,0.18339587242026267,0.13347261367443886,0.6331843575418994,-0.9655375552282769,-0.9660967835410026,-0.9368421052631579,-0.9368421052631579,-4.288870008496177,0.08745548080728138,1.7857935627081023,-3.4652014652014653,1.2509293680297398,-0.014426727410781992,-0.4312796208530806,-0.4666666666666667,0.01552795031055898,0.06878306878306883,0.0,0.0,-0.011941618752764338,0.0,0.0,0.2685600398604884
2019-03-31,0.003939644101999651,-0.06791865330349323,0.0035631747139182046,-0.005350772889417321,0.004990523222452081,0.2791954573441884,-19.70940170940171,-18.52991452991453,-10.166666666666668,-10.166666666666668,-2.0309997416688192,-0.3169577874818049,-0.9840637450199203,-0.4101040118870728,0.3278282411230389,0.031201848998459125,1.1916666666666669,1.1250000000000004,0.003822629969419067,0.014851485148514865,0.0,0.00868055555555558,0.001790510295434311,0.0,0.0,-0.06304006284367625
2019-06-30,0.0038510911424902705,-0.1763232070153461,-0.0069706957660626845,-0.050184299661287124,0.03401619489238006,-0.4596213498769922,0.3563270899954316,0.3803022915650902,0.3818181818181816,0.36363636363636354,0.32072162365321977,0.3921150772509323,-9.30625,-4.234256926952141,-0.7985074626865671,0.06126260739633915,-2.0228136882129277,-2.4901960784313726,0.03960396039603964,0.05365853658536612,0.0,0.004302925989672968,0.036193029490616535,-0.5145067698259187,-0.040000000000000036,-0.13267658771745972
