Quarter end,Assets,Current Assets,Liabilities,Current Liabilities,Shareholders equity,Revenue,Earnings,Earnings available for common stockholders,EPS basic,EPS diluted,Cash from operating activities,Cash from investing activities,Cash from financing activities,Cash change during period,Cash at end of period,Price,ROE,ROA,Book value of equity per share,P/B ratio,P/E ratio,Cumulative dividends per share,Equity to assets ratio,Net margin,Asset turnover,Current ratio
1997-03-31,-0.1031080630733342,-0.12578616352201255,-0.3136505092417955,-0.3136505092417955,0.2403729288142895,0.09015422239494963,0.13754392815306526,0.13754392815306526,0.12500000000000022,-0.35897435897435903,6.491556091676719,-0.8682401880991137,-inf,3.4065774155995348,-0.2308102724621185,-0.03711952487008163,-0.0045376310436551215,-0.1460767946577629,0.237179487179487,-0.2760072158749248,-0.05991285403050095,inf,0.3831578947368419,0.011045029736618472,-0.11740890688259109,0.2737111517367459
1997-06-30,-0.1031080630733342,-0.12578616352201255,-0.3136505092417955,-0.3136505092417955,0.2403729288142895,0.09015422239494963,0.13754392815306526,0.13754392815306526,0.12500000000000022,-0.35897435897435903,6.491556091676719,-0.8682401880991137,-inf,3.4065774155995348,-0.2308102724621185,-0.03711952487008163,-0.0045376310436551215,-0.1460767946577629,0.237179487179487,-0.2760072158749248,-0.05991285403050095,inf,0.3831578947368419,0.011045029736618472,-0.11740890688259109,0.2737111517367459
1997-09-30,0.06349268432597688,0.07294427615802102,-0.03713219887195063,-0.03713219887195063,0.15432940972179154,-0.015598914858096835,0.052347035098258,0.052347035098258,0.07407407407407396,-0.35897435897435903,-0.6071169793092344,0.8359643102264929,-1.0,-1.0622812231688792,0.018688687035507856,-0.10408635312259074,-0.0045376310436551215,-0.1460767946577629,0.15544041450777213,-0.2760072158749248,-0.05991285403050095,inf,0.08542617960426191,0.011045029736618472,-0.11740890688259109,0.11430703869560221
1997-12-31,0.08018094499627626,0.015557107671947845,0.248045035531836,0.248045035531836,-0.0462201352810655,-0.01465366474110974,0.032618445731060985,0.032618445731060985,0.13793103448275867,-0.35897435897435903,4.615368852459016,1.0553271028037385,-inf,3.2774832096147044,0.07847396954683417,-0.1303786574870911,-0.0045376310436551215,-0.1460767946577629,-0.03139013452914796,-0.24750830564784043,-0.05991285403050095,inf,-0.11709027169149866,0.011045029736618472,-0.11740890688259109,-0.18625379978360557
1998-03-31,0.37620194694835285,0.27124975566672216,0.9512351290010919,0.033432235123284304,-0.19038686855031317,0.02130339294518402,0.3296612177209193,0.3296612177209193,0.2424242424242422,-0.35897435897435903,-1.0422763930956465,-0.20407420880320115,-0.8163063863389597,-2.258656309395918,-0.04351041760620544,0.02671944581890151,-0.0045376310436551215,-0.1460767946577629,-0.18981481481481488,0.06070640176600439,-0.05991285403050095,inf,-0.41175302759579113,0.011045029736618472,-0.11740890688259109,0.23008737495251363
1998-06-30,-0.048282516323362334,-0.10025114038234839,-0.10447918619913743,-0.026094075864777744,0.08516722442930802,-0.08255837937708188,-0.34714179658500366,-0.34714179658500366,-0.36585365853658536,-0.35897435897435903,-23.78981441519206,0.965036563071298,8.77270284793122,-0.8133412120018384,-0.017872747046879023,0.064578313253012,-0.0045376310436551215,-0.1460767946577629,0.04571428571428582,0.3132154006243497,-0.05991285403050095,inf,0.1403982450219372,0.011045029736618472,-0.11740890688259109,-0.07612723903644236
1998-09-30,0.03672485280164284,0.04124181144972949,-0.05255323047125493,-0.09124008815577211,0.2116817336667307,0.04209977469612669,0.1594723675233114,0.1594723675233114,0.15384615384615374,0.19999999999999996,-0.5753352018786455,-0.7635771601348994,-0.9581844174410293,-7.348927189588463,0.11553774659787752,-0.333635129017655,0.004872681546683522,-0.1460767946577629,0.1693989071038251,-0.3629160063391442,-0.32329084588644275,inf,0.16868896123113353,0.019327731092437128,-0.09174311926605516,0.1457462811298682
1998-12-31,0.26716397638823586,0.07833822662314383,0.21479407021675545,0.18883173218158755,0.34741197760680675,0.1876319703284799,-0.1069004746773371,-0.1069004746773371,-0.1333333333333333,-0.23333333333333328,1.035720656439529,14.270536153467782,3.6462853385930307,-0.1938504155124654,0.08349399802611956,0.22078804347826075,-0.1252932895354293,-0.1460767946577629,0.35514018691588767,0.044776119402985204,0.211472602739726,inf,0.06330716637123324,-0.0618301731244848,-0.09090909090909083,-0.09292487235594471
1999-03-31,-0.050595861372979334,-0.09263043374098423,-0.12354494572061248,0.06076761303890632,0.050184180143102886,-0.09653767663337565,0.3544320477905649,0.3544320477905649,0.34615384615384603,0.5217391304347825,-0.7605423996144494,-0.8515380898695442,4.022923447007217,-2.980001374475981,-0.15257881552955876,0.19643850862548695,-0.16613018597997142,-0.06891495601173026,0.051724137931034475,-0.11785714285714288,0.2989399293286219,inf,0.10621576565849011,-0.03427065026362042,-0.03888888888888897,-0.14463385868982526
1999-06-30,0.017960920538428127,0.012878496079917534,-0.032789650016702976,-0.0446029401560285,0.0764749215656213,-0.09610654072068137,-0.28626560726447214,-0.28626560726447214,-0.2857142857142857,-0.2857142857142857,1.0606531881804044,0.7797786938598394,-0.23021663802574865,-0.5410433514976918,-0.08263548645135488,-0.10744186046511617,-0.13188934162556298,-0.055118110236220486,0.07868852459016407,-0.15114709851551955,-0.07616974972796509,inf,0.05748116254036595,-0.0018198362147405778,-0.052023121387283267,0.06016545500125359
1999-09-30,0.049785784118848486,-0.09452646299351686,0.025843423792581977,0.012907309126940936,0.07458870609159618,0.041659172874681794,-0.040076335877862634,-0.040076335877862634,-0.040000000000000036,-0.040000000000000036,-1.9807769145394007,1.9882969645251736,-0.8607136322049406,1.9224079255842095,-0.2632482475322393,-0.14851485148514854,-0.14599802371541504,-0.09833333333333327,0.07598784194528885,-0.20985691573926868,-0.1484098939929328,inf,0.023615635179152994,-0.04557885141294438,-0.05487804878048774,-0.10605344052967602
1999-12-31,0.04541908430445174,-0.041895988213578095,0.09123121277694612,0.06697670130655009,0.00011314265025341719,0.041056304750827,-0.39766164915270286,-0.39766164915270286,-0.33333333333333326,-0.375,-1.8570975918884665,-0.728185044670175,0.8013662637940095,-1.0520663509561887,0.018603791030975536,-0.291921664626683,-0.14550188024298527,-0.11706715958102276,0.008474576271186418,-0.3420523138832997,-0.2524204702627939,inf,-0.04335719968178198,-0.07449856733524352,-0.04516129032258065,-0.10203676762333014
2000-03-31,-0.09953437031163759,-0.22090955688707425,-0.2343066655483531,-0.13167949924156597,0.04589193190229457,-0.06764459419353708,0.16840864440078596,0.16840864440078596,0.0625,0.13333333333333353,-1.756852389754423,-0.3595977787783281,7.4734539089848315,-39.285785288270375,-0.6992520106751874,-0.2108902333621434,-0.2213947190250507,-0.18562456385205872,0.050420168067226934,-0.21712538226299694,-0.14708603145235888,inf,0.1615384615384614,-0.16511867905056765,-0.027027027027027084,-0.10273215995286855
2000-06-30,0.0221601435100216,0.06561460663451202,-0.01371979844767146,-0.026275346615660222,0.05050420765381958,0.06241778818022237,0.053739574926015665,0.053739574926015665,0.0588235294117645,0.0588235294117645,-2.3641057846626197,-0.04757440824935555,-0.9564843185182635,-1.193207929275227,0.4492167456460716,-0.23329682365826954,-0.12652173913043485,-0.09168808911739501,0.06133333333333324,-0.26953125,-0.06290672451193058,inf,0.027742974762842376,-0.10506798516687266,0.01388888888888884,0.09430400525279059
2000-09-30,-0.004694034741600017,-0.0017713132414181043,-0.050720125025286666,-0.3548844946320804,0.029442308314627796,-0.05019408791896329,-0.04512669943192693,-0.04512669943192693,0.0,0.0,-0.34825310757583505,0.000738188976378007,1.5751582278481013,-0.8733454276691527,0.03925938268005158,-0.0714285714285714,-0.12344449975111993,-0.08584905660377351,0.035175879396984966,-0.12834224598930488,0.016203703703703498,inf,0.03430860327412044,-0.0911602209944753,0.006849315068493178,0.5474386859671494
2000-12-31,0.002637255218082668,-0.05351948063027323,-0.0637300373555294,-0.12825838246941834,0.048027159950503995,0.03729698887120936,0.08322192513368987,0.08322192513368987,0.05555555555555558,0.05555555555555558,0.995840200926144,1.5994590607327268,-1.282642089093702,6.478514588859417,0.2825106715565442,-0.15384615384615385,0.015332197614991383,0.0835913312693497,0.058252427184465994,-0.18404907975460116,-0.07858769931662868,inf,0.0451254419936018,0.06534954407294835,0.020408163265306145,0.08574059713067061
2001-03-31,-0.040116587085712196,-0.07982748286320762,-0.10043290043290043,-0.15786020029074466,-0.003263954975418093,-0.059694016734717636,-0.22357297130515275,-0.22357297130515275,-0.21052631578947367,-0.21052631578947367,-0.7603130284321051,-0.5678206583427923,-6.326630434782609,-1.8838050649074272,-0.19468404275267204,0.28727272727272735,-0.06543624161073824,-0.0323809523809524,0.002293577981651307,0.21804511278195493,0.215080346106304,inf,0.03850491380699195,-0.032810271041369465,0.0,0.09262979331279864
2001-06-30,0.015822550440661498,0.06274427215468847,0.046441364118948725,0.09879044342415999,-0.0010614549592926625,0.03975097379898118,-0.07924018439039904,-0.07924018439039904,-0.06666666666666654,-0.06666666666666654,2.9410992616899096,-0.309258043335522,-0.07540046933986333,-1.7847339272814833,0.18970836486407827,0.08757062146892647,-0.08497905445840803,-0.06200787401574803,0.004576659038901587,0.08641975308641969,0.11902339776195325,1.9999999999999996,-0.016599441514117186,-0.06047197640117985,-0.00666666666666671,-0.0328076483085471
2001-09-30,0.0034682983986460414,0.0197659789205904,0.016631346389983204,-0.0008182413266419886,-0.004135309518332297,0.02546919955904614,0.08208890807078117,0.08208890807078117,0.0714285714285714,0.0714285714285714,-0.19116606302818362,0.23162230671736372,-0.15416022952990505,-0.5339061061675361,0.07432234073784127,-0.027272727272727226,-0.05297580117723999,-0.039874081846799525,0.004555808656036442,-0.02840909090909094,0.031818181818181746,0.3333333333333335,-0.007572172266919086,-0.05180533751962335,0.020134228187919545,0.020614201833312196
2001-12-31,0.007402179309533574,0.0749419282531476,-0.05583510154592297,-0.06810067150734289,0.04469279888240507,0.03735753953208287,0.0856732610082962,0.0856732610082962,0.06666666666666665,0.06666666666666665,0.2801482320242936,-0.09596089529199892,-0.05583822570123942,1.2058371735791091,0.15260129647341025,0.026702269692923997,-0.057320441988950255,-0.04480874316939887,0.04535147392290262,0.01754385964912286,0.07577092511013217,0.0,0.03687807979653468,-0.05960264900662249,0.013157894736842035,0.15351185795289912
2002-03-31,0.0004361623210704657,-0.009740983179251761,-0.020201321729509725,-0.041172610957491695,0.011434889046829433,-0.07086773305813554,-0.05275532696546659,-0.05275532696546659,0.0,0.0,-0.3920472820842714,1.1525327262379057,-0.13956059140527843,-1.2113012335853561,-0.02797571223476414,0.18855656697009104,-0.006593406593406681,-0.0011441647597254523,0.017353579175704903,0.13793103448275867,0.24733824733824727,0.30000000000000004,0.011037866012570952,0.0,0.0,0.03275923932543945
2002-06-30,0.022016594405138257,0.03055480080154882,0.12033452301736136,0.1929393650560891,-0.02874290146108882,0.13349284289542251,0.39885200124107967,0.39885200124107967,0.375,0.375,1.091859004034125,-0.01560021152829194,0.6131363417375943,-11.00894538606403,0.2880662339598097,0.3599562363238511,0.12168141592920367,0.11798396334478811,-0.023454157782516027,0.33838383838383845,0.33814839133289554,0.23076923076923084,-0.049583017437452526,0.09507042253521125,0.01948051948051943,-0.136122016468054
2002-09-30,-0.0007305607851765261,0.013701846824393016,-0.04379440522311162,-0.0837507554572181,0.024914922693534125,0.032418219529323444,-0.11583675280026617,-0.11583675280026617,-0.09090909090909083,-0.13636363636363635,-0.33672662893996397,-0.36099919419822724,-0.35271279243404674,-0.5130062561738558,0.10891245344947298,-0.0844730490748189,0.04667981591058501,0.05225409836065564,0.026200873362445476,-0.0641509433962264,-0.19087340529931307,0.1875,0.025526483726866722,0.027331189710610992,0.02547770700636942,0.10637442187814217
2002-12-31,0.028302616143247583,0.12342979757545702,0.06043009740718075,0.07102529989826367,0.010452615506891805,-0.010535307517084314,0.12712449043587326,0.12712449043587326,0.04999999999999982,0.10526315789473673,1.0678741658722593,0.42139554434636395,0.49430944324823134,0.4420940790109147,0.14163607213668405,0.0,0.06721105527638183,0.05939629990262896,0.017021276595744705,-0.024193548387096753,-0.054578532443905314,0.1578947368421053,-0.01726820161792164,0.05320813771518007,0.006211180124223503,0.04892766266812054
2003-03-31,-0.02133407862865655,-0.0523768353958739,-0.0627595938797969,-0.18918580375782879,0.0028202832702866054,-0.1221742605915268,-0.2887269085243712,-0.2887269085243712,-0.23809523809523803,-0.23809523809523803,-0.9867232159321409,-0.08635221055744491,0.17486620008233844,-2.1034159410582722,-0.1368943252922944,-0.023725834797891143,-0.0035314891112417923,-0.009191176470588092,0.006276150627614996,-0.04132231404958686,-0.08659397049390638,0.15909090909090917,0.024695266740541344,-0.005943536404160454,-0.006172839506172867,0.16873440532298312
2003-06-30,0.005531200681379689,0.012127805771873668,-0.048425966696494904,-0.15381842525361755,0.0349350836997131,0.09601515261892613,0.31612297582727056,0.31612297582727056,0.3125,0.3125,31.368055555555557,-0.32238226250202295,-0.3149364870784056,-1.5938448464246693,0.09418775934608692,-0.13321332133213315,-0.036621382161842964,-0.02133580705009286,0.03534303534303551,-0.13793103448275856,-0.1327247191011236,0.13725490196078427,0.029198207940676735,-0.014947683109118093,-0.006211180124223614,0.19611564121571523
2003-09-30,0.03563379322600846,0.07648121537167585,0.08419701364805632,0.16154454722492706,0.011300970292882795,0.03931954137587246,-0.10039229671897287,-0.10039229671897287,-0.09523809523809523,-0.09523809523809523,1.3186547951083458,-0.3276809171244328,-0.37122762148337596,2.146785239701523,0.27087549494060714,0.2004153686396677,-0.026977314530962526,-0.023696682464455,0.1586345381526102,0.15999999999999992,0.2153846153846155,0.12068965517241392,-0.02356649654758336,-0.009104704097116945,-0.012499999999999956,-0.0732541709016089
2003-12-31,0.0003127245201683948,-0.030404849079410656,0.5304929257513664,0.7442826081261624,-0.2844848625289351,0.10286388072826114,0.5285100759828212,0.5285100759828212,0.631578947368421,0.47368421052631593,0.0774480094381087,2.672113676731794,11.978645515558267,-1.7103134643495208,-0.15139682209990657,0.33044982698961944,0.15248897290485197,0.07669902912621374,-0.29289428076256496,0.15086206896551735,0.330446369087275,0.10769230769230753,-0.2847040737893928,0.05359877488514564,0.018987341772152,-0.4441204793494543
2004-03-31,-0.03185907106567243,0.07863784025988574,-0.10473494673147443,-0.04148112548716287,0.0518763264518618,-0.043244418672078844,-0.3740814385752572,-0.3740814385752572,-0.35483870967741926,-0.2857142857142857,-0.6261459518646542,-0.42633259166102355,-0.9887175629936066,-1.5851282754836054,0.10439103191697674,0.25552665799739915,0.08529250956806989,0.02254283137962121,0.04656862745098023,0.7715355805243447,0.15122684026039068,0.11111111111111116,0.08661078873844841,-0.018895348837209225,0.04347826086956519,0.12530677060776663
2004-06-30,0.023660525771061813,0.0738863446778717,-0.014294805238302621,-0.0031963649183281984,0.06077856569659845,0.07671939633619718,0.4032458563535912,0.4032458563535912,0.40000000000000013,0.40000000000000013,1.5240337678745766,0.3370994940978078,1.0347222222222223,1.6894099257522468,0.2542127464669075,0.20300362506473335,0.11133501259445833,0.04409171075837737,0.0936768149882905,0.15010570824524305,0.14832535885167464,0.09999999999999987,0.036194620253164445,0.007407407407407307,0.03571428571428581,0.07731451785332477
2004-09-30,-0.06830560871485347,-0.14575079393799484,0.0009955759729800562,0.0529562941597177,-0.1312816300820414,-0.0032648351223081296,0.028889216989025135,0.028889216989025135,0.0714285714285714,0.03571428571428559,-0.2958749516507019,0.01652162946147051,47.10170648464164,-2.341896486588591,-0.2719851096163135,0.10159276797244932,0.19038984587488672,0.09966216216216228,-0.13490364025695933,0.007352941176470562,0.020454545454545503,0.09090909090909083,-0.0675701469746135,0.0470588235294116,0.051724137931034475,-0.18870321120946298
2004-12-31,0.05868329805760686,-0.020026804658313635,0.06418642543152453,0.1266878148908379,0.052920979299363013,0.08121406359750516,0.05084664689562812,0.05084664689562812,0.06666666666666665,0.034482758620689724,0.2291659934727115,2.2580645161290325,-0.689253430586499,-0.7025944213444213,-0.11111021213935501,-0.17897616256350135,-0.019421172886519344,-0.009216589861751223,0.04950495049504955,-0.051094890510948954,-0.2572383073496659,0.08333333333333348,-0.005527123848515836,-0.0407303370786517,0.032786885245901454,-0.1301922794657272
2005-03-31,0.08160731594113524,0.1388304036907162,0.09690785444523842,0.03271325224580646,0.06541472422046168,-0.05540248496679967,-0.1940006372615959,-0.1940006372615959,-0.21875,-0.16666666666666663,-0.2356003049501827,-0.7663366336633664,-1.9308155995981369,-3.9809218670356077,0.3726118418058526,0.08567348881485004,0.032621359223301116,0.018604651162790642,0.06367924528301883,0.03461538461538449,0.06546726636681655,0.08653846153846145,-0.014820913956360648,0.017569546120058677,0.0,0.1027112161097985
2005-06-30,0.015460290888799966,0.010206018245834558,-0.03276676796021927,0.035128234735640085,0.06800776905747896,0.07156014667307176,0.2881346360196533,0.2881346360196533,0.32000000000000006,0.28,0.2720707088076486,1.5487288135593222,-1.75572781239268,-0.9796028043090602,0.005537061842681101,-0.00964489259096879,0.019556224144415157,0.009132420091324311,0.06651884700665178,-0.06877323420074355,-0.053939962476547754,0.07964601769911517,0.05160885917258651,0.008633093525179714,0.0,-0.024076719036931205
2005-09-30,0.007236162295503057,0.010076994587380872,-0.0323194545077371,-0.07212354829513767,0.04626863457687458,-0.062136961913454636,-0.2219299399359902,-0.2219299399359902,-0.24242424242424243,-0.21875,-0.5658321617821996,-1.1395229874032866,-0.21091924175538823,0.40958083832335324,0.007761957833510191,-0.007968127490039834,-0.09037255625230545,-0.07390648567119151,0.043659043659043606,-0.06986027944111772,-0.04214179474467039,0.07377049180327866,0.03874428770117233,-0.042796005706133955,-0.03174603174603163,0.0885950240434874
2005-12-31,0.006416243414010703,-0.011801150612184674,0.007366396679373777,0.062328016884400705,0.005549081154957447,-0.00020633375861012215,-0.11139910970868316,-0.11139910970868316,-0.07999999999999996,-0.12,0.9911576063266705,-4.028872593950505,0.9553270259152613,1.2047578589634664,0.016981428403156862,-0.22713074520303433,-0.11719383617193835,-0.10097719869706845,0.005976095617529875,-0.25965665236051505,-0.19979296066252583,0.06870229007633566,-0.0007651109410865553,-0.06557377049180324,-0.03825136612021862,-0.0697652086234215
2006-03-31,-0.03246443333441351,-0.04110282521077124,-0.02234469741362821,-0.04636731717131071,-0.04171695410401888,-0.08582160141161421,-1.6549143944197844,-1.6549143944197844,-1.652173913043478,-1.6818181818181817,-0.6368213660245183,3.7557875624148886,-0.732528295535827,-10.878998073217726,-0.16495827139998331,0.06004618937644346,-0.3895268718419844,-0.3777173913043479,-0.04158415841584162,0.05507246376811592,0.14165588615782654,0.0714285714285714,-0.009571209800918856,-0.3668261562998406,-0.017045454545454586,0.00552286569629401
2006-06-30,-0.009975229398304308,-0.04261763591076462,-0.03871694327635,0.005432453636249779,0.016834689877999187,0.06897057716908717,-2.3616382649109218,-2.3616382649109218,-2.3333333333333335,-2.3333333333333335,-0.12003788857315079,-1.1900671311762272,3.005820355513607,-0.6793571540021844,-0.06334137301287635,-0.11383442265795207,-0.1948833709556057,-0.18486171761280923,0.022727272727272707,-0.07692307692307698,0.4402266288951844,0.06666666666666665,0.027058368766911478,-0.17128463476070532,-0.017341040462427793,-0.047790154509522065
2006-09-30,0.0021037253469686767,-0.015419148447303743,0.04561564715148325,0.11272417297793513,-0.036266296248064656,-0.027334386912157616,-0.06008675247102324,-0.06008675247102324,-0.050000000000000044,-0.050000000000000044,1.5955572952343675,-1.7864077669902914,-0.051168270174749675,-0.6026763990267641,-0.026868937829588768,-0.019668100799016597,-0.10934579439252334,-0.11428571428571432,-0.010101010101010055,-0.04166666666666652,0.20653029110936272,0.0625,-0.0382009785472337,-0.10942249240121582,-0.00588235294117645,-0.1151482479784367
2006-12-31,0.02026569762891639,-0.005651035963422646,0.08552193835917388,-0.01269917970959833,-0.042168258648802026,0.04642023557509645,0.20018157058556518,0.20018157058556518,0.21052631578947367,0.21052631578947367,0.0344970592670788,0.5977011494252873,-0.22878900753248899,-1.9387630128597673,0.02592000811585371,0.1492163009404388,0.030430220356768123,0.008064516129032251,-0.01224489795918382,0.16149068322981375,0.29931529181610683,0.05882352941176472,-0.06124046174916842,0.0034129692832765013,0.00591715976331364,0.007128061410990538
2007-03-31,0.035764511941809296,-0.021078932260731764,0.18754210409143357,-0.042741776639747875,-0.12880744874286787,-0.053715250040633156,-0.3381240544629349,-0.3381240544629349,-0.30434782608695654,-0.30434782608695654,-0.7013739567768504,1.330402344790834,-0.37656971128045513,-7.701565557729941,-0.1693159625225582,-0.05237315875613735,0.7128309572301426,0.6159999999999999,-0.10950413223140498,-0.0401069518716578,-0.07252195734002509,0.061111111111111116,-0.15902459358065857,0.6258503401360545,-0.00588235294117645,0.022624160667836124
2007-06-30,-0.0035258565231975902,-0.010611498187156343,-0.03338170202612878,0.02762813318368873,0.040601958307693975,0.04970399064464259,0.31352380952380954,0.31352380952380954,0.3125,0.3125,-0.26617036856236276,-1.4075577406814543,0.3069639321683739,-0.9126393147418115,-0.017806479773029404,-0.02763385146804842,0.04102259215219983,-0.01856435643564358,0.039443155452436374,0.09192200557103059,-0.4142316017316018,0.05235602094240832,0.04436183395291193,-0.008368200836820217,-0.01183431952662728,-0.037207926648920364
2007-09-30,0.048487392141346675,0.09545041081999961,0.062270951556962606,0.035367784917268885,0.029563310924834774,0.012080448125441734,-0.017908932714617132,-0.017908932714617132,0.0,0.0,1.8599700648594713,-2.9946696591387294,-1.9527761311993677,-11.592200557103064,0.19202916847622986,-0.07578448786264069,0.03655054254711576,-0.017654476670870056,0.02678571428571419,-0.11224489795918369,-0.08729792147805993,0.054726368159204064,-0.018035121025154255,-0.006329113924050556,-0.0119760479041916,0.05799950847874169
2007-12-31,-0.05035366262156504,-0.0935994119408674,-0.032038241026589476,0.003100093764650813,-0.0762985976992191,0.052849737368038996,-0.5544481358434847,-0.5544481358434847,-0.5238095238095237,-0.5714285714285714,0.0030237832180031177,-0.7624472573839662,-4.131342458177796,-2.614526902645558,-0.26009116789805464,0.028827674567584838,-0.1515151515151515,-0.18870346598202814,-0.05652173913043479,0.00287356321839094,0.003542510121457232,0.04716981132075482,-0.027307878202029956,-0.19532908704883223,0.0121212121212122,-0.09639953542392565
2008-03-31,0.0204495325967482,0.022140540053464663,0.011270496822900489,-0.06019197401398613,0.03407524844641441,-0.02609164420485177,1.235128417564209,1.235128417564209,1.0999999999999996,1.3333333333333335,-0.18267725665255952,-1.1788040260509176,-0.8788688242306504,-1.3326057920969476,0.11691687565128772,0.07409713574097143,0.06168831168831179,0.06487341772151889,0.02995391705069128,0.13753581661891112,0.2985375693393848,0.04954954954954949,0.013416149068322891,0.04485488126649084,0.017964071856287456,0.08759640102827748
2008-06-30,-0.01029524608621446,0.002894494216521437,-0.05067884263688882,0.0035992689567714287,0.048329699697587714,0.07925149871347159,0.527244421380384,0.527244421380384,0.523809523809524,0.523809523809524,0.8574265853312526,-7.44205298013245,4.011299435028248,-1.4876591576885407,-0.05104729487271498,-0.013333333333333308,0.13639143730886838,0.14264487369985135,0.04921700223713654,-0.04030226700251893,-0.08194174757281547,0.04721030042918439,0.059083108605050505,0.11363636363636354,0.0235294117647058,-0.0006500029545588593
2008-09-30,-0.011979067789118503,0.005321779005160732,-0.04572443373912072,-0.07129362940939643,0.03238249855764708,-0.035581403300457226,-0.18644725984175525,-0.18644725984175525,-0.1875,-0.1875,-0.1026884594821661,-0.10871241326137238,-0.7343710222933411,-2.7509540068286804,0.09418958923053644,-0.04994124559341939,0.051130247578040855,0.07542262678803646,0.01705756929637503,-0.0944881889763779,-0.17597292724196278,0.04508196721311464,0.044907407407407396,0.04308390022675734,0.034482758620689724,0.08248580889309354
2008-12-31,0.04107097544483418,0.058007446754249736,0.05240472415259112,0.10960082702504415,0.027298897257113985,0.023566874875107224,-0.13502386634844865,-0.13502386634844865,-0.07692307692307698,-0.11538461538461542,0.6821721921947483,0.16118800461361005,2.06763417305586,0.5267263133746272,0.13142304198428056,-0.2343846629560915,0.10957501280081927,0.1378476420798067,0.04612159329140475,-0.24637681159420288,-0.2777207392197125,0.04313725490196085,-0.013070447496677073,0.13913043478260878,0.0,-0.04648495111159667
2009-03-31,-0.015124575215703095,0.009369705651437243,-0.039406288745706175,-0.031736872475476074,0.015102156999177607,-0.06732204371839356,-0.18321031937642274,-0.18321031937642274,-0.20833333333333326,-0.17391304347826086,-0.5275514850984162,-0.20908865160168855,-0.5856467017763098,-0.8160781367392937,0.02136386644092636,-0.21405492730210018,-0.053991693585602296,-0.026567481402762994,0.018036072144288484,-0.25,-0.3219616204690833,0.041353383458646586,0.03052749719416381,-0.024809160305343525,-0.005555555555555536,0.042449587534372224
2009-06-30,0.012248278703416382,0.03637697228144998,-0.01335160097544974,0.041759783472387735,0.042404698477979785,0.08901815677350955,0.8675787517946119,0.8675787517946119,0.8421052631578947,0.8421052631578947,0.7860661882831745,0.1839874411302982,1.7042223179663938,2.377450980392157,0.07064613702001132,0.3237410071942446,-0.00536585365853659,0.017467248908296984,0.04527559055118102,0.3025641025641026,0.35010482180293523,0.04332129963898912,0.02984099324765843,0.023483365949119372,-0.005586592178770999,-0.005165686651645962
2009-09-30,0.04714393321641208,0.11106429483718916,0.04728255333294018,0.09235169680898614,0.04698937426210148,0.03620045572210251,0.156326309125441,0.156326309125441,0.17142857142857149,0.14285714285714302,0.5186639882469344,0.35534341023601157,-0.4469449533975942,3.2739477503628445,0.2820146525993201,0.30046583850931663,0.0985777341834233,0.11158798283261784,0.05084745762711873,0.24015748031496065,0.26242236024844723,0.03806228373702414,-0.0002115059221657889,0.11472275334608018,0.0,0.01712423355244974
2009-12-31,0.010109884770796773,0.0012295276243747821,-0.04584408403980833,0.010359330762139018,0.07251503057501574,0.1310756876753969,0.1856790895936804,0.1856790895936804,0.14634146341463405,0.1499999999999999,-0.38274895364447603,0.5942085697515163,0.7814187972632336,-1.0734074765826187,-0.016148008889497523,0.40358208955223884,0.16116071428571432,0.19787644787644787,0.07885304659498193,0.33650793650793664,0.23554735547355454,0.036666666666666625,0.061984345250687634,0.15780445969125223,0.03370786516853941,-0.009069679031119326
2010-03-31,0.02987645116768145,0.09538590827447235,0.0010220998921564028,0.09347126536077566,0.05850615006641169,-0.03684404038587186,0.023780467693525598,0.023780467693525598,0.06382978723404253,0.04347826086956519,0.24688949304333918,-0.17525773195876293,-0.586173438447544,-9.516191210485736,0.13977664589199268,0.1293066780093577,0.14994232987312572,0.18452860596293297,0.04817275747508298,0.04750593824228022,-0.05624688899950214,0.04180064308681675,0.027689243027888555,0.15407407407407403,0.02717391304347827,0.0017538090540392126
2010-06-30,0.0022794203500213772,-0.01664874735937849,-0.010901986637830485,-0.058442456202721704,0.01464793407549525,0.06656523601849917,0.0435567010309279,0.0435567010309279,0.020000000000000018,0.04166666666666674,0.23558382926328747,0.6864583333333334,3.0426924579914028,-1.3377846181702955,-0.04142425722787224,0.07532956685499048,0.04480106987629573,0.07074829931972793,0.030110935023771823,0.02494331065759625,-0.10917721518987344,0.03703703703703698,0.012405504942818224,0.04621309370988458,0.021164021164021163,0.04442499179341275
2010-09-30,0.06102124475935411,0.10824004505308849,0.05280227596017073,0.12127139620741745,0.06853915319262827,-0.012382776893722913,0.08943566312669793,0.08943566312669793,0.11764705882352922,0.10000000000000009,0.06213668825776453,-0.06123709520868259,-0.45407312534738165,-4.344009648887697,0.14450930655454797,-0.06444833625218915,0.027200000000000113,0.05400254129606097,0.06769230769230772,-0.09070796460176977,-0.1403197158081706,0.038690476190476275,0.0070840513115069115,0.04539877300613493,0.010362694300518172,-0.011629125196437884
2010-12-31,0.08846299300972293,0.04737045630317094,0.08341504466457184,0.012323853086575687,0.09301236005353153,0.046061430884388965,0.057836719657683666,0.057836719657683666,0.05263157894736836,0.05454545454545445,-0.031097906608549497,1.3583983457091833,-1.2297817715019255,0.3108644251192241,0.16551382149200267,0.14114563833770122,-0.004672897196261738,0.007836045810729386,0.09798270893371752,0.06812652068126512,0.05509641873278248,0.0372492836676217,0.0041825095057033135,0.03873239436619724,-0.03076923076923077,0.03460886156455367
2011-03-31,-0.03968285990961906,-0.017220242067943703,-0.07505433814359519,-0.1244502143701951,-0.00808489779288657,-0.01339664024724585,-0.5899276721135815,-0.5899276721135815,-0.5833333333333333,-0.5862068965517242,-0.14708493040145254,-0.7409031126698816,-10.904450009632056,-1.440110058086212,-0.06249972865844389,-0.00623359580052496,-0.15054773082942108,-0.13875598086124397,-0.002624671916010568,-0.09339407744874706,-0.06266318537859017,0.035911602209944826,0.03294206739871264,-0.1333333333333332,-0.005291005291005346,0.1224834793299523
2011-06-30,0.036629715995695644,0.04406983744732096,-0.024230890726002152,-0.03914812332793349,0.08732690254771214,0.07220250350515989,1.724131173242749,1.724131173242749,1.6800000000000002,1.7083333333333335,-0.08916956408618937,0.5288417166589756,-0.7396817987318629,-2.2129758266185053,0.08086468063035746,0.12050181578078578,0.017317612380250758,0.04166666666666674,0.07105263157894748,0.12311557788944727,0.2639275766016713,0.03733333333333344,0.04875366568914963,0.05345501955671428,-0.010638297872340274,0.08657356699525387
2011-09-30,0.011984872827495607,0.023865759427978306,-0.05586875960667892,0.0027019308920765983,0.06270818618066776,0.009400932082388902,0.12222728471739286,0.12222728471739286,0.11940298507462677,0.10769230769230753,0.20971720896413815,0.16158567260287748,0.5086670651524208,-0.5057267208796243,0.03697895913934257,0.21361225692398356,0.028975009054690304,0.06466666666666687,0.06756756756756732,0.1319910514541387,0.12341597796143255,0.041131105398457546,0.050157287661656724,0.05816831683168333,0.005376344086021501,0.02112646478222513
2011-12-31,0.10247338815906581,0.1941666647893543,0.161695709988654,0.32087696621828865,0.06314208960418854,0.15612862264714678,0.05822898414462152,0.05822898414462152,0.06666666666666665,0.06944444444444442,1.0809702694000216,2.7430922477262882,0.09058042789223464,2.5847526358475266,0.1278332796218713,0.0844865258557903,0.032734952481520585,0.056355666875391286,0.04602991944764101,0.015810276679841806,0.0004904364884745771,0.039506172839506304,-0.03561324679647193,0.02807017543859658,0.026737967914438387,-0.09591971043106284
2012-03-31,0.03787352818894085,0.03858045943401733,-0.023368208869264717,-0.01095488263514266,0.08231632987134208,-0.06723547558671039,-0.03420632837267534,-0.03420632837267534,-0.03749999999999998,-0.038961038961038974,-0.6744238823213881,-0.7548248252881011,-0.03269606284909854,-0.8955397543632838,0.011839955453633033,0.20349227669576897,0.1291751874573961,0.15767634854771795,0.08360836083608358,0.14980544747081725,0.10735294117647065,0.04750593824228022,0.04279551337359777,0.16837315130830488,-0.01041666666666663,0.05009099181073706
2012-06-30,0.10353460957698046,0.17129062843981702,0.39490690005946205,0.2538391558259163,-0.08726558917466476,0.28405288288795294,0.26297852767149643,0.26297852767149643,0.2727272727272727,0.2702702702702702,3.334072618972182,0.4589900896649364,0.12102718182244976,28.57766089108911,0.3461003743582689,-0.0686383928571428,0.07244189556293401,0.03379416282642089,-0.03857868020304556,-0.14043993231810492,-0.23019034971226204,0.04535147392290262,-0.1729273539632632,0.006815968841285436,0.026315789473684292,-0.06585503227763101
2012-09-30,-0.01695902362263002,-0.061660256807890335,-0.004174725472166685,0.005139144768738557,-0.02975308010837896,-0.11302940655895222,-0.10315029715099244,-0.10315029715099244,-0.0714285714285714,-0.07446808510638292,-0.48172407743142875,1.3605899857678874,2.6806817705934085,-1.521700925780637,-0.13413627182282994,-0.07409626522867985,0.031241204615817697,-0.016840019811787954,-0.009503695881731722,-0.03543307086614167,-0.15928694652098918,0.04338394793926237,-0.013005202080832334,-0.012572533849129708,0.0,-0.06646259449932745
2012-12-31,0.03332726850660972,-0.009380593277902527,-0.005372064556755984,0.06483064660993842,0.07307713970613627,0.11794968280937024,0.09334391612522142,0.09334391612522142,0.08791208791208782,0.14942528735632177,0.011707289550891398,0.15963277610304183,-0.6493838959620439,-0.9618222649983958,-0.005914347573533263,-0.12230371009490948,0.038482532751091814,0.007556675062972307,0.07995735607675902,-0.11428571428571432,-0.16142270861833097,0.04158004158004158,0.03851611595378057,0.0009794319294809117,0.00512820512820511,-0.06970389507154207
2013-03-31,0.04760661527772836,0.03319970036853337,0.051209774228829996,0.12266676663448961,0.044176210439340835,-0.06485562988210691,-0.08358516367565383,-0.08358516367565383,-0.06060606060606055,-0.09999999999999998,-0.018682207288849284,-0.1399031076450431,-0.41692627206645894,-3.9910714285714284,0.017795484727755717,0.03489800933890397,0.031274638633377094,-0.010500000000000065,0.04244817374136223,-0.041474654377880116,-0.03262642740619903,0.05988023952095811,-0.0033183681436657064,-0.011741682974559575,0.0,-0.07967957276368487
2013-06-30,0.15310073828876303,0.23654495456989544,0.18530173070090838,0.3179489605391672,0.12223712224522987,0.24147327547655495,0.37126487601783276,0.37126487601783276,0.36559139784946226,0.3555555555555554,0.6831614241468473,0.14015661491963183,-1.2221170970614426,12.513257243195786,0.2362704163084859,0.2652576585134172,0.007390417940876581,0.005053057099545288,0.11742424242424243,0.2139423076923077,0.21079258010118052,0.05649717514124308,-0.02683117900509213,0.02079207920792059,-0.015306122448979553,-0.061742006615215006
2013-09-30,0.21237776502882522,0.3232727776065689,0.35031543490051664,0.49591453244093486,0.07273940992967654,0.3582886604278348,0.4898905084973466,0.4898905084973466,0.48818897637795255,0.47540983606557385,1.4924749516759377,0.539859263543474,-21.955650212979204,0.959783258400686,0.3745449217488912,0.5050675675675675,0.14470022767518342,0.10457516339869288,0.057627118644067776,0.3465346534653466,0.39972144846796676,0.053475935828877,-0.11511370497081919,0.054316197866149496,0.04663212435233155,-0.11540602387284316
2013-12-31,0.07851703921913522,0.10359330423532875,0.017319234127294525,0.09637408081749022,0.15649981345017494,0.09537716200307877,0.12958521190261507,0.12958521190261507,0.13227513227513232,0.11111111111111116,-0.8441070690787914,-0.18761150583742836,-0.7236291460410837,-1.1879446496177588,-0.051212377980809354,0.42548946252649955,0.1085082872928178,0.08739189804278569,0.1698717948717947,0.34705882352941186,0.1557213930348258,0.050761421319796884,0.07232203775301338,0.05703771849126027,0.02970297029702973,0.006572047822135163
2014-03-31,-0.09806859953148217,-0.1764803716957546,-0.20315904422391773,-0.2544696649811018,0.019729356093913575,-0.33956214293095555,-0.5621173296293636,-0.5621173296293636,-0.5654205607476636,-0.55,-4.488801511958812,-0.47108456944711996,0.4598079086268063,7.487017568616384,-0.45810078205780025,-0.09019333391654272,-0.08034290271132383,-0.0648807032231059,0.017123287671232834,-0.222707423580786,-0.24365045200172186,0.054750402576489554,0.13064687168610822,-0.035683202785030566,-0.028846153846153855,0.10460512606793082
2014-06-30,-0.023658836400963668,-0.08135226988935573,-0.07179162200716116,-0.10437524390370245,0.018501323154693106,-0.0313443934307015,-0.6443832719582893,-0.6443832719582893,-0.6451612903225806,-0.6444444444444444,-0.8489103362391034,-0.22333916083916083,-1.0179301760417283,-0.7294833584816252,-0.22868437697659705,-0.22625000000000006,-0.20052026880554952,-0.17681289167412706,0.014141414141414232,-0.2387640449438202,-0.22652248150256116,0.05343511450381677,0.04314387544550735,-0.14169675090252698,-0.044554455445544594,0.025718417908570768
2014-09-30,-0.018935354767419144,-0.04801742692781841,-0.1095923894720281,-0.1320708881845314,0.05343265773898298,-0.017271590257020075,2.501717332239709,2.501717332239709,2.4848484848484844,2.5000000000000004,-2.3850401813311355,0.03141999624835856,-56.01652892561984,-0.6226586149141813,-0.11187648347843515,-0.2889275506399901,-0.18492407809110634,-0.1223491027732464,0.052456839309428904,-0.29889298892988936,-0.1611479028697571,0.049275362318840665,0.07372774680812788,-0.05362776025236604,-0.07253886010362687,0.09679990191270216
2014-12-31,0.026178309981446102,0.03631015790480019,0.06019481195629184,-0.07073931413186896,0.0032265035282896815,-0.04569974953036948,-0.31915734613808044,-0.31915734613808044,-0.31304347826086953,-0.3125,1.8205486788859795,-0.049922706192597976,-1.7614841520204296,-4.806287412957609,0.4794761572554169,-0.1913666550157287,-0.3100465735196274,-0.27137546468401486,0.0,-0.231578947368421,-0.06491228070175437,0.046961325966850875,-0.022274325908558046,-0.18222222222222217,-0.10614525139664799,0.11519758537812308
2015-03-31,-0.0011254718371888073,-0.0137995152557846,0.02495848189572558,-0.020479096596219715,-0.019724374441607795,-0.10871758362354766,-0.21985937600791283,-0.21985937600791283,-0.21518987341772156,-0.22077922077922085,-0.21726287806061628,-0.1294506125574273,-2.181290933480628,-0.8256464571899306,0.056505382868436094,0.10114545061594993,-0.10993249758919965,-0.09353741496598633,-0.005678233438485836,0.09931506849315075,0.5365853658536583,0.04617414248021112,-0.018670777663583493,-0.0502717391304347,-0.04375000000000007,0.006816359262229232
2015-06-30,-0.006199240117151228,-0.018759665625542876,0.014470765192343471,0.026813125668070814,-0.02160959204372148,0.031062039416047682,0.23083071495507412,0.23083071495507412,0.22580645161290325,0.25,0.15102832960457158,-0.08465724808971464,1.6552219364750678,-1.754617414248021,-0.04035942135524695,0.0785083415112855,0.14355362946912265,0.14727954971857415,-0.0076142131979695105,0.08722741433021808,0.19413919413919412,0.044136191677175196,-0.015534997381742022,0.19027181688125872,-0.03921568627450989,-0.04435483870967738
2015-09-30,-0.03067601802049147,-0.038162353427666273,-0.008293559074613377,-0.023025604338928862,-0.04797844858582678,0.019812248642917307,-0.6357345992789485,-0.6357345992789485,-0.631578947368421,-0.6266666666666667,-0.035618940564844714,-0.4397333493483875,-0.39481761006289307,-2.089120182143438,0.04580492042104689,-0.20000000000000007,-0.2501184272856467,-0.26328699918233855,-0.038363171355498826,-0.19484240687679089,-0.30623721881390586,0.04227053140096637,-0.01790780141843973,-0.24399038461538458,-0.027210884353741527,-0.015523258842527476
2015-12-31,-0.030650973505559898,-0.09073567062221721,-0.018353681415418377,-0.008426973125643111,-0.040553480577977474,0.0015578287018560566,1.2032335402963055,1.2032335402963055,1.25,1.214285714285714,-0.026917753332847627,0.787437024332726,0.6288451945460591,-2.2284605047035986,-0.053805001831214394,-0.10509554140127386,-0.042956411876184486,-0.05882352941176472,-0.0166223404255319,-0.06761565836298933,0.20781134856300665,0.04055619930475074,-0.010110128181982203,-0.05882352941176461,0.0,-0.08296735276998779
2016-03-31,0.003738769579564316,0.050631943736622054,0.0438386291534234,0.0992794353245976,-0.02929915784603343,-0.17540606573249118,-0.9074776785714286,-0.9074776785714286,-0.9047619047619048,-0.9032258064516129,-1.0338885769542703,-0.10776611694152927,-0.6712902114410402,1.3864713747417041,-0.13570574452055273,-0.20691408235892228,-0.22112211221122113,-0.23584905660377364,-0.03177822853279233,-0.19465648854961837,-0.15375228798047602,0.03897550111358572,-0.033011125296370625,-0.22297297297297303,-0.013986013986013957,-0.044255957532744805
2016-06-30,0.1782340802647484,0.36183939268996634,0.3388348858236554,0.09606238408438106,0.03594694989337821,0.2726484694731801,12.484016887816647,12.484016887816647,12.333333333333334,12.166666666666668,-52.00920471281296,-0.11117085629788948,-7.840450310559007,-8.506583135966586,1.1786338354252721,0.3532051282051283,0.022881355932203418,-0.026234567901234462,0.03631284916201105,0.3981042654028437,0.7801009372746939,0.03858520900321527,-0.12070916635231987,-0.017391304347826098,-0.007092198581560294,0.24245351364404732
2016-09-30,-0.01631450713106919,-0.027932126249134215,-0.0559892450156686,-0.080889015587298,0.029113268452495733,0.006140139056580285,0.27193433677006684,0.27193433677006684,0.2749999999999999,0.240506329113924,-0.6419471492193647,0.039776164549304216,-1.3664604732989047,-1.0944968974864382,-0.05112251490323905,0.3038844149692088,0.40845070422535223,0.36133122028526143,0.05727762803234504,0.25762711864406773,0.27420008100445514,0.03611971104231171,0.04611754611754626,0.3849557522123894,-0.02142857142857124,0.05762876579203091
2016-12-31,-0.15856126360374811,-0.2729164991465379,-0.09742434845398507,-0.11601976161992111,-0.2227745195228058,-0.12055210357486901,-0.32857996905331266,-0.32857996905331266,-0.31372549019607854,-0.26530612244897955,0.8109666364277794,0.16429090909090904,2.4160807755443368,4.7351906368923675,-0.308993914822996,0.020890099909173676,0.06882352941176473,0.022118742724097862,-0.19502868068833645,-0.035040431266846306,-0.2708200890019071,0.03585657370517947,-0.0762763994258766,0.03514376996805102,-0.014598540145985384,-0.17747863640540296
2017-03-31,0.013819795189427664,-0.011896345842368539,-0.003881601283990288,-0.010260368761763505,0.03541042359992175,-0.06065921491204129,-0.28010999083409716,-0.28010999083409716,-0.2571428571428571,-0.29166666666666663,-0.7625928111050505,0.8149790742707228,-0.9162745364703749,-0.8643613691564214,-0.060652883447260386,-0.08398576512455525,0.21243808475509085,0.17198177676537596,0.0300870942201108,0.13966480446927365,-0.11987794245858763,0.03461538461538449,0.021309655937846728,0.15432098765432123,0.022222222222222143,-0.0016756968105903214
2017-06-30,0.008517708589843798,0.02048625819769101,0.0009221261949527992,0.014142212161036394,0.017430572220161977,0.10218814303374679,0.5293753865182436,0.5293753865182436,0.5192307692307692,0.5098039215686274,1.9400290711304917,-0.28534553964757714,0.7005793491797065,-1.439542182019568,0.028380883132982593,0.14491064491064498,0.028597367226509407,0.027210884353741527,0.015372790161414462,0.11029411764705888,-0.026745913818722267,0.03345724907063197,0.008911106281243253,0.006684491978609541,0.01449275362318847,0.006266435405359871
2017-09-30,0.026663658772049237,0.04016387639022123,0.027530569916106806,0.04824695007765256,0.02566290721443165,0.024717279190548558,-0.0087771461192645,-0.0087771461192645,0.0,-0.012987012987012991,0.1447322254473542,-0.13970623645557423,0.3979240957717778,0.9599958000839983,0.054091254179923665,0.012385476756023195,-0.04766107678729037,-0.06149479659413437,0.03179409538228617,-0.002207505518763919,0.018829516539440316,0.03237410071942448,-0.0010771219302024848,-0.07436918990703856,0.014285714285714235,-0.007728662774534323
2017-12-31,0.027493147878508317,0.03811918652374646,0.06684437845863145,0.06561067111296381,-0.01801614721758049,0.18184027617625032,-0.562416010750624,-0.562416010750624,-0.5569620253164558,-0.5789473684210527,1.0445128662384886,0.35910210479175997,0.49840568487222714,2.3551186585953823,0.1721697011015233,0.0858052622758505,-0.14596848934198337,-0.15020161290322576,-0.01980924431401332,0.05088495575221241,0.17232767232767232,0.03135888501742157,-0.04420961828768599,-0.18507890961262552,0.04929577464788748,-0.025776084276588618
2018-03-31,0.11623388549518454,0.07201438950666561,0.1019625517917575,0.6417014998770592,0.13416482636858573,-0.075025405245564,0.9489443378119002,0.9489443378119002,0.8857142857142859,1.0,-1.007584378769191,0.7492895094526133,-1.4554104789554485,-1.0784767683218905,-0.01152676249240736,0.07995060966198486,0.02170374389582208,0.016607354685646447,0.07559880239520966,0.10315789473684212,0.2633148700468684,0.03040540540540526,0.016019855595667876,0.010563380281690016,0.0,-0.34700333601748534
2018-06-30,-0.0159500165946439,-0.02250177200555048,-0.03353216317920005,-0.3913061237827593,0.00551350972560094,0.14275931121890117,0.43394580601592625,0.43394580601592625,0.39393939393939403,0.40625,-48.660377358490564,-0.6285229921593558,-2.299889856813858,2.957884028484232,-0.0461535906463828,0.09518365013577235,0.02814657461497605,0.02683780630105015,0.00695894224077942,0.01717557251908386,0.038111298482293554,0.030327868852459083,0.021763268931823232,0.0,0.02684563758389258,0.6058310578701664
2018-09-30,-7.214994820659015e-05,0.013834920782931803,-0.030467879116997887,-0.04203966411216542,0.03559276894319341,-0.0410088186426959,0.042875924726751835,0.042875924726751835,0.04347826086956519,0.04444444444444429,0.16723221355050333,0.07688407175001588,0.27933549016587067,-0.3849277746363029,-0.02976138655974292,0.04293357692809607,0.03925619834710736,0.04659090909090913,0.035245335176226744,0.03564727954971847,-0.009096816114359974,0.02863961813842475,0.03564442512497279,0.03310104529616731,0.013071895424836555,0.058362130437167536
2018-12-31,-0.02965863167485283,-0.0327695854486485,-0.0016672081811349715,0.026607668238920246,-0.060407338241196706,0.01180935626791757,-1.334154969329771,-1.334154969329771,-1.34375,-1.3510638297872342,0.43559926999047116,0.9731018246027074,0.1621475163070747,-0.7363142498955286,-0.0080883747878564,-0.13075575575575582,-0.24652087475149098,-0.23995656894679684,-0.057409879839786515,-0.1594202898550725,-0.1865573770491804,0.028615622583139988,-0.03168940188877234,-0.23271500843170323,-0.006451612903225823,-0.05783881834672189
2019-03-31,0.035796360580390374,-0.06450527190307753,0.03432798694688355,-0.08554889629368478,0.037510215931865654,-0.08731909139205052,-3.421420125007039,-3.421420125007039,-3.3636363636363638,-3.3333333333333335,-1.0920934209342092,-0.4588193180801241,-0.08526181265542965,23.28621236133122,-0.19803779163683632,-0.17835036706492013,0.05672823218997358,0.06428571428571406,0.03541076487252126,-0.1293103448275862,0.07013301088270874,0.0,0.001733853489380266,0.05714285714285716,0.006493506493506551,0.022993564002420364
