Quarter end,Assets,Current Assets,Liabilities,Current Liabilities,Shareholders equity,Revenue,Earnings,Earnings available for common stockholders,EPS basic,EPS diluted,Cash from operating activities,Cash from investing activities,Cash from financing activities,Cash change during period,Cash at end of period,Price,ROE,ROA,Book value of equity per share,P/B ratio,P/E ratio,Cumulative dividends per share,Equity to assets ratio,Net margin,Asset turnover,Current ratio
1993-12-31,-0.006623218931053776,-0.029070085754319686,-0.009691323271005858,-0.03146659924511941,-0.0035285290444545536,0.07805947970524763,0.9338595996616859,0.9338595996616859,0.8823529411764706,-0.4242424242424243,-0.25722183828610923,-2.5114891077290364,-0.5918941135824825,-1.0068734502109888,0.5465547577155356,0.08053166536356549,0.05387453874538739,-0.3854748603351955,-0.002670226969292422,-0.0864864864864866,0.0037771482530690736,inf,0.003214142225793415,0.053038674033149213,-0.026666666666666727,0.0024702447788009785
1994-03-31,-0.006623218931053776,-0.029070085754319686,-0.009691323271005858,-0.03146659924511941,-0.0035285290444545536,0.07805947970524763,0.9338595996616859,0.9338595996616859,0.8823529411764706,-0.4242424242424243,-0.25722183828610923,-2.5114891077290364,-0.5918941135824825,-1.0068734502109888,0.5465547577155356,0.08053166536356549,0.05387453874538739,-0.3854748603351955,-0.002670226969292422,-0.0864864864864866,0.0037771482530690736,inf,0.003214142225793415,0.053038674033149213,-0.026666666666666727,0.0024702447788009785
1994-06-30,-0.033549797442569584,-0.10388937736128834,-0.04689878603281028,-0.03936931527896392,-0.020168411786944285,0.07805947970524763,0.9338595996616859,0.9338595996616859,0.8823529411764706,-0.4242424242424243,-0.25722183828610923,-2.5114891077290364,-0.5918941135824825,-1.0068734502109888,-0.002429087554769782,-0.08393632416787267,0.05387453874538739,-0.3854748603351955,-0.00669344042838016,-0.0864864864864866,0.0037771482530690736,1.0,0.013816579895874925,0.053038674033149213,-0.026666666666666727,-0.06720430107526887
1994-09-30,0.044768387762678774,0.26314170316006824,0.0688868852631137,0.16042756875106767,0.021250919793966094,-0.1705335240406024,2.517333877598624,2.517333877598624,2.6249999999999996,-0.4242424242424243,-0.43707356407393627,-3.8272128989799277,1.5523703876693133,-221.17088607594937,0.5361166335321406,-0.07898894154818326,0.05387453874538739,-0.3854748603351955,0.07951482479784366,-0.07100591715976323,0.0037771482530690736,0.4999999999999998,-0.022516294686944383,0.053038674033149213,-0.026666666666666727,0.0886167146974064
1994-12-31,-0.027073966888717105,-0.24024133731872022,-0.022433805784461858,-0.24523328030937885,-0.03180954123336066,0.14838660722754438,-0.6627567684069168,-0.6627567684069168,-0.646551724137931,-0.4242424242424243,-1.1659688171450608,-0.5748903036580966,0.015108539012283595,-2.6746198292465575,-0.5844553243574051,-0.016295025728988,0.05387453874538739,-0.3854748603351955,-0.014981273408239737,-0.08917197452229308,0.0037771482530690736,0.3333333333333335,-0.004849464538290604,0.053038674033149213,-0.026666666666666727,0.006618133686300487
1995-03-31,0.047905569520444,0.39335897846877166,0.09641853901713149,0.10054251471526832,-0.00208439569997132,-0.05650575183523521,-0.3275078042425583,-0.3275078042425583,-0.31707317073170727,-0.4242424242424243,-12.514190871369294,-3.17719370294319,-2.6169229902540705,-3.2892627242296797,3.2198025060962356,-0.04882301656495214,0.05387453874538739,-0.3854748603351955,0.0076045627376426506,-0.034965034965035,0.0037771482530690736,0.24999999999999978,-0.04771573604060919,0.053038674033149213,-0.026666666666666727,0.26605303528380464
1995-06-30,0.006490992387028882,-0.14217192535411827,0.011225348966417803,0.03682239226741846,0.0011309466295650328,0.06867367573293182,0.5810519390328595,0.5810519390328595,0.607142857142857,-0.4242424242424243,0.48121026912487563,0.2825004401297755,-1.3579193087589716,-1.3793912763101657,-0.2894839226456116,0.056828597616865206,0.04341736694677856,-0.3854748603351955,0.007547169811320753,0.050724637681159424,0.0037771482530690736,0.19999999999999996,-0.005330490405117128,0.051416579223504844,-0.0273972602739726,-0.1726674744677168
1995-09-30,0.0034865558491068427,-0.06402561674841212,-0.003886221670401313,-0.046509324394137685,0.011917878761380063,-0.06172784896189154,-0.2554558905122989,-0.2554558905122989,-0.2666666666666666,-0.4242424242424243,-0.6244209583868582,-0.8059066351593831,0.27627762094811636,-0.07585579887738159,-0.3765219351929395,0.12489158716392024,-0.37785234899328857,-0.3854748603351955,0.011235955056179803,0.11724137931034484,0.0611476952022576,0.16666666666666674,0.00836012861736335,-0.39321357285429137,0.014084507042253502,-0.018411967779056293
1995-12-31,0.016835896906216785,0.004274246417143912,0.003423732533761159,0.052912887344456205,0.031934165229603684,0.14392424800641157,0.0258647456995591,0.0258647456995591,0.030303030303030276,-0.4242424242424243,1.1880392817350298,1.6433442788582977,-0.7238696686802124,-1.299756191453869,0.18102446206700584,0.11796453353893588,-0.06364617044228693,-0.07045454545454544,0.0185185185185186,0.1049382716049383,0.7491134751773052,0.14285714285714302,0.014880952380952328,-0.07236842105263164,0.0,-0.04614728764787379
1996-03-31,0.000233065717424763,-0.01899553643801266,-0.010715006222274615,-0.044935734239218705,0.012216968901471503,-0.049841407459191855,-0.00983685946911228,-0.00983685946911228,-0.02941176470588236,-0.4242424242424243,-0.6816195540186871,-0.09496416626851412,-0.1442934482377638,-3.565710616438356,-0.3932656766037488,-0.02965517241379312,0.025345622119815614,0.0317848410757946,0.012121212121211977,-0.04469273743016766,0.018753167764825163,0.125,0.011939673229995673,0.01773049645390068,0.0277777777777779,0.02715083798882678
1996-06-30,0.018715819935177125,0.07203308604000913,0.018985862566734735,0.06769660190241611,0.018426924427487057,0.036561523570849186,0.4309469951702636,0.4309469951702636,0.45454545454545436,-0.4242424242424243,3.7401896968569837,0.10435847622265393,0.09651387992253069,-2.6172242151219374,1.0482327283214072,0.10589907604832982,0.00561797752808979,0.0142180094786728,0.023952095808383422,0.08771929824561409,0.06766169154228852,0.11111111111111094,-0.00020699648105981794,0.010452961672474004,0.0,0.004024801479386442
1996-09-29,0.022912870233932958,-0.0993712734230966,0.09662796031624676,0.07922460060442904,-0.0559918790082955,-0.025108331111951432,-2.0186277022985557,-2.0186277022985557,-2.020833333333333,-0.4242424242424243,-0.1104990583804143,4.579773605109182,-7.392934942596408,-2.2013859036745362,-0.6148383463278129,-0.014138817480719879,-0.5519553072625698,-0.558411214953271,-0.051461988304093764,-0.037634408602150615,-0.03401677539608572,0.10000000000000009,-0.07722567287784676,-0.5620689655172414,0.0,-0.1654387865655471
1996-12-29,0.005768891457386571,0.09261030007462501,-0.01846108577615202,0.14911693201774057,0.035897795469829186,0.14182019353207975,-2.1050247462461202,-2.1050247462461202,-2.122448979591837,-0.4242424242424243,0.39689302916424074,-0.8962513407650843,-2.2224637147277684,-0.9332178791738825,-0.10660513148575479,0.1916558018252934,0.29925187032418954,0.29100529100529116,0.022194821208384674,0.25698324022346375,1.6719729860106125,0.10389610389610393,0.030065066188018852,0.2716535433070868,0.013513513513513598,-0.049201609762430154
1997-03-30,0.006674537009964565,-0.019781858588221568,-0.003916460676886002,-0.018653902343134465,0.019152905733195835,-0.03591069454538365,-0.016188415698777825,-0.016188415698777825,-0.07272727272727275,-0.4242424242424243,-0.3393895761893033,0.47580511973575557,-0.5987795690824167,-2.429275610801543,0.170549574201468,0.17997811816192555,0.22264875239923243,0.2090163934426228,0.043425814234017146,0.15555555555555567,-0.10471204188481675,0.08235294117647074,0.012415595730777662,0.195046439628483,0.01333333333333342,-0.0010922992900055384
1997-06-29,-0.007799358944497792,-0.014913669478650138,0.0028155869214152585,0.021409097073591177,-0.020022846682099082,0.0425814594612548,0.6387083084164433,0.6387083084164433,0.6666666666666665,-0.4242424242424243,-0.17429043945433864,-0.12992390331244408,0.027958241015434204,-2.086669665617034,-0.15832823560255183,0.16921650440426506,0.3751962323390894,0.35932203389830497,-0.021965317919075078,0.12307692307692308,-0.03125630167372462,0.08695652173913038,-0.01226333907056798,0.3290155440414506,0.026315789473684292,-0.03567523236741388
1997-09-28,-0.001317417601298776,0.026106311458743425,-0.01319924082797852,-0.04783002180890272,0.012683792384302839,-0.05314240519040869,-0.4558146652697501,-0.4558146652697501,-0.45882352941176463,-0.4242424242424243,0.36665701881331403,-0.19359485530546627,0.5960326593237986,-0.9058920932799779,-0.01770279039584688,0.15503568596352113,0.6438356164383561,0.6583541147132173,0.011820330969267046,0.17808219178082196,-0.1459200666111573,0.08000000000000007,0.013940318013504704,0.631578947368421,0.012820512820512775,0.07767540751240243
1997-12-28,0.030577616214114478,0.2982138452814358,0.012499437045828454,0.11795216197545422,0.05133596401250373,0.12412281792501556,0.7150860950073548,0.7150860950073548,1.043478260869565,-0.4242424242424243,0.21249523486805888,-0.8650993652110115,-0.1997642427155577,-102.13929618768329,1.822714901038501,0.1201510470305529,0.0951388888888891,0.10526315789473673,0.0490654205607477,0.10755813953488369,-0.32878381671947354,0.08333333333333326,0.020193340494092382,0.09318996415770608,0.012658227848101333,0.16125213731421817
1998-03-29,-0.012034015770188589,-0.03296175111840027,-0.006947831347241862,0.08070974799530317,-0.01765850993772211,-0.05968801281575786,-0.18475121397490069,-0.18475121397490069,-0.2872340425531914,-0.4242424242424243,-0.4786381515975099,2.8413336486166942,0.42225018949415793,-1.5954303608449192,-0.3844879236098109,0.10266625804474394,0.04248573240329723,0.04625850340136051,-0.013363028953229494,0.052493438320209806,-0.053376906318082784,0.06837606837606836,-0.005685407454200875,0.03825136612021862,0.012499999999999956,-0.10510816627024577
1998-06-28,-0.031818305719862994,-0.1279250960479299,-0.05672086796555165,-0.20503037354350928,-0.003979860351436493,0.036850765953972076,0.1605581942231229,0.1605581942231229,-0.417910447761194,-0.4242424242424243,1.0607327597759375,0.16879039704524468,0.5917967178827126,-0.42752793942197653,-0.35760239699463114,-0.06976097832128958,-0.045620437956204296,-0.031209362808842678,0.006772009029345494,-0.05735660847880297,-0.1177598772535482,0.08000000000000007,0.02858958068615003,-0.04526315789473678,0.012345679012345512,0.0969497531957979
1998-09-27,-0.007631508788703445,-0.05321631571650831,0.06281867286838683,0.10981037426176465,-0.0822171397884186,-0.08871180875345375,-0.2671465706858628,-0.2671465706858628,-0.2564102564102565,-0.23684210526315796,-0.2215495265841224,-0.3432348448938748,-0.2568019153385007,-0.5571623001020756,-0.24651372019793072,-0.1586495368987152,0.04716379859783304,0.037583892617449655,-0.04596412556053808,-0.16402116402116396,-0.1317391304347827,0.06666666666666665,-0.07514926909614994,0.03307607497243659,0.012195121951219523,-0.14687896619360807
1998-12-27,0.0031384362765136675,0.06154390560366396,0.016373287835041328,-0.055989534385408324,-0.013087559504285085,0.1457330005507318,0.5331878126421101,0.5331878126421101,0.6206896551724139,0.5517241379310347,-0.13659184508842426,-0.32125100240577387,-0.22884172411155213,-1.4001152516327315,0.13090337784760409,0.0,0.04930006086427263,0.031047865459249646,0.001175088131609936,0.04746835443037978,-0.040560841261892744,0.0625,-0.016028495102404228,0.01387406616862319,0.012048192771084265,0.12442520962942938
1999-03-28,-0.00028570529815941104,-0.009172835532668122,0.055074913155971794,0.13168365721567388,-0.07018420210647291,-0.05518240299453869,-0.2714178936253515,-0.2714178936253515,-0.276595744680851,-0.24444444444444446,0.170314253647587,0.7937145557655954,0.12380133589048348,-0.08329332693230918,0.1061098607985329,0.15198863636363624,0.03190255220417626,-0.0025094102885820924,-0.052816901408450634,0.1510574018126889,0.16753653444676408,0.065359477124183,-0.06990950226244341,-0.01684210526315799,0.011904761904761862,-0.12436853500120282
1999-06-27,-0.0018908126424063143,0.006239510584159058,0.006201553427372941,-0.02003318925051123,-0.01348469260561036,0.054563979330472856,0.35911089399120666,0.35911089399120666,0.38235294117647034,0.38235294117647034,-0.11266627534949858,-0.1494532999604795,0.003511249730281163,-3.0680806493846555,-0.19839236372770663,0.008631319358816336,0.08038223721191695,0.03270440251572326,0.0,0.06299212598425186,0.0017881090746534323,0.06134969325153383,-0.011675991243006667,0.01927194860813719,0.0117647058823529,0.026785714285714413
1999-09-26,0.0022463759942317196,0.016942248013604555,0.016651516524372134,0.22259198722275997,-0.018803615932140416,-0.06380287021176956,-0.2810466913482621,-0.2810466913482621,-0.25531914893617025,-0.276595744680851,0.4314969580084038,0.997366994501665,0.13556042065757068,-2.4770828057736134,0.36556781148157436,0.18154034229828842,0.048907388137356955,0.01705237515225333,-0.0024783147459727095,0.18271604938271602,0.1128960285586793,0.06358381502890187,-0.02092050209205021,0.0021008403361344463,0.023255813953488413,-0.16829431438127096
1999-12-26,0.008791643869454413,0.16188741421531572,-0.019082228381077204,-0.20876159372191516,0.05099508984538237,0.20950774198323052,0.7547911875479119,0.7547911875479119,0.7428571428571429,0.7058823529411762,0.4264208169534769,0.12325527295285355,0.4623706814934674,0.7386422081261785,0.4654412777089356,0.11562338334195577,0.08829365079365092,0.07065868263473041,0.04223602484472044,0.11899791231732793,0.08099438652766633,0.05434782608695654,0.041729512317747686,0.03878406708595383,0.022727272727272707,0.4685539649348558
2000-03-26,0.07059867807158415,-0.040340994099930416,0.14941254743193455,0.3894262034642191,-0.04077566961974466,-0.04456520876981662,-0.21116260517768615,-0.21116260517768615,-0.21311475409836067,-0.18965517241379304,-0.32140298684528723,9.94549722135929,-1.8276822026167256,-2.3681901099442886,-0.4345531701664552,0.026663575237653614,0.07611668185961706,0.04809843400447433,-0.025029797377830842,-0.014925373134328401,-0.05044510385756673,0.05154639175257736,-0.10400579150579148,0.03531786074672061,0.011111111111111072,-0.30930996714129233
2000-06-25,-0.00933147829544212,0.012480893133729465,0.0052086410062333055,0.0031235373445979153,-0.033952509664735175,0.050274135225813144,0.22482934639972063,0.22482934639972063,0.25,0.25531914893617014,0.011403827275050071,-0.9464935572780998,-1.9387252984803989,-1.051853987243703,0.039850456937136514,-0.08604336043360439,0.06692079627276581,0.03735325506937026,-0.017114914425427896,-0.0625,-0.15000000000000002,0.05882352941176472,-0.024777807702666466,0.02144249512670582,0.0219780219780219,0.009356168728195113
2000-09-24,-0.013670824076638777,0.0058697802556459955,0.014043222990704152,0.04576439645006336,-0.06250186232501598,-0.1109985681829474,-0.2631563427627829,-0.2631563427627829,-0.25,-0.2542372881355932,-0.455736680450478,-3.569517298284906,-0.08986304275368906,2.693537178596247,0.1415483767876642,-0.02866320731405969,0.06589916633584747,0.02880658436214012,-0.03731343283582078,-0.0121212121212122,-0.08777573529411764,0.05092592592592582,-0.0497100248550123,0.024809160305343525,0.0,-0.038177533385703066
2000-12-31,-0.013757489082551477,0.016293550136944335,-0.03042295449002186,-0.10625753172364549,0.01800390145450348,0.23637063390952995,0.8377909691189223,0.8377909691189223,0.8888888888888888,0.8863636363636362,1.5510889613641639,1.1907929444686562,1.3153168149547647,3.9254938852304795,0.6107456140350878,-0.017298397354362782,0.12327746741154555,0.08099999999999996,0.02067183462532296,0.020449897750511425,-0.06448362720403022,0.048458149779735615,0.032258064516129004,0.06052141527001864,0.021505376344086002,0.13704671675922908
2001-04-01,-0.029525499774168962,-0.11950894450575178,-0.023869111199406934,-0.015483775374129483,-0.03979275080532296,-0.20056791739308655,-0.555244247659142,-0.555244247659142,-0.5529411764705883,-0.5542168674698795,-0.46382571223366054,-1.2081309154870592,-0.6429364842567662,-1.2760991634516214,-0.10468838260214652,0.08723789800673054,-0.025198938992042397,-0.03885291396854762,-0.021518987341772156,0.06613226452905807,-0.029079159935379573,0.050420168067226934,-0.01041666666666674,-0.03687445127304645,0.0,-0.1055882775463296
2001-07-01,-0.010195160834126193,0.018474303331882824,-0.0643032976095238,-0.19205242045184856,0.08964852355179964,-0.022964665001182327,3.3325717269967683,3.3325717269967683,3.394736842105263,3.4324324324324325,0.22308447937131626,-22.00010060868253,4.063284639933957,-8.123824017708909,0.832985521313597,-0.027619047619047543,0.4363945578231294,0.4600577478344561,0.1047865459249675,-0.007518796992481258,0.015529672767609304,0.04800000000000004,0.10071123755334299,0.49042844120328155,-0.021052631578947323,0.2605203983295856
2001-09-30,-0.02569053876383498,-0.11397840824233307,0.04189894818315487,0.11278376484647357,-0.1327896418111314,-0.08337564219592208,-0.8348689513850698,-0.8348689513850698,-0.8323353293413174,-0.8292682926829268,-0.2504508582735231,-1.049973530461528,-0.7205839369615314,-2.1405876755161097,-0.5183308915679664,0.040891283055827454,-0.039782145394269386,-0.03889255108767298,-0.1018735362997657,-0.05681818181818177,-0.29219006007646087,0.04961832061068705,-0.10984750581545633,-0.031192660550458662,-0.010752688172043001,-0.20374617737003065
2001-12-30,0.018718412087098235,0.15374153584925887,0.03434063823691824,0.1085134766238649,-0.011022257855283546,0.12015904880663175,0.6899949815228796,0.6899949815228796,0.7499999999999998,0.714285714285714,0.1653922208476608,0.8860128463234589,-0.40996392152397765,-0.9553209603269198,-0.0480797420111404,0.0004704775346977552,-0.10160295930949448,-0.11454046639231841,-0.006518904823989535,0.11244979919678699,0.051697530864197594,0.04727272727272713,-0.029326364692218387,-0.06944444444444453,-0.0434782608695653,0.0408065290446471
2002-03-31,0.002675732925735641,-0.0990730322027541,-0.006937870216698672,-0.026707679154721498,0.02181701783059764,-0.055767705868713935,-0.2647733714871906,-0.2647733714871906,-0.26530612244897955,-0.27083333333333337,-1.5449271970444172,1.6325166471814163,-3.2687297988325534,-8.370807926829269,0.37228595626732375,0.05995767693392895,-0.004117485588800429,-0.01161890007745936,0.017060367454068137,0.06859205776173294,0.19369038884812895,0.04166666666666674,0.019144481005085368,-0.0013568521031207537,-0.011363636363636354,-0.07441574415744157
2002-06-30,0.023067474698257096,-0.030601482891241427,-0.00044123792974504195,-0.1328596798602193,0.0685575895840338,0.04763823485918417,0.44595190012851105,0.44595190012851105,0.44444444444444464,0.4571428571428573,-3.8534067552228732,0.35193427239112185,-1.3275460624940196,-1.8077658859417816,-0.21913792377933317,0.09849157054126012,-0.41593164277839034,-0.42868338557993724,0.07483870967741946,0.07939189189189189,0.10694529809465281,0.046666666666666634,0.044614029938362165,-0.4286684782608696,0.0,0.117940199335548
2002-09-29,-0.005005926429494156,-0.04057801482257084,-0.01107938878954573,0.06069673242375395,0.00598754692210135,-0.0553087174360376,-0.2507205342745775,-0.2507205342745775,-0.25,-0.2549019607843137,-0.5510925950813063,-0.7088522623400366,-0.044972085172682474,0.030979965435575796,-0.2893299802407041,-0.07249596122778679,0.03822557810287863,0.04938271604938271,0.0012004801920768582,-0.13771517996870108,0.5741254858411993,0.0414012738853502,0.010958134307389678,0.04875148632580273,0.0,-0.09539375928677551
2002-12-29,0.0353531194859138,0.20018246074749224,0.052320165840888944,-0.045320717356354234,0.005162386718910783,0.1517434520309089,0.8216355441081777,0.8216355441081777,0.8205128205128203,0.8421052631578947,-0.17439047755903625,0.877140053961246,-1.0847140793610333,-0.8385174147886012,-0.06574324495109063,-0.001524058349662516,0.09818181818181815,0.1098039215686275,0.0,-0.001814882032667886,-0.059611992945326375,0.042813455657492394,-0.029182879377431914,0.10430839002267578,0.0,0.2570630749014453
2003-03-30,0.020906797818947442,-0.04922600949106304,0.03093716100628674,0.04191992780018916,0.0022216847460858613,-0.06719606568927805,-0.3595840077393909,-0.3595840077393909,-0.3661971830985915,-0.3571428571428571,1.1484226557400827,1.0101527485594075,0.6094282848545638,-1.9557862360630527,0.06725826524538725,0.00959441779328385,0.027731788079470077,0.029446407538280317,0.011990407673860837,0.009090909090909038,-0.10465116279069764,0.04105571847507328,-0.01832235900372181,0.031827515400410844,0.0,-0.08754736704560295
2003-06-29,0.0013364551430341542,-0.00996564793523358,0.00570253687204314,-0.011604820383574799,-0.007029958486849175,0.023159466149488273,0.05785376056706282,0.05785376056706282,0.06666666666666665,0.04444444444444429,-0.20281117719732922,-0.7917563166687251,-12.51065686152312,-3.426790024135157,-0.15293551003853179,-0.00993520518358515,-0.020136931131695568,-0.03203661327231133,0.0011848341232227888,-0.021621621621621623,-0.058651026392961936,0.03943661971830981,-0.008457276173811534,-0.027860696517413075,0.0,0.0017184591149934647
2003-09-28,-0.006586137722584318,-0.022497943411747823,-0.0038774867555233516,0.05731692187487636,-0.011843088576169447,-0.05312941534447946,-0.3118126021227807,-0.3118126021227807,-0.29166666666666663,-0.2978723404255318,0.26460425805795973,-0.3789174678486702,0.37096913914455865,-1.477871705619095,0.08627861738740084,-0.03555846422338571,-0.02630497328401149,-0.04018912529550833,-0.008284023668638896,-0.036832412523020164,-0.01602136181575431,0.04065040650406493,-0.0052941176470588935,-0.03787103377686796,-0.011494252873563204,-0.07548248749106501
2003-12-28,0.03100908163171301,0.164513202594194,-0.04954624783279182,-0.050861929073410694,0.11537832953059701,0.16198749616416452,1.2118914604948126,1.2118914604948126,1.176470588235294,1.212121212121212,-0.6601217462347734,1.0182942152083228,-0.938882701861637,0.09226500173430452,0.08675409113449772,0.031440850486315286,-0.012663571127057849,-0.0012315270935959743,0.10620525059665864,0.040152963671128195,0.05744007236544557,0.03645833333333326,0.08190419869899479,-0.0021276595744681437,0.011627906976744207,0.22699860831915863
2004-03-28,-0.01813711794685524,-0.10526743255137072,-0.02810796325513143,0.23090782835589274,-0.005344616812307024,-0.09105705432050071,-0.4728937398520656,-0.4728937398520656,-0.4729729729729729,-0.4794520547945206,2.1601481685811676,-0.29388913790527416,16.97454122512277,-3.262305493807558,-0.18059675006971376,0.02083333333333326,-0.05515177426250528,-0.03575832305795312,0.004314994606256839,-0.07720588235294135,0.0055603079555175405,0.035175879396984966,0.013118338343809599,-0.04051172707889128,0.0,-0.2732199117832388
2004-06-27,0.013082308902244488,0.042484096020392714,0.01744534753052629,0.035306825879491965,-0.006072352634060807,0.027417126382889512,0.29506289039103284,0.29506289039103284,0.3076923076923077,0.3157894736842106,-0.17799447586150996,0.6785512766257582,-0.4869829674951649,-2.805446378439079,0.3979209850570802,-0.02320085929108484,-0.011312217194570096,0.005115089514066362,0.0064446831364122215,-0.027888446215139417,0.012760527435133895,0.03883495145631066,-0.01888319395737781,0.0033333333333334103,0.0,0.006936015259233486
2004-09-26,0.011441355555297239,-0.011422783370502954,0.04609927069504649,0.09046185536794771,-0.05066870484571251,-0.0608072763374603,-0.3621311627046526,-0.3621311627046526,-0.3529411764705882,-0.33999999999999997,-0.422522925689667,0.07838729331680572,-0.4507806149620204,-2.1149898927071993,-0.3173840876397035,-0.07785352979986804,-0.016933638443935917,-0.01526717557251922,-0.03842049092849509,-0.08401639344262302,-0.09239815203695922,0.03504672897196248,-0.06158922188617,-0.011074197120708784,0.0,-0.09333562941277773
2004-12-26,0.03185867987841906,0.10351478590059093,0.005701360179857895,0.05972711588347579,0.07185539837692057,0.16813382784332487,1.2823375870069604,1.2823375870069604,1.2727272727272725,1.3030303030303028,-0.0059894396721570375,0.26377415835411466,-1.0100028069101024,-1.805034516421449,0.37430294384645313,-0.043167183400906306,-0.003724394785847296,-0.011627906976744207,0.06659267480577125,-0.004474272930648726,-0.04303563165201296,0.036117381489842115,0.0389686492821566,-0.007838745800672009,-0.011494252873563204,0.04121557454890801
2005-03-27,0.08993236970351082,-0.11489950203048416,0.11091587136263592,-0.16099411564555988,0.05580268210449946,-0.10880625530319032,0.007951131402430756,0.007951131402430756,0.01333333333333342,0.0,0.7878908004968419,3.728197696825813,425.0892857142857,-1.3973148549155479,-0.1082120361414518,-0.04835493519441669,0.15981308411214967,0.13725490196078427,0.05723204994797104,-0.10786516853932582,-0.06286266924564798,0.034858387799564294,-0.03130287648054142,0.17832957110609482,-0.03488372093023262,0.05508938343670189
2005-06-26,0.007370832159331986,0.06092679398627432,0.008480449189065764,0.020115468622934563,-0.0011902378852718387,0.049015433543160736,-0.4523588686075516,-0.4523588686075516,-0.44736842105263164,-0.44736842105263164,-0.8830928871282445,-0.881944806719182,-0.9129541930346591,0.35120994113799875,-0.1639595788582615,-0.11838658983761141,-0.060032232070910574,-0.07471264367816088,0.0009842519685039353,-0.16624685138539042,-0.26109391124870995,0.03368421052631576,-0.008442503639010224,-0.049808429118774034,-0.02409638554216853,0.039937759336099665
2005-09-25,0.009685231699159358,-0.007362150497344122,0.0007755227570462875,0.010846496253028581,0.01564793599722658,-0.06388354087062709,-0.6204719230453013,-0.6204719230453013,-0.6190476190476191,-0.6190476190476191,3.796371222657732,0.4773806893504198,-2.142857142857143,-1.9009357857373346,0.17668649538033154,-0.04040404040404044,-0.10672953279039865,-0.10683229813664596,0.01671583087512296,-0.0392749244712991,-0.006284916201117263,0.03462321792260692,0.005871990604815025,-0.08064516129032251,-0.024691358024691357,-0.017955112219451452
2005-12-25,0.03522074023730637,0.14946751063405905,0.044487085252477465,0.10090434355351996,0.01080032825638133,0.17691822476276187,1.8078506130583598,1.8078506130583598,1.8125,1.75,-0.11268106868417926,0.8526910062998898,-3.3745185363505055,0.3859240687679084,0.20810476497794994,-0.12476780185758507,-0.1650671785028791,-0.17663421418636993,0.009671179883945724,-0.14150943396226423,-0.05411103302881237,0.0334645669291338,-0.023642732049036774,-0.155701754385965,-0.025316455696202556,0.04401557474183182
2006-03-26,-0.001825266372191492,-0.0920066408613659,-0.013748787490544867,-0.03913186975983618,0.007163735747714117,-0.10662055335968379,-0.4606375756079496,-0.4606375756079496,-0.4666666666666667,-0.4545454545454546,0.13524955436720143,-0.36070470001816235,-1.4532251932581421,-1.6128698798294354,-0.10557126004407147,-0.04138662893526701,-0.29885057471264365,-0.3023648648648648,0.00957854406130254,-0.04761904761904756,0.13075780089153044,0.030476190476190546,0.008968609865470878,-0.2987012987012987,-0.012987012987012991,-0.05497000162153398
2006-06-25,0.018516549927587445,0.23200313447605514,0.01791544726408012,0.1729325215874129,0.00628114543156677,0.032431964528740975,0.7540552138463739,0.7540552138463739,0.75,0.75,0.17279685966633962,0.15720193187916287,-0.14830555866234207,-1.2641787897954881,0.031181564801911144,-0.10369003690036904,-0.006557377049180246,-0.01210653753026636,0.009487666034155628,-0.11538461538461553,0.2667542706964521,0.03327171903881698,-0.012148148148148241,0.0,0.0,0.05027453671928628
2006-09-24,-0.03436398378143557,0.5932388133538464,0.021952524552652175,0.09064181044021402,0.0043202911169504254,-0.1387624774671964,-0.7712883075367377,-0.7712883075367377,-0.7619047619047619,-0.7619047619047619,-0.5209581506398455,0.49751766278403675,-5.212606697307945,-3.1883479648842776,-0.06617274416584207,-0.05063812268423218,-0.05610561056105612,-0.05147058823529427,0.008458646616541277,-0.05652173913043479,-0.05082987551867224,0.030411449016100267,0.04019196160767846,-0.03518518518518521,-0.02631578947368418,0.4608724064695311
2006-12-31,-0.13353398448331733,0.010882156743320381,0.044429240112780155,-0.009888951438566274,-0.4687875200619954,0.16253823084806895,-47.61869785352635,-47.61869785352635,-46.4,-46.4,3.9685585858350603,-0.6157293137210256,-3.139062938370897,-13.277534646243618,0.8700090450962656,0.02254986990459673,-4.500874125874126,-4.219638242894057,-0.46877912395153776,0.01382488479262678,0.07377049180327866,0.03125,-0.3869665513264129,0.0,0.013513513513513598,0.021024379333482335
2007-04-01,-0.014606341197242245,-0.14604786492979582,-0.011454995661886569,-0.09442647654765735,-0.026348979437501363,-0.08580746385484017,-1.036562271504924,-1.036562271504924,-1.0374449339207048,-1.0374449339207048,-0.8364122155295661,1.8838851887843377,-1.4980836211544908,-1.5444824001188178,-0.2533167495854063,0.04537743850720943,0.178776529338327,0.065008025682183,-0.026315789473684292,0.9636363636363636,0.0,0.030303030303030276,-0.01175917215428035,0.0,0.040000000000000036,-0.05706462212486296
2007-07-01,-0.09679474745677641,-0.39666393272527845,-0.14887115582546495,-0.27838942207483397,0.09787156744838654,0.0037187348922418373,3.952221571416618,3.952221571416618,3.8235294117647056,3.8235294117647056,-2.3365425943436775,-4.510059667636471,-6.513634501726257,-1.1971631205673758,0.06688876550064782,0.013387423935091292,0.04384664266045335,-0.03466465712132649,0.09729729729729741,0.04166666666666652,0.0,0.037581699346405095,0.21561161351737268,0.0,0.0512820512820511,-0.1638982460216053
2007-09-30,0.01361112527591013,0.013425423956446414,0.0003259489487852374,0.036005574143894936,0.0524130927182167,-0.04383586646944071,-0.8864642470938091,-0.8864642470938091,-0.8902439024390244,-0.8902439024390244,-1.8751179144155734,-1.1819201419864522,-1.0852344185306058,-2.213613724405091,-0.07608771077649024,-0.11849479583666933,0.1830357142857142,0.06791569086651061,0.05254515599343201,-0.19555555555555548,0.0,0.03622047244094495,0.03797963978073615,0.0,0.07317073170731714,-0.021811614337315932
2007-12-30,-0.001565026206427067,0.0738418275407875,-0.02404609635691346,0.11037824526425277,0.06061164612739045,0.14766974345106232,2.9433737629287893,2.9433737629287893,3.1111111111111116,3.1111111111111116,0.9989710673950856,0.02274277624042731,-1.1276615614493837,-0.6064751481988144,-0.0324082766908258,-0.15758401453224335,-1.4005145797598628,-1.4305555555555556,0.060842433697347875,-0.2016574585635359,0.0,0.03495440729483268,0.06261788004526592,0.25335892514395386,0.022727272727272707,-0.03280783979548363
2008-03-30,-0.025761482851591633,-0.07958672275357626,-0.02507206752953517,-0.0331759820279256,-0.02895829073809042,-0.1361817142263111,-1.0063213510708557,-1.0063213510708557,-1.0,-1.0,-0.5712780038237169,-0.11590445747652967,-8.303096805657157,1.6123986095017382,-0.0874990297291004,-0.042048517520215656,-0.15203426124197006,-0.08998302207130726,-0.027941176470588136,-0.09688581314878897,-0.37608142493638674,0.03377386196769461,-0.0035498757543486192,-0.10566615620214392,0.022222222222222143,-0.048017621145374334
2008-06-29,-0.007486065220089766,-0.04772190645623353,0.007083217086097715,0.01616765514938545,-0.044872314509413314,-0.007956087744282025,-64.10746268656717,-64.10746268656717,inf,inf,0.8574409696415299,-0.4160877982121506,-1.9953589315525877,0.1807496118873364,-0.11322118963060634,0.026449071468767515,-0.5308080808080808,-0.5242537313432836,-0.045385779122541714,0.05747126436781613,0.16231647634584023,0.032670454545454586,-0.03740648379052369,-0.5188356164383562,-0.010869565217391353,-0.06293382693197591
2008-09-28,-0.04067397395698402,-0.008758900990592067,-0.010832038543741263,-0.009921584949985185,-0.12144171948195093,-0.07394882094068644,-6.027813253866894,-6.027813253866894,-5.933333333333334,-5.933333333333334,-0.31863582498422516,-0.24818995148826206,-0.6980644728455939,-1.7793012772351615,0.0994987889397827,-0.23793859649122795,-1.3853606027987082,-1.380392156862745,-0.12202852614896986,-0.20289855072463758,0.599298245614035,0.031636863823933936,-0.084381939304219,0.0,0.0,0.0011522633744853739
2008-12-28,0.05586655471731494,0.08128146231105293,0.19747379098481033,0.08864131087570826,-0.3677321496677841,0.1237362490211662,-1.2601112020546978,-1.2601112020546978,-1.2567567567567568,-1.2567567567567568,1.333973302012513,0.0829442282749675,5.498944561715365,1.6358158592431913,0.23852730762519636,-0.27482014388489207,1.047486033519553,0.7835051546391751,-0.36823104693140796,-0.17272727272727273,0.0,0.008000000000000007,-0.4009700889248181,0.0,-0.03296703296703296,-0.006741203551463348
2009-03-29,0.02951394605018698,0.2375360461390581,0.05192404887497659,-0.002790262824756362,-0.09949936800915937,-0.2111665764311823,-3.693431712962963,-3.693431712962963,-3.736842105263158,-3.736842105263158,-0.8314462122091898,-0.33478052577998685,-0.6752141135442844,-3.121433796634967,-0.4085657931811778,-0.44345238095238093,1.7053206002728514,1.2601156069364166,-0.09999999999999998,-0.1208791208791209,0.0,0.0,-0.125506072874494,0.0,-0.05681818181818188,0.24101969872537676
2009-06-28,-0.08330085260832354,-0.338928372622885,-0.11216363602328183,-0.33303149503131446,0.10961859243442862,-0.04028918495555167,-1.5245743137992158,-1.5245743137992158,-1.5192307692307692,-1.5192307692307692,1.0076362174886606,-0.4508259440968627,0.023317016685088676,-1.1608620689655171,0.11112434492615542,0.024955436720142554,0.01865859808371151,-0.1253196930946292,0.107936507936508,0.14375000000000004,0.0,0.0,0.21064814814814836,0.0,-0.036144578313252906,-0.008803521408563442
2009-09-27,-0.025238984771447148,-0.1276686157859076,-0.025819147598227454,-0.18213712487976796,-0.022072578371057583,-0.02372002703234466,-1.9147808724144992,-1.9119393815277492,-1.9259259259259258,-1.9259259259259258,1.4428747104412731,-1.2805507745266782,4.0606933443061415,-3.4715969989281885,-0.24718619358988103,0.18086956521739128,-0.5603960396039604,-0.6169590643274854,-0.022922636103151928,0.06557377049180313,0.0,0.0,0.0031867431485022024,0.0,-0.03749999999999998,0.06661283811061769
2009-12-27,-0.013027729622202888,0.12371397848979604,-0.059046863252861126,-0.10950349259669134,0.23310339505859456,0.18521926112077902,-3.547362529732755,-3.5521839209521673,-3.56,-3.44,0.3926715055022243,10.413380075956763,0.5177660331334486,-1.9137033824804857,0.3000142389292326,0.43446244477172313,-1.4358108108108107,-1.4732824427480915,0.23167155425219943,0.46666666666666656,0.0,0.0,0.24904701397712814,-0.708185053380783,-0.025974025974025983,0.2617966187231895
2010-03-28,-0.019049025159645794,-0.03565913463171211,-0.032433549236858816,-0.13075124875124877,0.03322393177031269,-0.1307741556769001,-0.8594639129957157,-0.8592923371352523,-0.859375,-0.8688524590163934,-0.42314352482305273,-1.1354305313811814,-1.0047611713419002,6.549003322259137,1.742141292442497,0.29774127310061616,3.963824289405685,4.548387096774194,0.026190476190476097,0.0524475524475525,4.0421237384817905,0.0,0.053407934893184184,4.402439024390243,0.040000000000000036,0.10948905109489049
2010-06-27,-0.012538439982797134,-0.003310387116420843,-0.02601367371511243,0.021615459052680253,0.03920831088684107,0.00292583186332962,1.5039474712733525,1.5039474712733525,1.4444444444444446,1.625,-1.117043599906738,-3.056700056700057,-1.0154711673699015,-0.9640381622997972,0.022847328320501736,-0.1637658227848101,-0.12389380530973448,-0.04941860465116277,0.037122969837587005,-0.18604651162790686,-0.8704203289530937,0.0,0.052148720424915584,-0.0677200902934536,0.012820512820512775,-0.02442321557317939
2010-09-26,0.00828014513317532,0.11154065991166529,0.008113078683631869,0.026969624018197136,0.009082571340055079,-0.05979439845179757,-1.1330190740798551,-1.1330190740798551,-1.1363636363636362,-1.1428571428571428,-4.9886703187251,-1.5078110641426208,37.63636363636363,10.45541958041958,0.25587956770899445,-0.19867549668874174,0.2281639928698751,0.3272171253822631,0.008948545861297452,-0.22857142857142865,-0.12491605104096715,0.0,0.0009178522257915489,0.3220338983050848,0.0,0.08230946882217083
2010-12-26,0.08925356380741034,0.6029319919968585,0.1135588656048987,0.1049994522948845,0.003020032221783042,0.19364353195642336,-16.75662989908472,-16.75662989908472,-16.333333333333336,-15.333333333333334,0.8946218434934607,6.344372059355773,-519.5670588235295,8.195993895459749,1.8736405966993415,0.03896103896103886,-0.1973875181422351,-0.19354838709677413,0.0,0.031746031746031855,-0.22409823484267077,0.0,-0.07932141219624023,-0.17582417582417587,-0.012658227848101222,0.45066575623079563
2011-03-27,-0.03478758672701221,-0.10380503760942195,-0.053349302828546,-0.1549793111105383,0.03902552858119157,-0.14383474691540876,-0.9192868526489819,-0.9192868526489819,-0.9130434782608696,-0.9069767441860466,-1.7439124847606182,3.2483676235062218,-0.9996778452840633,-1.90085758027109,-0.5873675838860816,0.1227272727272728,-0.08921036769138024,-0.08000000000000007,0.03325942350332611,0.12307692307692308,0.41641938674579637,0.0,0.0766932270916334,-0.06000000000000005,-0.02564102564102566,0.06054365733113665
2011-06-26,-0.036114847586489196,0.07220464251731529,0.0006938509574296869,0.5559948288281102,-0.1693980145286219,0.018001638117294938,-23.09226794611552,-23.09226794611552,-21.25,-21.25,-3.0001550250254683,-0.6267950353787264,-3.0704225352112675,-1.119347306464761,0.16988665045202156,-0.14676113360323895,-1.528788881535407,-1.5093167701863355,-0.1716738197424893,-0.1735159817351598,-0.09427374301675973,0.0,-0.13829787234042556,0.0,-0.013157894736842146,-0.31090152565880724
2011-09-25,-0.07260324341441105,-0.17438370898778466,-0.09713781591714676,-0.33604351163109814,0.0342739953083957,-0.06843569122354354,-1.1310162214537496,-1.1310162214537496,-1.1358024691358024,-1.123456790123457,-0.881381830260754,-3.405948902840803,1700.687074829932,-4.271050397468549,-0.47500994670805996,-0.11150652431791219,-0.37046307884856067,-0.3780487804878049,0.0362694300518136,0.07182320441988943,0.0,0.0,0.11540526033279663,0.0,0.01333333333333342,0.24345865872313022
2011-12-25,0.017103938995986168,0.10074477079733857,0.05871793831186922,0.16575596949505145,-0.14037565699229948,0.19679469878172484,2.7580490914886835,2.7580490914886835,2.6363636363636367,2.9,0.6851488845328106,-0.588574971902492,-0.9999920047331979,-1.9610692966519596,0.8695735710092332,-0.09078771695594134,0.34194831013916516,0.3039215686274508,-0.14,-0.12371134020618557,0.0,0.0,-0.15495668912415783,0.0,0.026315789473684292,-0.055746196179993546
2012-03-25,-0.022774801019611934,0.13321729280018801,-0.04721768569648532,-0.12737187030009278,0.09178252626589778,-0.22331715814358588,-0.28526592586309274,-0.28526592586309274,-0.29999999999999993,-0.28205128205128205,-1.5321553204453553,-0.35958301934187387,24.5,-0.6155819605725088,0.1788000068512312,0.07048458149779746,-0.9214814814814815,-0.924812030075188,0.08430232558139528,0.24705882352941178,0.0,0.0,0.11731207289293843,0.0,0.0,0.29861492046077887
2012-06-24,-0.035834593190383957,0.13453273198367577,-0.005254108474968877,-0.00937876037836527,-0.16110231805149822,0.03171157604690644,-3.092309518158082,-3.092309518158082,-3.142857142857143,-3.142857142857143,-9.689289060060373,-0.9794812708374191,-0.5686274509803921,1.676629306766293,0.4059902745219599,-0.10699588477366262,-11.226415094339622,-11.200000000000001,-0.16085790884718498,-0.17452830188679247,0.0,0.0,-0.12996941896024472,-0.6926713947990544,0.0,0.1452558213210835
2012-09-23,0.0032240064251918277,0.24130127592369388,0.00020711433288966852,0.043662079751918936,0.01792691236210886,-0.1284597408445456,-1.0258879851161102,-1.0258879851161102,-1.0333333333333334,-1.0333333333333334,-0.3962720716835574,-9.051373954599761,-9.045454545454545,-0.47411242603550297,0.15185399528750354,0.2642089093701998,-0.4372693726937269,-0.4607843137254902,0.015974440894568787,0.5028571428571429,2.732459521973785,0.0,0.014645577035735213,-0.4461538461538461,-0.02564102564102566,0.18934993084370677
2012-12-30,0.029634222629069562,0.09519719958013795,-0.035507420578546944,-0.08750377888145111,0.3397982570972238,0.2823654649598688,76.52410166520596,76.52410166520596,58.49999999999999,55.99999999999999,-1.8920988928132068,-91.80323490132066,-458.3898305084746,10.027516900322127,1.4538062169905555,0.13851761846901556,7.232786885245902,7.745454545454546,0.3459119496855345,0.12167300380228152,1.1505887213385666,0.0,0.30138568129330245,8.069444444444445,-0.02631578947368418,0.20025584370275618
2013-03-31,-0.05535974856886294,-0.2423372526001064,-0.0764244025866565,-0.2001670701434295,0.017030830039525657,-0.19083286732960758,-0.9822621672036629,-0.9768808998926007,-0.9831932773109243,-0.9824561403508771,0.9474421708185052,-1.694510583847968,-1.0044096939153635,-2.0542258519074705,-0.6245970390827909,-0.022411953041622135,-0.31461569095977693,-0.2806652806652806,0.009345794392523477,-0.2745762711864407,-0.8953030448564019,0.0,0.07675244010647742,-0.2741194486983155,0.0,-0.05274036753544542
2013-06-30,-0.0012659483654516857,0.06271864521673876,-0.03080897695998741,0.044705332390507335,0.09078430275217952,0.04170127464678397,5.4152326322498405,3.9220048899755504,6.000000000000001,5.5,-1.6966319083568417,-0.9885290608889213,-16.88515406162465,-1.0987111566417873,0.16423604121890567,0.07969432314410474,0.9302730970366067,1.161849710982659,0.08564814814814814,0.07009345794392519,0.5642201834862386,0.0,0.09188298310671628,1.1708860759493671,-0.013513513513513487,0.01725196045005095
2013-09-29,-0.007308825545650266,0.08965863539587304,-0.00035668661298005055,0.03374105425926288,-0.026503874322866383,-0.2547062713886308,-2.2034176146242115,-2.2034176146242115,-2.142857142857143,-2.230769230769231,-0.3994261824739733,-2.083282051282051,0.9199435725621583,-0.37916856109277086,0.08758202012822047,0.19919110212335678,-0.19927754364840455,-0.12299465240641705,-0.02771855010660995,0.10480349344978146,-0.46920821114369504,0.005291005291005346,-0.019245283018867854,-0.0894071914480078,-0.04109589041095896,0.05409572328730383
2013-12-29,-0.021199496246580463,0.021171414061254668,-0.11130276198660383,-0.045214580222730616,0.23399514547472156,-0.2696481984198509,-3.726904978122678,-3.6876083546602825,-3.6875,-3.4375,-0.3234057654509719,12.430032190872941,-0.7192321822189567,1.9528434057186526,0.23778230190149952,0.15598650927487356,-0.6590225563909775,-0.6219512195121952,0.23684210526315796,0.18972332015810278,0.34033149171270716,0.0052631578947368585,0.26086956521739113,-0.5592315901814301,-0.1428571428571428,0.06950715421303655
2014-03-30,-0.025155954087614174,-0.11885688158073204,-0.038668774022055374,0.5844980502767487,0.002275450522594369,0.47772108586049744,-0.973615694347734,-0.9732299185992935,-0.9767441860465116,-0.9743589743589743,-1.1792616501916482,-3.3155067396085953,0.7677461563624468,-2.876877621661257,-0.3605547442231406,0.11451495258935074,-0.09922822491730987,-0.008064516129032251,-0.0035460992907800915,-0.09966777408637872,2.314921681780709,0.005235602094240788,0.02807445834604816,0.012106537530266248,-0.033333333333333326,-0.44389939350695684
2014-06-29,-0.017283818685185692,0.010991011051034283,-0.03153124105407479,-0.0010738571027588684,0.01077379064140871,-0.004326243314686229,4.271371199082043,4.271371199082043,5.0,5.0,-3.822642358766599,-1.3614309636169888,0.08789785344189482,-1.3788263547364066,0.2136033353958191,0.04384816753926701,-0.21297429620563035,-0.1585365853658537,0.010676156583629748,0.047970479704797064,0.07212136284506343,0.005208333333333259,0.02849510240427433,-0.11722488038277501,-0.051724137931034364,0.012082330927559504
2014-09-28,-0.008270264216722945,0.03977351075565361,-0.011047595578223657,0.06688094383472731,-0.0031477989999180167,-0.06174383037618436,-2.360361340879408,-2.360361340879408,-2.3333333333333335,-2.3333333333333335,1.244238896419743,-0.3908956129119213,3.1882973294778028,-0.3938911385110029,0.10667972858263974,-0.15109717868338557,0.16485225505443224,0.24637681159420288,-0.0035211267605632646,-0.1619718309859155,0.04685687775458147,0.005181347150259086,0.0051948051948051965,0.2222222222222221,0.0181818181818183,-0.025408060852569858
2014-12-28,0.05006484978172021,0.05735004692293311,0.1566332306193734,0.020378410066013597,-0.146743229304945,0.21925158615697615,-3.7902232178574287,-3.7902232178574287,-3.875,-3.375,0.5721442529756617,-8.080876251590418,0.03480485724728921,-6.954810459151758,-0.5740211437296034,-0.0834564254062038,-0.4566088117489986,-0.4844961240310077,-0.22614840989399299,-0.07983193277310918,-0.2763128739197874,0.005154639175257714,-0.18748205569910992,-0.5343680709534369,0.1428571428571428,0.0362601626016259
2015-03-29,-0.08039356720543434,-0.1778816212944051,-0.16738306698401906,-0.48803679551313217,0.13974678106860816,-0.13592604169711908,-1.4089462365591399,-1.4089462365591399,-1.391304347826087,-1.4736842105263157,-0.7497514011932742,-1.8261224521683426,4.168720565149137,-1.3763614360629286,0.5071599653467869,0.06607574536663985,-0.47911547911547914,-0.4736842105263157,0.13926940639269425,0.3789954337899544,1.250459277403552,0.00512820512820511,0.23957597173144873,-0.480952380952381,0.0,0.6057848213818715
2015-06-28,0.0025714510881953423,-0.022468136501848757,-0.005298427786787463,0.009494597284655848,0.0172837418310523,-0.003521245891229152,-2.149908848688823,-2.149908848688823,-2.111111111111111,-2.111111111111111,3.9315452000361235,-1.7284492337662951,-0.908678122081413,-2.2412245444801715,-0.41767258382643,0.030990173847316616,0.42452830188679247,0.44285714285714284,0.02004008016032066,-0.09602649006622521,1.3197278911564627,0.005102040816326481,0.014538198403648783,0.4220183486238531,0.015625,-0.03166020650793133
2015-09-27,-0.011115219876469351,-0.009299169902770577,-0.0006246941396332861,0.04327596928698241,-0.030042582094621073,-0.04043501198790245,-0.42591463414634145,-0.42591463414634145,-0.4,-0.4,-0.22438515208672882,-0.9217961949642669,2.3872121060946205,-0.9064979221760483,-0.06706408345752612,-0.0703812316715543,0.9139072847682117,0.910891089108911,-0.007858546168958758,-0.08791208791208782,-0.38023460410557186,0.0050761421319796,-0.019106490587243563,0.896774193548387,0.01538461538461533,-0.050388509536143156
2015-12-27,0.03323882843557491,-0.05639641039161647,0.04459134188776881,0.7405987868605384,0.012135821301163752,0.21034610401628728,4.490493892724376,4.490493892724376,4.166666666666667,4.166666666666667,0.5887991689096661,5.31515604249668,-0.2697972409052972,2.7354497354497354,-0.26852274456108327,0.018138801261829762,0.32006920415224926,0.383419689119171,0.027722772277227747,0.028112449799196693,-0.5301410050156147,0.005050505050504972,-0.02033801203093666,0.360544217687075,0.015151515151515138,-0.45790088909354965
2016-03-27,-0.04372065897613009,-0.019018424823658675,-0.044252737952536925,-0.0895108989770842,-0.03635919400157972,-0.1465550973046149,-1.1600023213974813,-1.076296597218192,-1.1612903225806452,-1.1612903225806452,-1.3073768055638115,-2.6135243477689425,-0.2509160587622281,-3.058125160958022,0.7555305551353804,-0.006971340046475594,0.17431192660550443,0.10112359550561778,-0.046242774566474076,-0.03515624999999989,-0.32044310171198387,0.005025125628140614,0.007602339181286499,0.16749999999999998,0.0,0.07743073706220605
2016-06-26,0.007462844730528273,0.10992899419473168,0.007362531083206614,0.025488270211911912,0.007972978231208794,-0.01814157543180106,-0.974489179059364,-0.946501014198783,-1.0,-1.0,-3.523109649970992,0.3748788335437625,-0.7052910290355876,1.6823954853160155,1.1544269304712618,-0.03900156006240252,-0.2165178571428572,-0.23809523809523803,0.008080808080808133,0.00809716599190291,-0.13070539419087146,0.0,0.0005803830528148257,-0.22055674518201274,0.0,0.08235793559342586
2016-09-25,0.01186609715353626,0.025137838580321148,0.02197191014907629,0.0885395188676914,-0.007293507321525783,-0.02437538577140863,-2.3412322274881516,-2.924170616113744,inf,inf,-0.14602973863723456,-2.6668345310954042,-0.019795949444190608,-2.1341378650831047,-0.6077158040503722,0.0032467532467532756,-0.1524216524216524,-0.1741071428571429,-0.008016032064128265,-0.004016064257028162,0.31708148653256063,0.010000000000000009,-0.019141531322505734,-0.1565934065934066,-0.014925373134328401,-0.058217067294223046
2016-12-25,-0.07275932588846268,-0.1730168787327967,-0.1423269930658454,-0.30389065795170456,0.06350964517690971,0.20933469400105076,130.68551236749116,79.83004926108374,inf,inf,-0.5921646060986829,-1.4196346058150282,28.844337424265962,-0.7686530330201873,-0.3583963093705794,0.007281553398058138,-0.39831932773109247,-0.31351351351351353,0.06868686868686869,0.016129032258064502,0.2394512037276728,0.004950495049504955,0.14695446481371977,-0.3908794788273615,0.030303030303030276,0.18794621608757733
2017-03-26,-0.00694107930145349,-0.035478247326602874,-0.020794079115625363,-0.027316251062730612,0.015079940788969237,-0.09290572045945633,-0.6463090670029785,-0.5983484169790048,-0.6521739130434783,-0.6363636363636364,0.6577354753521127,-0.7474165678468575,-0.9485081308430674,-1.8937880027024145,0.4992650856075955,0.17911646586345387,0.558659217877095,0.7559055118110238,0.007561436672967936,0.10317460317460303,0.8034670008354217,0.0049261083743843415,0.02217066254189226,0.5668449197860961,0.02941176470588225,-0.008363800270446253
2017-06-25,0.011492812269321195,0.009735249651335875,-0.0016150611111407365,0.027358867588856306,0.03149314431791783,0.020737003640886265,0.18344586905394134,0.18344586905394134,0.25,0.125,1.3009525073844213,-1.3928571428571428,-0.5501415285078852,0.057805537873965696,0.35225616703320006,0.0926430517711172,0.3100358422939067,0.33632286995515703,0.028142589118199002,0.08273381294964022,-0.38077591198610306,0.0,0.019924337957124783,0.31399317406143346,0.028571428571428692,-0.01717171717171717
2017-09-24,0.019948359305529184,-0.00985804874085483,0.006972547595912593,0.0507358403437268,0.034893427193554594,-0.05266610002112637,1.0725046477338291,1.0725046477338291,1.0,1.2222222222222223,-0.30139910572623685,-0.7867690994451557,0.21280898876404497,-0.23793674075745608,0.1985137796239873,0.16271820448877805,0.4623803009575922,0.5033557046979866,0.03284671532846706,0.12956810631229243,-0.10566672900691976,0.009803921568627416,0.014589515331355107,0.49610389610389616,0.0277777777777779,-0.05765673175745112
2017-12-31,-0.06216195212237119,-0.023528093956077578,-0.08927397438732876,-0.007201341384186155,-0.023293254001946262,0.2553995358305132,-2.7573386123913517,-2.7573386123913517,-2.75,-2.75,-2.2632241813602016,-3.166533226581265,0.16360941263665008,-2.523898827884022,-0.2524083754654285,-0.006970509383377954,-0.9550982226379794,-0.9553571428571429,-0.03356890459363959,-0.038235294117647034,-0.3435800920117106,0.004854368932038833,0.0414330977333659,-0.9548611111111112,0.04054054054054057,-0.016468535281928265
2018-04-01,-0.0012791816285515623,-0.012917184096550738,-0.05272713210142577,-0.10881087050139904,0.06766234359658485,-0.14495813073456087,-1.3856863745973633,-1.3856863745973633,-1.3714285714285714,-1.3714285714285714,-1.292548583756926,-3.2433481152993346,-4.984713375796178,-1.5016030831012372,0.2679007823476991,0.18358531317494609,1.958333333333334,2.0,0.06215722120658129,0.22629969418960227,33.9155782096209,0.0036231884057973396,0.06903814650128703,1.9615384615384617,0.012987012987013102,0.10761809713905524
2018-07-01,0.0009670525021767684,-0.01359567035803333,-0.01719552912730893,-0.023121839812757616,0.022562842448415443,0.0014784465681680903,0.07689850310332247,0.07689850310332247,0.0769230769230771,0.0769230769230771,2.339292697916085,1.4308541306317437,-1.2740169437340154,-0.26616521935629656,0.0980195159391668,0.10720802919708028,0.5774647887323943,0.6500000000000001,0.0223752151462997,0.04239401496259343,-0.6836587591240877,0.004813477737665384,0.02167250437828372,0.6103896103896103,0.025641025641025772,0.00976122540922053
2018-09-30,0.020135085049844736,0.07217304104094224,0.0136551515904062,0.11357305507041326,0.02754372676361716,0.0067203782323426164,0.05843963215663006,0.05843963215663006,0.0714285714285714,0.0714285714285714,-0.3524008700016731,1.1060210754582727,-0.017062855476155714,-2.3309431638219253,-0.11881246441123916,-0.004944375772558796,-0.3660714285714285,-0.34343434343434354,0.026936026936026813,-0.02631578947368407,-0.4195437108822935,0.004790419161676773,0.007285193914720489,-0.3629032258064515,0.02499999999999991,-0.03718024985127899
2018-12-30,0.026027511128296155,0.1422230229340038,0.017418440016321313,0.6708870811639807,0.033969210838992625,0.2046215849678683,1.210081678411275,1.210081678411275,1.266666666666667,1.2000000000000002,0.05254863461389414,-1.0436650309709596,0.12804154302670634,-2.170352007932573,0.1578011497838585,0.04347826086956519,7.887323943661972,8.061538461538461,0.032786885245901676,0.014742014742014753,0.7888198757763976,0.004767580452920139,0.007657945118060061,8.10126582278481,0.0,-0.31639378024920184
2019-03-31,-0.0011651600752438096,-0.010990596747454506,-0.017092514218498,-0.05494249254422967,0.016500109052721035,-0.1266688413984055,-0.45368575517672427,-0.45368575517672427,-0.47058823529411775,-0.4545454545454546,-0.3818512064014138,-5.782608695652174,1.5187426016046297,-1.2057104126069644,-0.028037059419012356,0.11468253968253972,0.03882725832012679,0.05432937181663844,0.011111111111111072,0.07990314769975781,-0.8959722222222222,0.005931198102016699,0.017732742241925115,0.05006954102920713,0.0,0.046471341417488876
