Quarter end,Assets,Current Assets,Liabilities,Current Liabilities,Shareholders equity,Revenue,Earnings,Earnings available for common stockholders,EPS basic,EPS diluted,Cash from operating activities,Cash from investing activities,Cash from financing activities,Cash change during period,Cash at end of period,Price,ROE,ROA,Book value of equity per share,P/B ratio,P/E ratio,Cumulative dividends per share,Equity to assets ratio,Net margin,Asset turnover,Current ratio
1993-12-25,0.045315967836578874,0.03431333460101693,0.02748649926859592,0.03934996882009667,0.07454086884722799,-0.09013263372686198,-0.12634150597679084,-0.12634150597679084,-0.4347826086956522,0.0,-9.155172413793103,-0.23890921850719338,-0.44958301743745266,-0.46682482396587843,-0.28609077387399096,0.07800000000000007,0.029356652092442204,0.01729559748427656,0.07421875,-0.11234177215189878,-0.05631492618917433,inf,0.027975719187120607,0.008130081300812941,0.01171875,-0.004833040421792667
1994-03-26,0.045315967836578874,0.03431333460101693,0.02748649926859592,0.03934996882009667,0.07454086884722799,-0.09013263372686198,-0.12634150597679084,-0.12634150597679084,-0.4347826086956522,0.0,-9.155172413793103,-0.23890921850719338,-0.44958301743745266,-0.46682482396587843,-0.28609077387399096,0.07800000000000007,0.029356652092442204,0.01729559748427656,0.07421875,-0.11234177215189878,-0.05631492618917433,inf,0.027975719187120607,0.008130081300812941,0.01171875,-0.004833040421792667
1994-06-25,-0.0016958157461883783,-0.02750052879929943,-0.040770669267106374,-0.067995715902741,0.05954841653859844,-0.09013263372686198,-0.12634150597679084,-0.12634150597679084,-0.4347826086956522,0.0,-9.155172413793103,-0.23890921850719338,-0.44958301743745266,-0.46682482396587843,-0.1913021491782554,-0.04638218923933224,0.029356652092442204,0.01729559748427656,0.043636363636363695,-0.11234177215189878,-0.05631492618917433,inf,0.06136071887034644,0.008130081300812941,0.01171875,0.04343267108167792
1994-09-24,0.10768818872484531,0.1275085043952504,0.13044671821522513,0.21161115264067143,0.07539479580510156,0.15426596124293912,0.36877059822231106,0.36877059822231106,0.3846153846153846,0.0,1.8780831571529246,0.46512546927484677,0.38429752066115697,-0.10153365521158764,-0.21534517258629315,-0.018806744487678273,0.029356652092442204,0.01729559748427656,0.059233449477351874,-0.060606060606060774,-0.05631492618917433,inf,-0.029269472665699126,0.008130081300812941,0.01171875,-0.06939228857037072
1994-12-31,0.125185045542626,0.14861104475647657,0.17344779113294262,0.2480455894318292,0.05319645494395142,0.26468513564602336,0.2621940097041333,0.2621940097041333,0.16666666666666674,0.0,-0.4232370225269344,0.28244549336929636,11.525373134328358,0.5981771244929139,-0.4834956408090404,0.07138136153337737,0.029356652092442204,0.01729559748427656,0.049342105263157965,0.011385199240986799,-0.05631492618917433,inf,-0.0637926738101171,0.008130081300812941,0.01171875,-0.0796817277635693
1995-04-01,0.05682036026582171,0.05920161478925956,0.05850449898713905,0.002898757003846786,0.054021482766671625,0.02259032725324328,-0.06139083183999072,-0.06139083183999072,0.0,0.0,-2.6142361848156797,-0.1705342120022434,4.237448363520813,-0.8611834514587111,-0.12994507190026539,0.012954966070326979,0.029356652092442204,0.01729559748427656,0.050156739811912265,-0.0337711069418386,-0.05631492618917433,inf,-0.0026616981634283166,0.008130081300812941,0.01171875,0.056135367133946845
1995-07-01,0.02212439517972653,0.002654746609881853,0.00776709368594819,-0.1398786066373532,0.046086341756520266,-0.11160498870643543,-0.15569378579786908,-0.15569378579786908,-0.1428571428571429,0.0,1.825721048479004,0.07285635802730006,0.779520393150207,-1.4944193778199952,0.07384287994325245,0.023142509135200884,0.00728155339805836,0.01729559748427656,0.04477611940298498,-0.027184466019417597,-0.05631492618917433,inf,0.023485455030691327,0.0,-0.007722007722007707,0.16571161267688006
1995-09-30,0.045933117646544064,0.03771168624066212,-0.05891974164649105,0.1611828245298197,0.21451938487756395,0.11387609233511875,0.34371580713399963,0.34371580713399963,0.33333333333333326,0.0,-3.342149350044985,0.10830346240201671,-1.527283885375292,14.78001921229587,1.0851141130230868,0.17321428571428577,-0.01566265060240979,0.01729559748427656,0.17428571428571438,0.12375249500997998,0.09791425260718412,inf,0.16114732724902203,0.016129032258064502,0.0,-0.1063402889245586
1995-12-30,0.1766775631334967,0.23266470788464355,0.2806494161656825,0.2966607036374478,0.047144715494686906,0.0653305492151719,-0.031947234134954705,-0.031947234134954705,-0.125,0.0,-1.2499188682619264,0.16430615037406926,-2.6507064110439362,-1.034638095817861,-0.01802600940900667,-0.14155251141552505,-0.07466340269277838,-0.06491499227202469,0.038929440389294134,-0.2682060390763765,-0.1931398416886544,inf,-0.11003817651021786,-0.011904761904761973,-0.05447470817120614,-0.04933767400089817
1996-03-30,-0.009718250153977315,-0.024454664618523747,-0.04409503331322284,-0.06323292710968043,0.04266023260335294,0.1463942176063664,-0.06118042899200893,-0.06118042899200893,0.0,-0.08695652173913049,-1.3862726911355505,-0.5701246966528792,-1.116945434603784,21.434973637961335,-0.4118368202861613,-0.19680851063829796,-0.07010582010582012,-0.046280991735537125,0.042154566744730726,-0.22815533980582525,-0.19686069326357092,inf,0.05273782488014134,-0.04417670682730912,-0.004115226337448652,0.041388675680462894
1996-06-29,-0.0027794422604481284,-0.025350157639038584,-0.026849028124326102,-0.14917849570185604,0.030842918655208607,-0.1540911025447108,-0.15667652241435948,-0.15667652241435948,-0.1428571428571429,-0.1428571428571429,-5.69744785949506,0.818391620805965,-9.441802043208842,-0.2607810113195723,-0.5176073720585815,0.10375275938189854,-0.06543385490753917,-0.03986135181975747,0.02921348314606731,0.05974842767295585,0.1038273615635179,inf,0.033796740172579165,-0.025210084033613578,-0.016528925619834767,0.14553804286200256
1996-09-28,0.03647149142020223,0.035938050623989914,0.037266822967994884,0.13009718034590123,0.035422684543587435,0.09286828607934905,0.1282360024081879,0.1282360024081879,0.11111111111111116,0.11111111111111116,-2.937841390389952,-0.05404666601581565,-1.6571836686108796,-1.952948656811318,1.0225140712945593,-0.18599999999999994,-0.07305936073059349,-0.07942238267148016,0.03493449781659397,-0.20771513353115734,-0.18590925857617113,inf,-0.0011592858798979977,-0.06465517241379304,-0.012605042016806678,-0.0832962138084633
1996-12-28,0.057703805401925434,0.06837911119530737,0.0744477116382023,0.2251502105826899,0.035584223610831245,0.023143112642003194,0.11318977964718435,0.11318977964718435,0.09999999999999987,0.04999999999999982,-0.7424482228452565,0.01267364336285004,-1.4635633641248567,-0.12015568529330001,0.4448192500140553,0.1187551187551188,-0.03612479474548436,-0.021568627450980316,0.03164556962025311,0.0786516853932584,0.1603987313094699,inf,-0.02089136490250698,-0.018433179723502335,0.0,-0.12795594428247492
1997-03-29,-0.030723087876329602,-0.047705967733789545,-0.07956401653147116,-0.12105415760404536,0.03621971633598475,0.1475189500371621,0.09370065418452511,0.09370065418452511,0.09090909090909083,0.1428571428571428,4.650279460392707,-0.5682313854181529,-5.516703568637666,1.097257330637007,0.6456866025915404,-0.03294289897510971,0.006814310051107331,0.02605210420841697,0.03680981595092048,-0.06249999999999989,-0.03279968762202268,inf,0.06922712185870084,0.014084507042253502,0.008510638297872353,0.08345715700841994
1997-06-28,-0.03068755021410885,-0.04562185283291875,-0.07918601836505601,-0.1206727490628241,0.028358349759102675,-0.13575548790257974,-0.21432438703689383,-0.21432438703689383,-0.20833333333333326,-0.20833333333333326,-0.9890360303904457,-0.1365245715904263,-1.0107701291117888,-1.4423418808569621,-0.17355323047821714,-0.1604844814534444,-0.016920473773265665,0.009765625,0.02564102564102555,-0.188888888888889,-0.19095680258377068,inf,0.06075388026607542,-0.004629629629629761,0.016877637130801704,0.08531428571428568
1997-09-27,0.10037108446463483,0.14681421034033915,0.1574608943019804,0.21094560239360471,0.03813421379287396,0.103438708729783,0.435059394894008,0.435059394894008,0.42105263157894735,0.368421052631579,63.34907888521492,-0.24689738122573945,0.16198125836680055,-9.45967302452316,1.7765252843144266,0.08385933273219104,0.050774526678141196,0.06382978723404253,0.03653846153846141,0.0547945205479452,0.07085828343313372,inf,-0.05643812709030094,0.05581395348837215,0.004149377593360981,-0.052966882535671056
1997-12-27,0.052260598446964845,0.06424317949830782,0.06299062137492695,0.07792687640687879,0.03921864565037536,0.019343006315540423,0.06747919143876335,0.06747919143876335,0.14814814814814814,0.0769230769230771,-0.5967539474553503,1.9753901996370238,-5.840437788018433,-0.9553580056044062,0.028563626715028434,0.1763727121464227,0.03849303849303842,0.05090909090909079,0.03525046382189245,0.1341991341991342,0.09832246039142589,inf,-0.012405848471422343,0.048458149779735615,0.004132231404958775,-0.012675821426585854
1998-03-28,0.02539172765388753,0.036667562445962476,0.005844385371120975,-0.0062358167030239775,0.049694297184524006,0.149814564385915,0.19578861684124838,0.19578861684124838,0.12903225806451601,0.1785714285714286,2.5331221670034405,-0.7291270189820914,-1.8805188623110793,33.34018759018759,0.953640858157556,0.22135785007072117,0.06466876971608837,0.06920415224913512,0.04659498207885293,0.17938931297709915,0.13322019516334316,inf,0.02355316285329745,0.07142857142857117,-0.004115226337448652,0.04318936877076407
1998-06-27,-0.01740456636779042,-0.04674945110869122,-0.06581439849805037,-0.11723049791852214,0.040267566296568136,-0.14313137778280305,-0.1810902316249574,-0.1810902316249574,-0.17142857142857149,-0.18181818181818177,-1.1138727876961125,3.229147901279049,-0.11879983781592107,-1.3284606738031957,-0.16033321453570215,0.21250723798494509,0.04296296296296287,0.0469255663430419,0.03595890410958913,0.1618122977346279,0.10932235117933353,inf,0.058733289502520325,0.06274509803921569,-0.012396694214875992,0.079833747166145
1998-09-26,0.2584227765381468,0.27390782630992727,0.182425133674339,0.27829975073537083,0.33972841573548607,0.31655296284798173,-0.6555103469396684,-0.6555103469396684,-0.7931034482758621,-0.7777777777777778,-14.077055336862585,1.7518955529050944,1.3667177914110429,-3.8023603537332287,0.6579823259620259,-0.08882521489971362,-0.23863636363636365,-0.20865533230293654,-0.12892561983471074,-0.12256267409470756,-0.15254809314883566,inf,0.06458290209066453,-0.2066420664206643,-0.004184100418410108,-0.0034491377155712044
1998-12-26,0.08817056883794172,0.09307663941741051,0.1353648465197561,0.19992209524600746,0.04360835347975933,0.38001834533983625,6.360363220726441,6.360363220726441,3.833333333333333,3.666666666666667,-0.3113460846458328,-0.4932704884410287,1.099475082625883,-0.07797877196986991,0.29757848557736577,-0.08228511530398308,0.27611940298507465,0.306640625,0.030360531309297834,0.053968253968254,0.1127041019514139,inf,-0.040832199105580336,0.20465116279069773,0.0840336134453783,-0.089034911717496
1999-03-27,0.03949000265253866,0.04455777603144839,0.014177880606210058,0.030903964138494944,0.06549183071045639,-0.14958548448334952,-0.1322997817290853,-0.1322997817290853,-0.06896551724137923,-0.1071428571428572,0.12871799509626602,-0.09830006262123314,0.08068648331635653,0.21366548042704636,0.27833440495301187,0.32267275842375764,0.07163742690058483,0.09566517189835588,0.06445672191528562,0.286144578313253,0.3228346456692912,inf,0.024934117170079206,0.11196911196911197,-0.015503875968992276,0.013215131325367446
1999-06-26,0.004218254622596618,-0.0175459013712308,-0.030307833000821738,-0.05491299265355776,0.03797703161414301,-0.10668352872504006,-0.2630846325167038,-0.2630846325167038,-0.2592592592592593,-0.24,-1.1880338836684456,3.1791927096566557,-0.7689583273828225,-2.420141969831411,-0.3092104605729932,-0.04835924006908465,-0.0020463847203273655,0.01500682128240105,0.03633217993079585,-0.10772833723653386,-0.09199134199134196,inf,0.03362341772151889,0.03472222222222232,-0.015748031496062964,0.03956306722460745
1999-09-25,-0.012398043554209814,-0.04587073652661455,0.1573464529780464,0.19603927207881222,-0.1674514038588124,0.10049525487444488,-1.0144773058448917,-1.0144773058448917,-1.0,-1.0,-7.326333980398656,-0.6887653155106657,-39.074174805291136,-0.5733660817201521,-0.1909694094047757,-0.25544464609800355,-0.04647983595352012,-0.08064516129032251,-0.05175292153589328,-0.28083989501312334,-0.2666865315852206,inf,-0.15690776884806734,-0.0872483221476511,0.0040000000000000036,-0.2022583511945214
1999-12-25,0.00846974566943759,-0.03358261585025413,-0.0015559698063447591,0.08967100992900479,0.0212005149575909,0.05444754702346333,-79.30288909599254,-79.30288909599254,inf,inf,-1.2862403035507808,-0.10157572600599041,-0.5422881856731887,1.395010604989395,-0.5653355584694242,-0.32419256550883613,-0.09677419354838712,-0.11842105263157898,0.04401408450704225,-0.2883211678832117,-0.2807801706623324,inf,0.012482977757603209,-0.07720588235294112,-0.043824701195219085,-0.11310615989515083
2000-03-25,-0.024724620064202063,-0.041276645235441944,-0.031417843555081926,-0.04309108071058021,-0.016414882687186827,0.12665448769039456,0.29775407943441357,0.29775407943441357,0.3600000000000001,-0.030303030303030276,-4.760085758360133,-0.4439049137556168,-0.05409067370377463,-1.4401629204796245,0.5724870191604505,0.11632100991884586,0.06984126984126982,0.03980099502487566,0.0,0.07179487179487176,-0.09152542372881367,inf,0.00851826944631262,-0.007968127490039945,0.050000000000000044,0.0019210876311510638
2000-06-24,-0.03471826582033233,-0.04759339229979098,-0.04029858098185257,-0.03789549281449933,-0.027895896674758336,-0.14115876161714358,-0.46864338383653104,-0.46864338383653104,-0.47058823529411775,-0.4375,-0.8903359942146691,1.3630131630392284,-0.590646607970482,-2.0451972439341803,-0.3805194238958246,-0.16155088852988686,-0.008160237388723957,-0.046251993620414766,0.006745362563237878,-0.16267942583732053,-0.23134328358208955,inf,0.007112691709268759,-0.08835341365461835,0.043650793650793496,-0.01010324483775793
2000-09-23,0.04214608021283439,0.08099653721134592,0.10067296389359748,0.11211781572910162,-0.028494661088636852,0.07217710791349408,-0.1262578317827986,-0.1262578317827986,-0.05555555555555547,-0.11111111111111105,2.679633504533638,-0.7486459953450919,0.39328374615271877,-1.0959423123930578,0.05893310435757759,-0.3159922928709057,0.2228870605833957,0.21070234113712383,-0.00335008375209378,-0.32000000000000006,-0.3082524271844659,inf,-0.0677554623703377,0.1806167400881058,0.026615969581749166,-0.028011621843105128
2000-12-30,0.000239075295846769,0.03931636108795389,0.0709119090674244,-0.04125059534455633,-0.09640282492092644,0.08300141629752522,-4.3239105527241115,-4.3239105527241115,-4.294117647058824,-4.5,-2.0231253715654427,2.8423662614648704,-2.7078539401191306,-6.907722929936305,-0.3287841795793215,0.03943661971830981,-0.8293577981651377,-0.8356353591160222,-0.09411764705882364,0.04201680672268915,-0.12865497076023402,inf,-0.09659090909090906,-0.8395522388059702,0.033333333333333215,0.08408063156281154
2001-03-31,-0.10932995324013772,-0.1620476390367268,-0.19193798425715092,-0.16550640688725315,0.02454955531643699,-0.01209417125498391,-1.3347675959658392,-1.3347675959658392,-1.3392857142857142,-1.3392857142857142,-4.056868805106655,-0.6859724062314405,-3.561870592220751,-0.7695987924691042,-0.11285829339459474,0.17344173441734423,-1.07168458781362,-1.0672268907563025,0.02226345083487935,0.2983870967741937,10.624161073825503,inf,0.1501572327044025,0.0,0.021505376344086002,0.004100678733031549
2001-06-30,-0.0022750203408704595,0.0008148708851893893,-0.02522522780292491,-0.0368616541967165,0.027060255607685324,-0.1538847694135751,-0.25484208844467326,-0.25484208844467326,-0.26315789473684204,-0.26315789473684204,-0.8341625481412915,0.8509910892889616,-1.1473556406388057,-4.230170800187178,0.4109282216897594,0.09122401847575046,4.75,5.124999999999999,0.023593466424682408,0.06832298136645965,0.0,inf,0.02939166097060819,0.0,0.01403508771929829,0.039149415575271185
2001-09-29,0.1214302532068523,0.16481272125081348,0.17555823101809076,0.16376851374337997,0.055765287500259664,0.08967680868203409,0.4880640396435889,0.4880640396435889,0.4999999999999998,0.4285714285714286,3.085534403136317,0.8702572062955614,2.789137705987926,5.34277384423157,1.8473121001640216,0.26984126984127,-0.6086956521739131,-0.6122448979591837,0.02659574468085113,0.2383720930232558,0.0,inf,-0.05843293492695878,0.0,-0.0034602076124568004,0.0008808781677733801
2001-12-29,0.03581607727652614,0.06431622691688155,0.03339939108128842,0.17733195890150033,0.03908051921478073,0.006353295408110693,-0.3551072686519372,-0.3551072686519372,-0.38095238095238093,-0.35,-0.6827165864983878,-0.38672872256600443,-0.932600961305567,-0.9328112554137272,0.04359149137950191,0.3291666666666666,-26.711111111111112,-27.473684210526315,0.02763385146804831,0.29107981220657275,0.0,inf,0.003055947343676646,3.1860465116279064,-0.03125,-0.09599891679642547
2002-03-30,0.0074682978260212085,0.014397100695248799,-0.041861223700822126,-0.050752457513963734,0.07373793440732124,0.08586761308505797,1.5498758689175771,1.5498758689175771,1.6153846153846154,1.4615384615384617,2.798700549767406,-0.3863943946687681,1.0597348666347228,10.94943486020226,0.4991356205960136,0.12539184952978055,0.17199654278305965,0.18489065606361832,0.08235294117647052,0.09818181818181815,-0.6859122401847575,inf,0.0658542301382703,0.22777777777777786,-0.03584229390681004,0.0686737062832321
2002-06-29,0.05082959573949819,0.06410931531786623,0.029228897280871635,-0.006947866438546724,0.07672398069669639,-0.13033580377653864,-0.44556952165827723,-0.44556952165827723,-0.4411764705882353,-0.4375,-0.6903253447764014,0.13415042715952863,0.0237670595533499,-0.5634241051426296,0.1453574828208395,0.04233983286908094,-0.001474926253687392,0.008389261744966348,0.07298136645962727,-0.03642384105960261,-0.12941176470588234,inf,0.02462620932277937,0.05429864253393668,-0.040892193308550095,0.07154870357393128
2002-09-28,0.0016252298120311703,0.015292411831431485,-0.026466862517855683,-0.03897885761563491,0.03381585997290615,0.0856430060877793,0.5483712354025814,0.5483712354025814,0.5263157894736841,0.5555555555555558,2.148711803475135,0.3440415528149079,-10.696799848513539,-1.2377721485994477,-0.02813104390009935,-0.2624265098877605,0.04062038404726742,0.07321131447587348,0.0361794500723589,-0.3127147766323024,-0.2977195945945946,inf,0.032188841201716833,0.09012875536480669,-0.015503875968992276,0.056438427833366056
2002-12-28,0.03756499188159368,0.043671957458625066,0.03553460464952396,0.04634411539148431,0.03975593858632687,-0.02433414461082195,-0.2868257496710974,-0.2868257496710974,-0.34482758620689646,-0.2857142857142857,-0.9147441841154735,0.2532463964541476,-0.9657168299198575,1.1615168539325844,-0.06711324449285094,0.04275362318840581,0.02200141944641576,0.05271317829457356,0.03910614525139677,0.004999999999999893,-0.04930847865303656,inf,0.0020790020790020236,0.07874015748031504,-0.023622047244094557,-0.0025380710659898
2003-03-29,-0.022281407659387353,-0.027903100431035166,-0.08235427552963093,-0.09943378769875033,0.04227873956515826,0.09102213805948978,0.25943831303075604,0.25943831303075604,0.368421052631579,0.25,2.879271163054947,-1.037690351620729,-0.9504442925495558,-2.6129415680121713,0.11603738735451863,-0.1077136900625435,-0.11736111111111114,-0.09131075110456555,0.04166666666666652,-0.1393034825870646,-0.17141049968374455,inf,0.06597510373443982,-0.07664233576642343,-0.016129032258064502,0.07943896232855474
2003-06-28,0.17880459427726225,-0.036827669403497354,0.3103864585025462,0.262567337965234,0.054303448581193736,-0.07859564660657903,-0.24707055911914744,-0.24707055911914744,-0.2692307692307693,-0.24,-0.17839172324333374,-262.2132609538581,-60.47126436781609,-6.097862932940309,-0.5300384221285308,0.028816199376947127,-0.032258064516129004,-0.037277147487844386,0.05161290322580658,-0.017341040462427793,0.10839694656488552,inf,-0.1054885169326587,-0.007905138339920903,-0.02868852459016391,-0.23716437647329391
2003-09-27,0.056237773734089336,0.10130518433432734,0.05423880231992917,-0.10622150894163929,0.05858858447235327,0.14912467312641908,0.5372721326871153,0.5372721326871153,0.5789473684210527,0.5263157894736841,3.0168831168831165,-0.48700474565402296,14.943834557402397,-1.699515260150144,0.7889367603711079,0.23694171082513238,-0.03495934959349589,-0.04713804713804726,0.0466257668711656,0.17647058823529416,0.22314049586776874,inf,0.0021758050478677404,-0.019920318725099584,-0.029535864978903037,0.2322128429303587
2003-12-27,0.05921639688594027,0.08068270984650239,0.0708108420734106,0.12491546782047025,0.04563723879530168,0.004897421791456136,-0.5003163659372067,-0.5003163659372067,-0.5333333333333332,-0.48275862068965514,-0.4861229975339635,-0.5278842787241492,-1.1189210288338218,-1.088368927598207,-0.03897147009396562,-0.06425948592411268,-0.10362257792754848,-0.11660777385159005,0.055099648300117376,-0.10499999999999998,-0.07432432432432434,inf,-0.012809379070777283,-0.08943089430894313,-0.02608695652173898,-0.03932962260688733
2004-03-27,0.010530260647180434,0.00958110317586347,-0.013134277584892384,-0.02992728519843868,0.0389128899708564,0.10879134262935719,1.5230110907344336,1.5230110907344336,1.6428571428571428,1.4666666666666668,0.5746448640213173,-0.49035290944973586,-1.390940041997105,-6.718321277126465,0.2318884192345576,0.0987573577501637,0.07894736842105265,0.05800000000000005,0.03111111111111109,0.04469273743016755,0.16119221411192197,inf,0.027930503628766257,0.0803571428571428,-0.0267857142857143,0.04074875843626646
2004-06-26,-0.0020573424629783954,-0.0026333447521557085,-0.028896569241096515,-0.03888821742419202,0.028520266376097947,-0.12283223485938044,-0.308980305285383,-0.308980305285383,-0.29729729729729726,-0.32432432432432434,-0.7949295487752808,0.5593905210876335,-0.7129224030037546,-1.3801840805243242,-0.07156515482604198,0.05238095238095242,0.021777003484320545,0.03402646502835527,0.0269396551724137,0.021390374331550666,-0.0738606600314301,inf,0.030808729139923052,0.037190082644628086,0.0,0.03774623761164797
2004-09-25,0.038447021926273806,0.05237946093392498,0.0449306025859586,0.06682388270873152,0.03147271471549118,0.05232860390016958,0.12633832976445403,0.12633832976445403,0.1153846153846152,0.1200000000000001,4.049722068346354,-0.44862263627109233,-3.3347865576748412,-3.608347077805665,0.2010553173801244,-0.0565610859728507,-0.040068201193520836,-0.031078610603290646,0.03462749213011551,-0.08376963350785338,-0.10972850678733026,inf,-0.006849315068493178,-0.011952191235059861,-0.01834862385321101,-0.013558922360431436
2004-12-25,0.05157549444948595,0.03325451461848816,0.05614932388680982,0.15597024908247992,0.04659129026905395,0.04255478988546191,-0.4425877748871545,-0.4425877748871545,-0.4482758620689654,-0.4285714285714286,-0.7205569719849598,0.990167282085711,19.87489302108457,-2.6094288683488482,-0.2694165932610415,-0.06294964028776973,-0.022202486678507993,-0.011320754716981019,0.04462474645030445,-0.09142857142857141,-0.05400254129606097,inf,-0.0045977011494252595,-0.0040322580645161255,-0.009345794392523366,-0.10613757246160282
2005-03-26,-0.044446637982868076,-0.056415054398799236,-0.10568678806524157,-0.13015719399608228,0.022897580178762533,0.06729457217320034,1.2998583880168337,1.2998583880168337,1.3125,1.3125,2.4670718665818363,-0.4097013823977961,-1.0714709006541063,-1.6265690019200414,0.22748375700965195,0.2859884836852207,-0.031789282470481406,-0.011450381679389388,0.013592233009708687,0.2264150943396226,0.27333781061114837,inf,0.0703338232206594,-0.0080971659919028,-0.004716981132075526,0.08477635889550039
2005-06-25,-0.003429641548488238,-7.820872257280342e-05,-0.0005893270597974176,-0.001947260202699419,-0.006160429598210171,-0.09150660929527765,-0.13189891421237032,-0.13189891421237032,-0.1351351351351351,-0.16216216216216217,-0.7944815576890791,0.5472122676889741,-0.7129224030037546,-1.3801840805243242,-0.07156515482604198,0.030348258706467623,0.03564727954971847,0.05212355212355213,-0.007662835249042099,0.01538461538461533,0.030590717299578074,inf,-0.0027461749705768312,0.044897959183673564,0.004739336492891155,0.001848998459167861
2005-09-24,-0.04623822250277643,-0.031573355099972944,0.009939867714654271,0.02893990824961601,-0.10055277857299383,0.03830142934770331,-1.4783364469175515,-1.4783364469175515,-1.46875,-1.4838709677419355,4.092062768342262,-0.4215382247701127,-3.3347865576748412,-3.608347077805665,0.2010553173801244,0.2848865282472235,-0.3813405797101449,-0.381651376146789,-0.07915057915057921,0.297979797979798,0.21596724667349032,inf,-0.05684500393391023,-0.39453125,0.023584905660377187,-0.05881267302368498
2005-12-31,-0.0077907266192785984,-0.01347767047323456,0.05000004688471393,0.055514368243641865,-0.07052828348670015,0.06476022789086433,-3.2193772059898498,-3.2193772059898498,-3.266666666666667,-3.2,-0.779607963109433,-4.151688083645942,48.99245312378433,-3.1228150241660115,-0.3527446340257854,0.05749718151071037,0.30746705710102495,0.29080118694362,-0.02935010482180289,0.14785992217898847,0.7163299663299663,inf,-0.06319082377476537,0.23870967741935467,0.04608294930875578,-0.06536374926465782
2006-04-01,-0.019164798045429032,-0.03831632418920683,0.02336019604060846,0.018631688655518452,-0.07131626108298672,0.025973750107888938,0.21892232699075898,0.21892232699075898,0.2941176470588234,0.303030303030303,3.533306248201378,-1.6679582146248813,-0.4210158539451221,-0.3382754422773072,-0.3633007535583912,0.22032693674484727,0.12094064949608052,0.0735632183908046,-0.04535637149028082,0.25762711864406773,-0.020843550760176632,inf,-0.05320569902048078,0.04166666666666674,0.026431718061673992,-0.05587803342891107
2006-07-01,0.03778841550020995,-0.014781711928497754,0.060960015451841265,0.07263789453257341,0.0024372314622995717,-0.08407186099536124,-0.08665174090944183,-0.08665174090944183,-0.045454545454545525,-0.04651162790697683,-0.19344575721818102,-0.254290516631281,-0.44565462814626855,-0.5836138598359115,-0.23759003852811433,0.2114152591729761,0.13486513486513507,0.07280513918629561,0.018099547511312153,0.2695417789757413,0.13248184322564494,inf,-0.034093581001645945,0.05499999999999994,0.02145922746781115,-0.0815555555555556
2006-09-30,0.03118521638904026,0.0252243751311807,0.06660488656817498,0.0793333911665024,-0.01942142764708421,0.10364710706179014,0.12639257518638103,0.12639257518638103,0.1428571428571428,0.14634146341463405,0.4290112596762843,-0.008600747375289153,-0.03452907405252337,-0.8831868390129259,-0.036402519408232026,-0.10456730769230771,0.6602112676056335,0.5768463073852297,-0.0022222222222221255,-0.12101910828025486,-0.1923927465723131,inf,-0.049172346640701026,0.5497630331753554,0.0126050420168069,-0.050084684248729805
2006-12-30,0.02439592874729768,0.003929147608565664,0.013801591455207873,0.020099546302151383,0.0387527673978143,-0.0036591841009825377,-0.0816680299266841,-0.0816680299266841,-0.04166666666666663,-0.10638297872340419,-0.8877970549642805,-0.2146361476264551,-0.4388707806198553,11.503782391759215,-0.47236443676958806,0.09476510067114097,0.04772004241781547,0.013924050632911467,0.060133630289532114,0.09661835748792269,-0.31900328587075577,inf,0.014080901177675464,0.024464831804281495,-0.008298755186721962,-0.01587705892341651
2007-03-31,0.024905763500928213,0.023295833997828863,0.013786623015196842,-0.014697330944497988,0.041912308509086005,0.0652011563792112,0.2565454010590311,0.2565454010590311,0.21739130434782616,0.30952380952380976,5.671055671055671,0.23151513832357495,-0.14841533380472038,-1.1327523620729605,0.1188462247626072,-0.11868563021088774,0.03188259109311731,0.017478152309613026,0.04201680672268915,-0.1674008810572688,-0.1648572577402494,inf,0.0166624589750064,0.029850746268656803,-0.012552301255230214,0.03856440341644385
2007-06-30,-0.013691912040847742,-0.03810675808253772,-0.037722385928967594,-0.06067368195150358,0.02223394789662092,-0.11285934141098297,-0.31338158690520324,-0.31338158690520324,-0.3035714285714286,-0.3090909090909092,-0.7310718861456422,-0.3242075309962089,-0.362499343107888,-4.465674391544653,-0.3681313022072531,-0.0656649972175849,-0.044139283962726816,-0.0392638036809817,0.022177419354838745,-0.10317460317460314,-0.1261434761675494,inf,0.0362552768810529,-0.03188405797101457,-0.004237288135593098,0.024007310184416042
2007-09-29,0.04788771192577279,0.048745742483441434,0.02761210807495229,0.03054830068733594,0.07624660037795272,0.0836579148744121,0.11276543350192259,0.11276543350192259,0.10256410256410242,0.13157894736842102,1.6011491847869825,0.10559420441468781,-0.7371197757810568,-1.9001021221828966,0.5244060475161987,-0.2724836212030971,-0.07234479220112877,-0.04980842911877392,0.07593688362919138,-0.28908554572271383,-0.2606060606060605,inf,0.027078840162952256,-0.0359281437125748,-0.017021276595744705,0.01768475703739769
2007-12-29,0.0446820269757251,0.045622595741208194,0.051439480412661,0.049676315653839564,0.03574404542995113,-0.01740199435332168,-0.8402049571020019,-0.8402049571020019,-0.8372093023255813,-0.8837209302325582,-1.2684825384253644,0.16322282280861522,-12.268171840702415,-0.441779863852538,0.19203152317455907,-0.26606631191158414,-0.2411504424778761,-0.2284946236559139,0.03574702108157668,-0.31950207468879677,-0.24962742175856922,inf,-0.008399440037330841,-0.2080745341614907,-0.025974025974025983,-0.0039059386209644442
2008-03-29,0.01330000248052099,-0.013346560042026945,-0.017353069375713792,-0.028333068766697944,0.0544570347916431,0.024590585754528105,2.6632044316608074,2.6632044316608074,2.571428571428571,4.0,-3.929914726895598,-0.18721465830172757,-1.5097650706012655,-2.153492775009049,-0.18582308458246988,-0.27105409927495816,-0.2499999999999999,-0.23170731707317072,0.05398230088495559,-0.29268292682926833,-0.07944389275074482,inf,0.040470588235294036,-0.2078431372549019,-0.026666666666666727,0.01544494238156191
2008-06-28,-0.004715048934782473,-0.034127614956621755,-0.008239916200590836,-0.011373854774900716,0.0030792356557836076,-0.09009148623037211,-1.0291102612944034,-1.0291102612944034,-1.04,-1.04,-0.9165257337035609,1.4576843685494465,-2.756043236161153,-0.39857591117547675,-0.1372655957338974,-0.040550879877582324,-0.3722060252672498,-0.36281179138321995,-0.004198152812762479,-0.09482758620689646,0.2189859762675297,inf,0.007914970601537785,-0.3465346534653465,-0.0273972602739726,-0.023012057687760934
2008-09-27,-0.01352334436764846,0.021297055130660603,0.008333553425502238,0.043365406193797584,-0.04132020599706787,0.014641589781954512,2.3456543456543457,2.3456543456543457,1.0,1.0,23.551451187335093,-0.7984271207146675,-0.8335820338730136,-10.550387285788819,1.51951700754117,-0.32456140350877183,-0.6160990712074303,-0.6156583629893237,-0.04047217537942649,-0.3238095238095239,0.04070796460176984,inf,-0.028270136863360995,-0.6060606060606061,-0.028169014084507116,-0.021134145357747824
2008-12-27,-0.2702694803580291,-0.1366080644969513,-0.04521363640258058,-0.1189292974168622,-0.564137183819974,-0.1058707325081325,228.7717229023589,228.7717229023589,280.0,280.0,-0.7314231979734398,-0.4272979797979798,-11.545580213703953,-2.0036223509982474,-0.6052831661488086,-0.5631641086186541,-22.677419354838708,-21.166666666666664,-0.5641476274165202,-0.5352112676056338,0.16496598639455784,inf,-0.4026783652736089,0.0,0.02898550724637694,-0.02010712814173876
2009-03-28,-0.07910271882793185,-0.07962626029380726,-0.08145051024345495,-0.13868031308459616,-0.07214791445027335,-0.013860772207642813,-0.9644323529851313,-0.9644323529851313,-0.9644128113879004,-0.9644128113879004,0.3969560557341907,-3.969663565412937,-0.5040441007145817,-1.0846295885340558,0.12977623679732897,-0.3567567567567568,0.32235863095238093,0.19375573921028466,-0.07258064516129037,0.45454545454545436,0.0,inf,0.007730962504831851,0.0,0.04694835680751175,0.06862332856782438
2009-06-27,0.08557053032106587,0.16977322068660494,0.032309674480504036,0.04386840319153884,0.23720718384078654,-0.12436904389842196,0.4993331993642558,0.5082116955004659,0.5499999999999998,0.5499999999999998,-0.9116744414436533,-0.5005864972011462,-3.3418958497035502,17.936918662180883,2.1752644111913706,0.39075630252100857,0.354058236038824,0.14500000000000002,-0.019565217391304346,0.5,0.0,inf,-0.09742999616417325,0.0,0.03139013452914785,0.12056346895411973
2009-09-26,-0.06862136010815245,-0.040797512888756104,0.0028017066562839865,0.006447341557036523,-0.23728358575270736,0.0726118136452818,3.849814796763817,4.0021197218924875,3.870967741935484,3.870967741935484,17.620801482511002,-1.5964025568604132,-1.0323295977940594,-0.6494449422996031,0.24015321007320445,0.5740181268882174,0.0,0.37319449109842107,-0.31042128603104213,0.6111111111111112,0.0,inf,-0.2609434764130897,0.0,0.0565217391304349,-0.04691340684036793
2009-12-26,-0.0030355318276226173,-0.0056365258036584764,0.009969203159385875,0.02195502683247197,-0.04325422763001319,0.012098215803673984,-0.8395137098840803,-0.8453161890232829,-0.8079470198675497,-0.8079470198675497,-0.8178725151145722,1.7718344965104684,-0.6264741956788376,-1.245856188886239,-0.04760956347797474,0.28790786948176583,-0.3840639933513401,-0.7057240704500978,-0.08038585209003213,0.8620689655172415,0.0,inf,-0.07533064979873494,0.0,0.00411522633744843,-0.02696927271387517
2010-03-27,-0.05225499381843335,-0.0690125685792069,-0.06596782099185328,-0.084801324435128,-0.009025832010040924,0.0019945496443896094,-1.4577404154730036,-1.312982357269212,-1.2413793103448276,-1.2413793103448276,0.7975478979543049,-0.502364980306818,0.6024248547613034,-1.1030980962774342,0.0051538268035362655,0.005961251862891315,-0.004216562658120981,-0.13133832086450548,-0.01748251748251739,0.09259259259259256,0.0,inf,0.040422885572139355,0.0,0.0,0.017190458159787925
2010-06-26,-0.026641920548476583,-0.03839363602376111,-0.01600654415619085,-0.01334074310733524,-0.05916469421557724,-0.12125606695377888,-1.544938440492476,-2.257790226579303,-2.2857142857142856,-2.2857142857142856,-1.3419272713455181,0.7614022406938923,0.6612547288776798,-26.12760952660982,-0.12883933188501717,0.01333333333333342,0.04556233062330617,-0.09377990430621996,-0.09252669039145911,0.029661016949152685,0.0,inf,-0.06156604901374774,0.0,0.0286885245901638,-0.025387135199523514
2010-09-25,0.03493899015388169,0.04955956306426357,0.026894651046332374,0.04715496321106527,0.0671474657061959,0.07417812722844253,-3.5890548512614533,-2.2742673082276217,-2.333333333333333,-2.333333333333333,-9.181863643940657,-0.40110386146333454,1.8468545402789638,-2.1804139996957606,0.17457600719922461,-0.38888888888888895,-0.9214320427668881,-0.9788806758183738,0.10196078431372557,-0.3251028806584363,0.0,inf,0.0643312101910829,0.0,0.0,0.0022916507524253227
2010-12-25,-0.021312108824654508,0.005058248357040274,-0.005034676158790163,0.0206477508855476,-0.07436914314387455,0.02145554204082667,-3.4042032287778157,-4.389901385594808,-4.333333333333334,-4.333333333333334,-0.8557545382311594,1.9436774127239715,-1.5328800453288003,-1.5079354064851254,-0.0754939098328169,0.16985645933014348,1.2783505154639174,3.8499999999999996,-0.10676156583629903,0.060975609756097615,0.0,inf,-0.0891681627767803,0.0,0.007968127490039834,-0.015242740644767938
2011-03-26,-0.013433602432859848,-0.04474788486701531,-0.02608996262384211,-0.05621894262506699,0.028862312465821827,0.003723245503272965,-0.9454140326467237,-0.8653453132767477,-0.875,-0.875,-5.454802259887006,-0.4121830010590878,-0.9622842131598699,1.600968012646617,-0.21239151014059454,0.11042944785276076,0.44705882352941173,0.7938144329896906,0.03984063745019917,0.24137931034482762,0.0,inf,0.05781865965834432,0.0,0.0,0.012150762324897535
2011-06-25,-0.03838220180641172,-0.04721986358959607,-0.04302871928521723,-0.058594772615984336,-0.023442836767197606,-0.08840314030461227,2.7151828592537863,1.004990770492924,1.1999999999999997,1.1999999999999997,-0.4358697949693511,-0.4364147543904805,-66.66500829187396,-0.0991888707970976,-0.24291845319876082,-0.2559852670349907,0.039399624765478425,0.06321839080459779,-0.04214559386973171,-0.28240740740740744,0.0,inf,0.003726708074534013,0.0,0.007905138339920903,0.012081358005811227
2011-09-24,-0.03795434581215695,-0.03447263601617934,-0.06401991515135241,-0.06048398135540711,0.04295942494855476,0.04671196074300199,-6.015014417818435,-4.125413441538514,-3.6363636363636362,-3.545454545454546,-4.147195473790701,-0.000948533286492137,0.47355793514496414,-1.6538583280578416,0.2097980783365183,-0.20049504950495045,-0.48856799037304444,-0.7081081081081081,0.06400000000000006,-0.16774193548387095,0.0,inf,0.10643564356435631,0.0,0.0235294117647058,0.02765185856754293
2011-12-31,0.019300605132585025,0.03129320728409746,0.025952025644376597,0.04665543043016185,0.0007805076385378751,0.04687004822794649,-0.7982591799508287,-0.8659815184542707,-0.6896551724137931,-0.8571428571428572,0.06954539231268342,0.7493494619874816,-0.9788163915882565,0.503611602991197,0.2607499801171762,-0.32198142414860687,-1.9694117647058822,-5.111111111111111,-0.011278195488721887,-0.3643410852713179,0.0,inf,-0.027404921700223683,0.0,0.019157088122605526,-0.014630201440964608
2012-03-31,-0.029601381703624363,-0.04215941507186971,-0.06693925756886054,-0.07596619578526709,0.07698781271906308,-0.032624899189984125,1.4325798525798525,2.3610387495929666,0.5555555555555558,2.5000000000000004,-1.5196355621848459,-1.6788212591460963,20.468446601941746,-1.6939565699955095,-0.1435250166029708,0.34703196347031984,0.875,0.6081081081081081,0.09125475285171114,0.36585365853658547,0.34598540145985424,inf,0.13743530764807366,0.9615384615384617,0.015037593984962516,0.03655897933298502
2012-06-30,-0.040686287937720556,-0.045742324062058026,-0.028228659049328364,-0.03571434234666615,-0.07141028728479748,-0.12728273964610948,-2.1591620709855968,-2.556930753021532,-2.642857142857143,-2.642857142857143,-0.5878969635302308,-1.5095054782351198,-0.7913698888260787,-0.1930482132174295,-0.13522609631445204,-0.07118644067796609,-0.3074433656957929,-0.22969187675070035,-0.1149825783972126,-0.1517857142857144,-0.5753796095444685,inf,-0.07482305358948438,-0.2941176470588236,0.0037037037037035425,-0.010364931980133885
2012-09-29,-0.001885623372632761,0.036395676598051985,0.011210345229866636,0.1069936245192078,-0.035778181801694786,0.07410127036675118,0.0790143250496671,0.08221714036807137,0.08695652173913038,0.08695652173913038,-6.612173822642687,-0.0993839358363362,0.19020953757225434,-3.978334215901354,0.46572694645345525,-0.2043795620437956,-2.0149532710280376,-1.44,-0.06692913385826771,-0.09473684210526312,0.210727969348659,inf,-0.06338797814207653,0.0,0.0,-0.06378645719688714
2012-12-29,0.015425649075281322,0.03719641253811323,0.02647366145420471,0.013093673017169793,-0.014573903524652043,-0.026058204938630092,-0.881839912139027,-0.748655952620533,-0.8,-0.8,-0.5589439365732122,0.9872870418172432,1.5075125208681137,-0.7395061289388529,0.08277054292595065,0.34403669724770647,0.40791896869244937,0.586776859504132,-0.021097046413502185,0.4418604651162792,0.0,inf,-0.037922987164527466,0.0,-0.014760147601476037,0.023772529521441932
2013-03-30,-0.05463577025809696,-0.07383752628709406,-0.06520893875112643,-0.09122332314092885,-0.024752777613418764,0.03641202397474408,-0.09034991798797154,-0.037803831855876435,0.19999999999999996,0.19999999999999996,-1.9862871302722624,-0.076148725442442,-1.3974700399467377,-3.3703270344585503,-0.1811955975677203,0.6211604095563139,0.6304774362328318,0.7656250000000002,-0.04310344827586188,0.6532258064516128,0.0,inf,0.01637355973317156,0.0,0.0037453183520599342,0.019122780391561678
2013-06-29,-0.0116260822803389,-0.008980781783741953,0.008304367338995533,0.026216998829684757,-0.06553153179600846,-0.11023264882682304,7.145154019534186,2.8264384213029006,2.8333333333333335,2.8333333333333335,-0.9967742965730894,0.3415114235500878,-7.132176031673519,-0.3639714351531905,-0.14074860312819182,-0.15157894736842104,0.0617729643000402,-0.008849557522123908,-0.11261261261261268,-0.11219512195121939,0.0,inf,-0.09486873508353222,0.0,0.00746268656716409,-0.034251675353686006
2013-09-28,-0.02556139786768208,0.08853453612663276,-0.03985100767127148,-0.04618688792992309,0.016227231506129147,0.08303457468910969,-3.9683060915765784,-3.063828134708587,-2.8260869565217392,-2.782608695652174,83.35973597359735,-17.98000838442593,8.340178793146263,-4.269855642365602,0.5356146242756195,0.07940446650124056,-1.1953154514544768,-1.7261904761904763,0.36548223350253806,0.2142857142857142,0.0,inf,0.40276862228081733,-0.5416666666666666,0.011111111111111072,0.14117193523515814
2013-12-28,1.0474991319282805,0.631908185489604,0.9986290426645206,0.6055421424591718,1.1814981750433313,0.33068990107839524,-1.746047234307023,-2.088814625811939,-1.7142857142857144,-1.7317073170731707,-1.5006455146512265,-0.3109315664160207,-0.388061010982934,-0.08986257150316868,0.317712120605844,0.19310344827586223,-2.7794970986460346,-1.1762295081967213,0.4423791821561338,-0.12669683257918551,6.820675105485232,inf,0.29652255639097747,0.0,-0.11721611721611713,0.016417809607458977
2014-03-29,-0.04895011368195801,-0.03434940855323021,-0.04963612614293711,-0.0687885010266941,-0.0472366556447803,0.24911315547958734,-0.09196177908846292,-0.2465142643836279,-0.30000000000000004,-0.30000000000000004,-6.782605298116746,-1.0179148462570289,-1.008689305203156,-1.3694527752423176,-0.08900523560209428,-0.09248554913294804,0.49891304347826093,4.186046511627907,-0.054123711340206215,-0.37305699481865284,0.0,inf,0.0,0.0,-0.02904564315352709,0.03702472746609953
2014-06-28,-0.019406553227394152,-0.015076560659599503,0.006283133712939426,0.037118706357956555,-0.08428358948934056,-0.11782269177767568,0.7431192660550459,0.7431192660550459,0.7142857142857142,0.7142857142857142,0.18918918918918926,-0.125,-6.5,0.15294117647058814,-0.11724137931034484,0.027600849256900206,0.3676577229876723,0.8385650224215246,-0.09264305177111709,0.09090909090909105,0.0,inf,-0.06922798115259154,0.0,-0.029914529914529808,-0.05031728735337482
2014-09-27,-0.027678187293847745,-0.022004305190145845,-0.024195121951219534,-0.02515946137491143,-0.03735787763941523,0.05935954178599334,-1.1526315789473685,-1.1526315789473685,-1.1388888888888888,-1.1388888888888888,-3.2386363636363638,-3.2857142857142856,-0.9090909090909091,-2.9693877551020407,0.25651041666666674,0.10950413223140498,0.1580063626723225,0.3414634146341462,-0.009009009009009028,0.21969696969696972,0.0,inf,0.02102803738317771,0.0,-0.022026431718061623,0.003239740820734305
2014-12-27,0.00943952802359882,0.031548055759354376,0.04439112177564497,0.05161759360232643,-0.08830146231721037,-0.058245269107888964,-3.896551724137931,-3.896551724137931,-3.8000000000000003,-3.8000000000000003,-0.3857868020304569,-2.8125,-26.0,-0.4507772020725389,0.10984455958549222,0.22532588454376157,-0.09340659340659341,-0.07090909090909092,-0.09999999999999987,0.2360248447204969,0.0,inf,-0.09687261632341715,0.0,0.04504504504504481,-0.019106566200215114
2015-03-28,-0.04324956165984806,-0.0495495495495496,-0.05686387133831128,-0.0877981334255099,0.0006169031462059937,0.011743215031315257,-1.5357142857142856,-1.5357142857142856,-1.5714285714285714,-1.5714285714285714,-1.3801652892561984,1.4137931034482758,-1.32,-2.3584905660377355,-0.134453781512605,0.30547112462006076,-0.407070707070707,-0.4227005870841487,0.0,0.4522613065326633,0.0,inf,0.04603040540540548,0.0,-0.008620689655172376,0.04190672153635089
2015-06-27,-0.028711056811240088,-0.032676477924669545,-0.030247665448639882,-0.04850322091701398,-0.02404438964241673,-0.11271601753933458,-2.2888888888888888,-2.2888888888888888,-2.375,-2.375,0.9347826086956521,-1.4428571428571428,-0.875,-0.5833333333333333,-0.06472491909385114,0.060535506402793926,-0.6490630323679727,-0.6508474576271186,-0.026936026936026924,0.0622837370242213,0.0,inf,0.004844570044408636,0.0,-0.004347826086956386,0.016654598117306296
2015-09-26,0.015566037735849081,0.03790613718411562,0.021352313167259718,0.056152927120669105,-0.0018951358180669953,0.07267441860465107,-1.103448275862069,-1.103448275862069,-1.0909090909090908,-1.0909090909090908,-2.5168539325842696,-1.903225806451613,7.0,-2.5166666666666666,0.10495963091118798,-0.14270032930845222,0.3786407766990292,0.34951456310679596,-0.0034602076124568004,-0.12052117263843642,0.0,inf,-0.01727601446364002,0.0,-0.013100436681222849,-0.017288267288267267
2015-12-26,-0.002631986375599915,0.008695652173912993,-0.008198401311744208,0.03431372549019618,0.014556962025316533,-0.05745257452574526,1.5,1.5,2.0,2.0,-0.06666666666666665,-0.75,0.0,0.2197802197802199,0.115866388308977,-0.15236875800256078,-1.0880281690140845,-1.0863309352517985,0.01388888888888884,-0.14814814814814825,0.0,inf,0.017170891251022002,-0.8181818181818182,-0.008849557522123686,-0.024774329577650467
2016-03-26,-0.06333436820863081,-0.08965517241379306,-0.09630088861334984,-0.15603353991979585,0.03618215845290074,0.018976423231742423,2.066666666666667,2.066666666666667,1.666666666666667,1.666666666666667,-2.1031746031746033,2.5714285714285716,2.25,-2.711711711711712,-0.17773620205799812,-0.09063444108761343,0.11999999999999988,0.16666666666666674,0.03424657534246589,-0.10434782608695647,7.119773401672511,inf,0.10651125401929251,0.0,0.0,0.07864333490980346
2016-06-25,0.023036128604574158,0.04031385281385291,-0.01372055796935745,-0.011231101511879005,0.11980734497290779,-0.09198645598194133,3.5652173913043477,3.5652173913043477,3.75,3.75,-3.064748201438849,-0.52,0.42307692307692313,-2.2526315789473683,0.2718998862343571,-0.07973421926910296,28.517857142857142,30.5,0.13245033112582782,-0.11165048543689315,-0.07973421926910296,inf,0.09444242644387946,32.16666666666667,-0.008928571428571397,0.05217663639210768
2016-09-24,-0.04730277012797668,-0.11573472041612487,-0.0651518664502666,0.014416775884665833,-0.005913978494623606,-0.11870727159726535,-0.7904761904761904,-0.7904761904761904,-0.7894736842105263,-0.7894736842105263,-0.3519163763066202,1.0,8.135135135135135,-1.7352941176470589,-0.15652951699463324,-0.371841155234657,0.09316394434361763,0.16553287981859421,0.023391812865497075,-0.4426229508196722,-0.9874368231046932,inf,0.04347826086956519,0.21105527638190957,-0.04054054054054068,-0.12828908203357547
2016-12-31,-0.05798333616731843,-0.12558823529411767,-0.08531746031746035,-0.1253229974160207,0.0016224986479178582,-0.4982369534555712,4.204545454545454,4.204545454545454,4.625,4.25,-0.8064516129032258,2.875,-0.7958579881656804,-0.22285714285714286,-0.14422057264050903,0.1839080459770115,0.6214720531267293,0.7431906614785992,0.028571428571428692,0.1568627450980391,0.03879310344827602,0.0,0.06329516539440205,0.991701244813278,-0.12206572769953039,-0.00034146008331625843
2017-04-01,-0.01895306859205781,-0.016481668348469536,-0.056127982646420826,-0.09108813392417525,0.05507559395248385,0.8805340829234012,-0.4934497816593887,-0.4934497816593887,-0.5111111111111111,-0.47619047619047616,1.8333333333333335,-0.23655913978494625,-0.4492753623188406,-0.9632352941176471,-0.006195786864931829,0.1043689320388348,0.08805460750853245,0.1607142857142856,0.04999999999999982,0.06779661016949157,-0.34439834024896265,0.6666666666666667,0.07538139395752319,0.22916666666666652,-0.05882352941176472,0.08211504303866657
2017-07-01,-0.004231830726770913,-0.004103967168262668,-0.012640045963803526,-0.010292524377031431,0.010747185261003045,-0.11696562032884905,-0.7931034482758621,-0.7931034482758621,-0.7727272727272727,-0.7727272727272727,-0.6666666666666667,-1.323943661971831,0.10526315789473695,-4.6,0.02244389027431426,0.13626373626373622,-0.32089084065244666,-0.2865384615384615,0.007936507936507908,0.08730158730158744,-0.008438818565400852,0.5999999999999999,0.015020862308762206,-0.24745762711864394,-0.051136363636363646,0.006250000000000089
2017-09-30,-0.0027716186252771946,-0.027472527472527486,-0.023858015711376246,0.016967706622879053,0.033924050632911484,0.10876005078290318,2.8333333333333335,2.8333333333333335,2.5999999999999996,2.4,7.294117647058824,-7.695652173913044,2.0238095238095237,-0.7777777777777778,0.004878048780487809,-0.011605415860734936,0.08868360277136267,0.14016172506738545,0.03937007874015741,-0.021897810218978075,0.41276595744680833,0.25,0.036996437380104163,0.144144144144144,0.0,-0.04372921764226123
2017-12-30,0.17157680192699654,0.013771186440677985,0.247391952309985,0.10118406889128084,0.038197845249755114,-0.014885496183206115,-1.5543478260869565,-1.5543478260869565,-1.5,-1.5294117647058822,-0.8581560283687943,4.837662337662338,-6.291338582677166,-48.0,-0.22815533980582525,-0.25440313111545987,-0.6202800169707254,-0.6205673758865249,-0.03535353535353536,-0.28358208955223885,-0.33283132530120485,0.19999999999999996,-0.1139006342494715,-0.6515748031496063,0.08982035928143728,-0.07938590736123863
2018-03-31,0.010596235963941103,0.01985370950888199,0.007168458781362075,0.029325513196480912,0.017452830188679158,0.09647423479271611,-1.803921568627451,-1.803921568627451,-1.777777777777778,-1.777777777777778,4.425,-0.9599555061179088,-1.0610119047619047,-1.7340425531914894,0.22169811320754707,-0.25459317585301844,-0.42905027932960893,-0.43925233644859807,0.01308900523560208,-0.22916666666666663,0.8306997742663658,0.25,0.006859528780196911,-0.423728813559322,-0.027472527472527486,-0.009193272519954276
2018-06-30,-0.004851330203442861,-0.004098360655737654,-0.002846975088967918,0.006647673314339908,-0.00046360686138158247,-0.07137809187279154,-0.6097560975609756,-0.6097560975609756,-0.5714285714285715,-0.5714285714285715,-0.7926267281105991,-0.9166666666666666,0.6097560975609757,-1.1956521739130435,-0.03474903474903479,-0.102112676056338,-0.09393346379647749,-0.11111111111111105,0.0051679586563306845,-0.108108108108108,0.5721331689272504,0.13333333333333353,0.004146919431279539,-0.0980392156862746,-0.016949152542372947,-0.010645184492555693
2018-09-29,0.01777008963673543,0.032235939643347145,0.017130620985010614,0.050943396226415194,0.019016697588126075,0.09855403348554037,2.75,2.75,2.666666666666667,2.666666666666667,5.7555555555555555,24.333333333333332,-0.21212121212121215,-7.555555555555555,0.236,0.14509803921568643,-0.3390928725701944,-0.35624999999999996,0.03341902313624656,0.13636363636363624,0.27215686274509787,0.17647058823529416,0.001474926253687503,-0.34782608695652173,-0.017241379310344862,-0.01781170483460559
2018-12-29,-0.04728059332509271,-0.10863787375415279,-0.054970760233918115,-0.019299820466786355,-0.032316795630405126,-0.07516453065465878,-1.2166666666666668,-1.2166666666666668,-1.1818181818181819,-1.1818181818181819,-0.7993421052631579,-0.10526315789473684,3.903846153846154,-2.5084745762711864,-0.28802588996763756,-0.023972602739726012,0.5751633986928104,0.592233009708738,-0.02238805970149238,-0.053333333333333344,0.464241676942047,0.04999999999999982,0.015611192930780504,0.5666666666666667,0.01754385964912286,-0.09111769059955588
2019-03-30,0.21164450210833596,0.305255311218785,0.32797029702970293,0.47963386727688784,-0.00940733772342428,0.03707865168539315,-1.6153846153846154,-1.6153846153846154,-1.5,-1.5,-0.016393442622950838,-0.23529411764705888,-0.7490196078431373,-0.797752808988764,-0.08181818181818179,0.10877192982456152,-0.3132780082987552,-0.3475609756097562,-0.0178117048346057,0.12676056338028174,-0.2997894736842106,0.1428571428571428,-0.18242459396751742,-0.3085106382978724,-0.04597701149425293,-0.11784347259548822
