Quarter end,Assets,Current Assets,Liabilities,Current Liabilities,Shareholders equity,Revenue,Earnings,Earnings available for common stockholders,EPS basic,EPS diluted,Cash from operating activities,Cash from investing activities,Cash from financing activities,Cash change during period,Cash at end of period,Price,ROE,ROA,Book value of equity per share,P/B ratio,P/E ratio,Cumulative dividends per share,Equity to assets ratio,Net margin,Asset turnover,Current ratio
1994-12-31,-0.004669520262382543,0.012843224092117023,-0.01308010641442503,-0.032258064516129004,0.020866053399147377,0.0007217610970768895,0.050561797752809,0.058064516129032295,0.04081632653061229,-0.26530612244897955,0.4385964912280702,-5.443037974683544,1.5990783410138247,-18.90909090909091,-0.0852713178294574,-0.008919722497522264,-0.11322248614410124,0.11787072243346008,0.030425963488843966,0.10837438423645329,0.23767798466593648,inf,0.03446295232624941,-0.08951406649616378,0.0,0.046593235208109984
1995-03-31,-0.004669520262382543,0.012843224092117023,-0.01308010641442503,-0.032258064516129004,0.020866053399147377,0.0007217610970768895,0.050561797752809,0.058064516129032295,0.04081632653061229,-0.26530612244897955,0.4385964912280702,-5.443037974683544,1.5990783410138247,-18.90909090909091,-0.0852713178294574,-0.008919722497522264,-0.11322248614410124,0.11787072243346008,0.030425963488843966,0.10837438423645329,0.23767798466593648,inf,0.03446295232624941,-0.08951406649616378,0.0,0.046593235208109984
1995-06-30,-0.015079586707623549,0.05378224748578919,-0.028079371022089128,0.04741784037558694,0.023076923076922995,0.0007217610970768895,0.050561797752809,0.058064516129032295,0.04081632653061229,-0.26530612244897955,0.4385964912280702,-5.443037974683544,1.5990783410138247,-18.90909090909091,1.6694915254237288,0.14100000000000001,-0.11322248614410124,0.11787072243346008,0.02952755905511828,0.10837438423645329,0.23767798466593648,0.9230769230769229,0.048306496390893905,-0.08951406649616378,0.0,0.00605383254167835
1995-09-30,-0.010717323504394694,-0.10373443983402486,-0.017950693374422233,-0.0887494397131331,0.009452201933404902,-0.05697800216372162,-0.25668449197860965,-0.2987804878048781,-0.2941176470588236,-0.26530612244897955,-0.4902439024390244,-1.8347578347578346,-0.799645390070922,-2.0,-0.6253968253968254,-0.014022787028922012,-0.11322248614410124,0.11787072243346008,0.01338432122370925,-0.04444444444444451,0.23767798466593648,0.52,0.024364406779660897,-0.08951406649616378,0.0,-0.01638585447139418
1995-12-31,0.021150980167373712,0.16620370370370363,0.03436102612379388,0.30693556320708315,-0.014683975313896536,-0.030592734225621365,-0.9496402877697842,-1.1391304347826088,-1.1388888888888888,0.0,1.8564593301435406,-0.6075085324232081,-0.2920353982300885,-3.0406091370558377,3.406779661016949,-0.03022222222222226,-0.11322248614410124,0.11787072243346008,-0.02264150943396226,-0.041860465116279055,0.23767798466593648,0.3157894736842106,-0.04084798345398133,-0.08951406649616378,0.0,-0.10767058823529407
1996-03-31,-0.01942183553185517,-0.16157205240174677,-0.02919984831247635,-0.19608581106511103,0.008423326133909281,0.0145956607495068,18.142857142857142,-7.9375,-7.999999999999999,-0.05555555555555547,-0.5108877721943048,0.9478260869565218,4.875,-2.0,-0.7730769230769231,0.07974335472043981,-0.11322248614410124,0.11787072243346008,0.011583011583011782,0.10194174757281549,0.23767798466593648,0.26,0.03180592991913733,-0.08951406649616378,0.0,0.042927961185528885
1996-06-30,0.001316618009044701,-0.025094696969697017,-0.011484374999999991,0.014513108614232273,0.03641036624544869,0.02021772939346822,0.35074626865671643,0.4234234234234233,0.40000000000000013,0.38235294117647034,0.5547945205479452,0.2321428571428572,-0.6106382978723404,-0.9875621890547264,-0.0423728813559322,0.0933786078098473,-0.02946428571428572,0.11787072243346008,0.03816793893129766,0.08370044052863435,0.23767798466593648,0.19047619047619047,0.04963427377220486,0.0,-0.01666666666666672,-0.03903721682847894
1996-09-30,-0.009032700663160309,-0.023312287518212682,-0.03066466450644112,-0.0027688047992616704,0.047530481504443056,0.09413109756097571,0.07182320441988943,0.08227848101265822,0.08163265306122458,0.06382978723404253,0.11013215859030834,-0.6123188405797102,1.0491803278688523,-5.4,0.19469026548672574,-0.08074534161490687,0.12235510579576814,0.11787072243346008,0.045955882352941124,-0.11382113821138207,-0.06460176991150446,0.17333333333333334,0.0751617720258837,0.12359550561797761,0.016949152542372836,-0.02062723637129027
1996-12-31,0.017307026652821023,0.08901044256588753,0.018671015083571163,0.14298935677926883,0.01400670743736443,-0.01393242772553116,-0.18041237113402064,-0.21052631578947367,-0.24528301886792447,-0.16000000000000003,0.4623015873015872,2.4766355140186915,-0.4106666666666666,5.545454545454546,1.0666666666666669,-0.026182432432432456,0.3073770491803278,0.29931972789115635,0.01581722319859402,-0.06880733944954143,-0.1343424787133396,0.13636363636363646,0.001388888888888662,0.32000000000000006,0.03333333333333344,-0.047281323877068515
1997-03-31,-0.005670863105364687,-0.0748858447488584,-0.014166800064030705,-0.08542510121457492,0.014980544747081659,-0.3228541151536559,0.12578616352201255,0.15555555555555545,0.17499999999999982,0.09523809523809534,-0.6282225237449118,-0.2983870967741935,-1.2262443438914028,-0.5625,0.22580645161290325,0.08152645273200365,0.039498432601880795,0.06544502617801062,0.01903114186851207,0.06403940886699533,-0.21202185792349726,0.1299999999999999,0.024503005085529272,0.14583333333333326,-0.048387096774193616,0.011617414843221319
1997-06-30,0.008098551385878894,0.03603158933859829,0.005926767881789363,0.015493581230632936,0.01322599194939622,0.12571726656233695,-0.11731843575418999,-0.13461538461538458,-0.12765957446808507,-0.15217391304347827,0.07299270072992692,0.28735632183908044,-0.38,-1.1746031746031746,-0.032163742690058506,-0.04490777866880513,-0.06031363088057906,-0.03439803439803435,-0.003395585738539819,-0.06481481481481488,-0.10679611650485432,0.10619469026548689,-0.008122743682310474,0.009917355371900971,-0.05084745762711851,0.02018062214293681
1997-09-30,-0.0059968318624122885,-0.08813720819437831,-0.014285714285714235,-0.06451612903225812,0.013431706394249066,-0.06997219647822062,-0.006329113924050667,0.007407407407407307,-0.024390243902438935,-0.02564102564102566,0.00340136054421758,0.02678571428571419,-4.580645161290322,13.636363636363637,-0.48640483383685795,0.0419815281276239,-0.0802310654685493,-0.055979643765903364,0.03236797274275971,0.044554455445544594,0.08850931677018625,0.10399999999999987,0.06278434940855315,0.032733224222585955,-0.0892857142857143,-0.02524590163934426
1997-12-31,-0.130221969265794,0.0010449320794148065,-0.09964791615491686,-0.12861136999068035,-0.19992533134216917,0.005979073243647326,-6.630573248407643,-7.654411764705882,-7.574999999999999,-7.921052631578947,0.8101694915254238,0.6318840579710145,-0.9369369369369369,-0.7763975155279503,-0.33529411764705885,0.1410153102336824,-1.8904396371249126,-1.6172506738544474,-0.2656765676567656,0.1090047393364928,0.22396576319543504,0.0869565217391306,-0.1292808219178082,0.0,-0.05882352941176472,0.14878349590761286
1998-03-31,0.08807747677005628,0.6858037578288101,0.14377955620225547,0.6903743315508022,-0.05482967802146521,-0.0629024269440317,-1.2002262443438914,-1.1911602209944752,-1.1901140684410647,-1.1863117870722433,-1.3595505617977528,1.9094138543516874,-282.7142857142857,-4.944444444444445,1.256637168141593,-0.02754237288135597,-0.027429467084639447,0.017467248908296984,0.14831460674157304,0.3205128205128205,0.0,0.08666666666666667,0.11061946902654873,0.0,0.0,-0.002732773765371732
1998-06-30,-0.06555208082751984,-0.12724458204334366,-0.06146139778961601,-0.06706738373932297,-0.07825228338681811,0.014799154334038,0.05084745762711873,0.046242774566473965,0.020000000000000018,0.0,-0.6458333333333333,-1.474969474969475,-1.4213995943204867,-1.852112676056338,-0.4745098039215686,-0.004357298474945481,-0.07171635777598717,-0.0386266094420602,-0.046966731898238745,-0.1326860841423947,0.0,0.07361963190184051,-0.019920318725099473,0.0,0.0,-0.06449403014288513
1998-09-30,-0.012485519371862486,0.0024831500532103146,0.004574720433751178,-0.027127839945744303,-0.06641671130155324,-0.04427083333333337,-0.7956989247311828,-0.8121546961325967,-0.803921568627451,-0.7959183673469388,-2.3823529411764706,-1.1786632390745502,-1.0348977135980746,-0.8677685950413223,-0.11940298507462688,-0.1808898614150255,0.32725694444444464,0.375,-0.045174537987679675,-0.13805970149253732,0.0,0.07428571428571429,-0.052845528455284674,0.0,0.02083333333333326,0.030442514907417006
1998-12-31,-0.005995828988529683,-0.010969568294409093,0.0026142688480350618,0.021610317183687666,-0.03528399311531838,-0.05504087193460494,-2.0,-2.235294117647059,-2.2,-2.2,1.6170212765957448,0.5611510791366907,-2.7586206896551726,0.375,-0.18644067796610164,-0.1317898486197685,-1.6690647482014387,-1.75,-0.03440860215053765,-0.09090909090909094,0.0,0.06382978723404253,-0.024320457796852657,-0.2567353407290016,-0.04081632653061229,-0.03187817258883252
1999-03-31,-0.0828743771308681,-0.39749552772808583,-0.09260661115316682,-0.5506653019447287,-0.04846862920011896,-0.20299884659746248,0.8421052631578947,0.7619047619047619,0.75,0.75,-0.7479674796747968,-7.046082949308755,16.627450980392158,-22.59090909090909,4.947916666666667,-0.1528205128205128,-0.6959921798631477,-0.6666666666666666,-0.053452115812917644,-0.12380952380952381,0.002913752913753065,0.06499999999999995,0.03323558162267837,-0.6929637526652452,-0.02127659574468077,0.34091862416107377
1999-06-30,0.021661424077781044,0.0439429928741093,0.03661475713756035,0.26119969627942297,-0.028750000000000053,0.2185238784370478,-1.1285714285714286,-1.0810810810810811,-1.0952380952380953,-1.0952380952380953,0.8870967741935485,-1.1471036585365852,-0.746384872080089,-1.6400000000000001,-0.532399299474606,0.22033898305084754,-1.8038585209003215,-1.5324675324675325,-0.030588235294117583,0.2880434782608696,3.5055200464846017,0.05633802816901423,-0.050141911069063405,0.0,-0.021739130434782594,-0.1722843512942832
1999-09-30,-0.010915961094395077,-0.1518771331058021,-0.023607261021192927,-0.05057194461167969,0.03474903474903468,0.2939429928741093,13.0,20.0,16.5,16.5,1.8205128205128207,-0.39896373056994816,0.44736842105263164,-0.618421052631579,-0.43445692883895126,0.0625,-1.212,-1.4634146341463414,0.06067961165048552,0.09704641350210963,0.0,0.057777777777777706,0.13296812749003983,-0.8402777777777778,0.06666666666666665,-0.10667044595616026
1999-12-31,-0.0007074637424832053,0.13212608987256869,-0.052110999175748685,0.24730500951173107,0.09546019900497504,0.5172097292335933,2.0396825396825395,2.0476190476190474,1.9714285714285715,1.9714285714285715,0.6212121212121211,-6.068965517241379,2.212121212121212,-1.543103448275862,0.4172185430463575,0.029878618113912125,25.547169811320753,15.684210526315788,0.09610983981693355,-0.03076923076923077,6.112458086149084,0.050420168067226934,0.09626373626373619,21.47826086956522,0.25,-0.09233209941829723
2000-03-31,0.01543362831858408,-0.08353080568720384,0.0006763285024153909,-0.061514997458057996,0.05648594947487928,-0.2189957652752571,-0.2924281984334204,-0.29166666666666663,-0.28846153846153855,-0.28846153846153855,-0.3495327102803738,-1.8282312925170068,-1.05,-2.365079365079365,-0.4018691588785047,-0.13508612873980053,0.6801705756929639,0.750788643533123,0.05427974947807934,-0.21031746031746035,-0.9711695376246601,0.052000000000000046,0.040497193263833164,0.5628626692456478,0.1499999999999999,-0.023537636914472193
2000-06-30,0.3634525552534338,0.2792501616031027,0.2633001834508062,0.23347778981581802,0.12896292315959168,0.44616576297443844,1.0811808118081179,1.073529411764706,1.0675675675675675,1.0675675675675675,0.6494252873563218,4.457905544147844,37.735849056603776,-0.6395348837209303,-0.2421875,0.15932914046121605,0.553299492385787,0.5585585585585584,0.12871287128712883,0.10050251256281406,-0.3528301886792453,0.04562737642585546,-0.17186897880539498,0.41212871287128716,0.10144927536231885,0.03711217183770876
2000-09-30,0.011147473921047313,0.16169782718544723,-0.007948639559767656,0.1664470794905577,0.07615421227986663,0.07712908409212638,-0.2872340425531915,-0.2872340425531915,-0.2875816993464052,-0.2875816993464052,0.3519163763066202,-1.0530474040632054,-1.3633706770579639,-6.516129032258065,1.7628865979381443,-0.024412296564195413,0.1064814814814814,0.10520231213872844,0.0736842105263158,-0.136986301369863,-0.4266277939747327,0.04727272727272713,0.06421591437878083,0.04206836108676604,0.05263157894736836,-0.0040271545276722165
2000-12-31,-0.018205724688985514,-0.10091344062635932,-0.04661016949152541,0.031626506024096335,0.05572755417956654,-0.19542516161113876,-0.17164179104477617,-0.17164179104477617,-0.17431192660550465,-0.17431192660550465,-0.09407216494845361,-1.6595744680851063,0.046916890080428875,-2.0,-0.6380597014925373,0.039851714550509953,-0.1018951513659857,-0.10146443514644354,0.05392156862745101,-0.03174603174603163,-0.13559322033898313,0.04166666666666674,0.07520769567118513,-0.02691337258200177,-0.07500000000000007,-0.1284658040665435
2001-03-31,0.024157824250540916,0.11998064828253518,0.009050505050504976,0.019343065693430583,0.07708420611646427,0.3828800988875154,0.45345345345345356,0.45345345345345356,0.4555555555555555,0.4444444444444444,0.16785206258890462,2.21505376344086,-0.5902688860435339,-2.181286549707602,2.082474226804124,0.08110516934046341,0.04850644012058103,0.055878928987194376,0.07596899224806197,0.027322404371584508,0.11568627450980418,0.043333333333333224,0.05164701098007307,-0.0034572169403629394,0.06756756756756754,0.09875397667020147
2001-06-30,-0.019966805814012,-0.13866090712742984,-0.06550812845359177,-0.1618331543143573,0.08809801633605607,-0.1407821229050279,-0.022727272727272707,-0.022727272727272707,-0.03053435114503822,-0.03076923076923077,-0.4056029232643118,0.17391304347826098,-0.14687499999999998,-1.6732673267326734,-0.4548494983277592,0.1434460016488044,-0.11709357030841616,-0.04961411245865499,0.07925072046109505,0.06382978723404253,0.012302284710017375,0.03833865814696491,0.11020881670533655,-0.05810928013876837,0.0,0.027626975509711604
2001-09-30,-0.037103561531355855,0.10280842527582745,-0.08544005484617367,0.0756087142246904,0.04789991063449506,-0.1383615084525358,-0.06131078224101483,-0.06131078224101483,-0.06299212598425208,-0.0634920634920636,0.9569672131147542,-2.170940170940171,2.5164835164835164,-3.985294117647059,2.4907975460122698,-0.09084354722422494,-0.039372409709887424,0.037122969837587005,0.04806408544726293,-0.16000000000000003,-0.03819444444444442,0.040000000000000036,0.08847091605712287,0.07366482504604055,-0.025316455696202556,0.02524066682319792
2001-12-31,-0.04865959601343073,-0.3256025466120964,-0.0637181409295352,-0.2494042891183479,-0.03905850247313658,-0.24750980984002413,-1.5563063063063063,-1.5563063063063063,-1.5546218487394958,-1.5593220338983051,-0.593717277486911,-2.2092457420924574,-0.728125,-1.9113300492610836,-0.6502636203866432,0.0007930214115781098,-0.360246533127889,-0.31991051454138697,-0.042038216560509545,-0.04166666666666652,-0.01805054151624541,0.035502958579881616,0.009919999999999929,-0.29931389365351635,-0.038961038961038974,-0.10145425397915953
2002-03-31,-0.007619047619047636,0.08428860418071471,-0.008106485188150492,-0.02804232804232809,-0.009762158324458592,-0.3890894504612916,-1.1012145748987854,-1.1012145748987854,-1.106060606060606,-1.106060606060606,-0.4639175257731959,-0.5975855130784709,-0.5708812260536398,-0.7189189189189189,-0.5226130653266332,0.059429477020602306,-0.40944123314065517,-0.3799342105263158,-0.010638297872340274,0.10559006211180111,0.5955882352941175,0.037142857142857144,-0.002217997465145727,-0.23867809057527534,-0.17567567567567566,0.11545813686759265
2002-06-30,-0.06960596138647401,0.17164179104477606,0.04833013823024923,0.2286336418072945,0.045348628786520795,0.22586999343401182,8.6,8.6,8.142857142857142,8.0,2.5625,0.5349999999999999,-0.1160714285714286,-4.221153846153847,3.526315789473684,0.10022438294689606,-0.34176182707993485,-0.3076923076923076,0.04166666666666652,0.1123595505617978,0.8317972350230416,0.03305785123966953,0.12384884090187365,-0.19292604501607713,-0.14754098360655732,-0.04638409688106937
2002-09-30,-0.008615982039924752,-0.005307855626326963,-0.031953801732435005,0.01905183872396976,0.03240740740740744,0.05141938939475099,0.675,0.675,0.671875,0.6825396825396826,-0.21592442645074228,0.273615635179153,2.242424242424242,-1.391044776119403,-0.3069767441860465,-0.09789259007477913,-0.09789343246592308,-0.05747126436781613,0.030967741935483906,-0.13636363636363635,0.3679245283018868,0.03466666666666662,0.04125459169256862,0.06573705179282863,-0.11538461538461542,-0.02384090092248714
2002-12-31,0.012791480506763042,-0.0005336179295624133,-0.016007158480811245,-0.02826086956521734,0.049327354260089606,0.08914926133469181,-0.1990049751243781,-0.1990049751243781,-0.20560747663551404,-0.21698113207547176,-0.018932874354561147,1.0409207161125318,-1.236760124610592,0.16030534351145032,-0.5100671140939597,0.07761868877166545,1.2884615384615383,1.3983739837398375,0.04630788485607007,0.04678362573099415,0.1954022988505748,0.030927835051546504,0.03609226594301207,1.4672897196261685,-0.021739130434782594,0.028473244968090228
2003-03-31,0.023507372492143963,0.09076348104644949,0.0037385066181672144,-0.0434004474272931,0.05603038936372262,0.12488306828811968,0.009316770186335477,0.009316770186335477,0.0117647058823529,0.024096385542168752,0.1824561403508771,-0.46616541353383456,-4.2631578947368425,-1.0,0.0,0.012587412587412583,0.24549819927971184,0.31864406779661003,0.052631578947368585,-0.033519553072625774,-0.5700000000000001,0.03249999999999997,0.03169198533263495,0.165909090909091,0.1333333333333333,0.14033412887828178
2003-06-30,0.014288244671429418,-0.12432697014194816,-0.01358969196698212,-0.08746492048643595,0.05725419664268583,-0.04158004158004158,0.15076923076923077,0.15076923076923077,0.13953488372093026,0.14117647058823524,0.17507418397626107,0.6431924882629108,-0.5040322580645161,-inf,-0.21232876712328763,0.10428176795580102,0.05253012048192773,0.09254498714652981,0.04659090909090913,0.052023121387283267,-0.15116279069767435,0.03147699757869238,0.04239654734704246,0.04938271604938271,0.03921568627450989,-0.040393470071159454
2003-09-30,0.030676989347459216,0.2705422023476802,0.009082559444841376,0.005125576627370565,0.0625177204423022,0.019088937093275415,0.19251336898395732,0.19251336898395732,0.18367346938775508,0.1752577319587627,0.005050505050504972,-0.5314285714285714,-0.5609756097560976,-14.35483870967742,3.5999999999999996,0.039399624765478425,-0.024267399267399292,0.00941176470588223,0.05646036916395225,-0.01098901098901095,-0.05584826132771337,0.030516431924882514,0.030930345835362916,-0.012383900928792602,0.018867924528301883,0.2640130861504908
2003-12-31,0.026092849881396152,0.08842938847338311,0.003944174757281482,0.2881183069862314,0.05790527018012015,0.016602809706258048,-0.1434977578475336,-0.1434977578475336,-0.1637931034482758,-0.1929824561403508,0.0201005025125629,0.728658536585366,0.6851851851851851,-0.6280193236714976,0.29111531190926265,0.16847172081829132,-0.01689347724073209,0.0174825174825175,0.04933196300102782,0.11111111111111116,0.1439732142857142,0.029612756264236983,0.030947318686510794,0.013166144200627006,0.0,-0.15503407816409276
2004-03-31,0.02741083223249663,-0.0008084074373484462,-0.005036768409388492,-0.0035629453681710332,0.06747383024341036,0.09003350083752104,0.2748691099476439,0.2748691099476439,0.27835051546391765,0.3369565217391304,0.18842364532019706,0.25396825396825395,4.131868131868132,-2.383116883116883,-0.31185944363103957,0.1483007209062821,0.042004773269689766,0.07903780068728516,0.05974534769833495,0.09000000000000008,0.12097560975609767,0.030973451327433787,0.03895508707607709,0.08353960396039617,0.0,0.002756789871349641
2004-06-30,0.036376299153541236,0.19741100323624594,0.012250683405892415,0.08224076281287251,0.06403591682419663,0.06377257011141002,0.19301848049281323,0.19301848049281323,0.19354838709677424,0.1869918699186992,-0.49015544041450776,-0.3234880450070323,-0.7901498929336188,-0.5915492957746479,-0.1851063829787234,0.045291479820627645,0.056344480073293735,0.08917197452229297,0.06284658040665425,-0.013761467889908396,-0.047867711053089734,0.027896995708154515,0.026687251874724316,0.07138777841233579,0.0185185185185186,0.10640464311169939
2004-09-30,0.05329542517446373,0.285472972972973,0.025705141028205647,0.052129221732746034,0.08572063069065061,0.10762007945106533,0.30464716006884673,0.30464716006884673,0.29054054054054057,0.28767123287671237,1.548780487804878,-0.062370062370062374,0.9183673469387754,-8.068965517241379,1.6057441253263707,0.11754611754611766,0.08889852558542932,0.12475633528265107,0.07739130434782604,0.05581395348837215,0.002742230347349217,0.029227557411273475,0.03093447905477964,0.08688699360341157,0.036363636363636154,0.22179274802135085
2004-12-31,0.049813506085590875,0.16452036793692515,0.0252559726962458,0.1943475226796929,0.07895275107383926,0.0022823606129769303,-0.02110817941952503,-0.02110817941952503,-0.04712041884816742,-0.07978723404255317,-0.06937799043062198,0.43015521064301554,-0.6223404255319149,-0.2666666666666667,0.4519038076152304,0.10057581573896357,0.08243727598566308,0.11611785095320615,0.07183212267958017,0.017621145374449254,-0.04831358249772111,0.028397565922920975,0.027714107105647035,0.09416380578715056,0.01754385964912286,-0.02493220849653499
2005-03-31,0.04141928848581178,0.05032723990069954,0.01664447403462055,-0.024247735904177614,0.0654976303317536,0.08653220559531549,0.14016172506738545,0.14016172506738545,0.15934065934065922,0.20231213872832376,0.05741216795201365,0.31162790697674425,5.971830985915493,-1.237250554323725,-0.24637681159420288,0.12556679455877218,0.06181015452538641,0.09006211180124213,0.0625,0.051948051948051965,-0.019157088122605304,0.03155818540433919,0.02311435523114369,0.07082025997310626,0.01724137931034475,0.07640015449980697
2005-06-30,0.07554877227633883,-0.03094112591319298,0.01861727009074743,0.14281437125748497,0.13032648340894948,0.10598802395209583,0.8156028368794326,0.8156028368794326,0.8104265402843602,0.8173076923076921,-0.09319286871961097,0.7848699763593381,-0.8565656565656565,3.3177570093457946,-0.42307692307692313,0.12364425162689785,0.21517671517671522,0.2564102564102564,0.1261516654854713,0.057613168724279795,-0.009765625,0.028680688336520044,0.0509314308363058,0.2331519464210965,0.016949152542372836,-0.1520022965408354
2005-09-30,0.04745409015025048,0.306430155210643,-0.0027553269654665424,0.197013361278491,0.09467967889186202,0.30860855441256096,0.13736979166666674,0.13736979166666674,0.13089005235602102,0.12433862433862441,0.260053619302949,-0.909933774834437,5.943661971830986,-2.6904761904761907,1.2396825396825397,0.15306122448979598,0.1477045908183634,0.19104308390022684,0.08873505349276267,0.023346303501945442,-0.1291913214990138,0.029739776951672958,0.04506882896473696,0.10658520027155483,0.06666666666666665,0.09140148950575488
2005-12-31,0.04028369924692199,0.11575016972165653,-0.011235955056179803,-0.06325235281243158,0.08073908979797251,-0.09164253206454287,-0.34058385804235836,-0.34058385804235836,-0.36111111111111116,-0.39764705882352935,0.1163120567375886,3.9191176470588234,-0.7423935091277891,-0.003841229193341844,0.5513819985825656,-0.06936139679502529,-0.0077018633540373305,0.03188957639219403,0.07976878612716765,-0.14448669201520914,-0.2559456398640997,0.032490974729241895,0.0389750992421507,-0.0036809815950921143,0.046875,0.19106699751861034
2006-03-31,0.23333844032480466,0.22938850015211432,0.2944299552906111,0.32126168224299056,0.19391963810537516,0.05374629924846275,0.06684027777777768,0.06684027777777768,0.050724637681159424,0.1171875,0.2839898348157561,2.1838565022421523,1.173228346456693,-1.4948586118251928,-0.1758793969849246,0.15574402467232074,-0.04807210816224339,-0.026752767527675303,0.12152034261241962,0.07111111111111112,0.08066971080669694,0.03146853146853168,-0.03195554011809654,-0.006157635467980316,-0.02985074626865669,-0.06953125000000004
2006-06-30,-0.03220496894409941,-0.18980450383568426,-0.07584370727495138,-0.14659593280282934,0.0008357942831671572,0.013399610979036192,-0.30268510984540276,-0.30268510984540276,-0.3137931034482758,-0.31118881118881114,-0.4661058881741712,-0.9854460093896713,4.416666666666667,0.1610389610389611,-0.24833702882483366,0.10117856348676901,-0.19121514992109412,-0.17535545023696686,0.014319809069212486,-0.020746887966805128,0.03661971830985933,0.03050847457627115,0.03408683171869398,-0.1669764560099133,0.0,-0.05065771060733282
2006-09-30,0.017264063151814613,-0.09254734270006104,-0.02771938020711673,-0.06879403232490677,0.04988308651597828,-0.018340797611431037,0.36289381563593937,0.36289381563593937,-0.3115577889447235,-0.30964467005076135,0.5829471733086191,45.38709677419355,-0.7244147157190635,-0.6823266219239373,-0.10471976401179939,0.0042407108239093105,-0.17886178861788615,-0.16436781609195394,0.05505882352941183,-0.008474576271186418,0.1603260869565215,0.03618421052631571,0.03209576682859128,-0.10524358497582731,-0.07692307692307698,-0.025501179245282946
2006-12-31,0.020630264029525947,0.010770784247728038,0.027468567310002356,0.05117935024477083,0.017287093010923682,-0.07864436237236583,-0.20547945205479456,-0.20547945205479456,-0.26277372262773724,-0.28676470588235303,-0.0954332552693209,-0.454798331015299,0.5436893203883495,-1.880281690140845,0.10296540362438211,-0.03317916750452443,-0.10415841584158414,-0.09697386519944984,0.02096342551293473,-0.08547008547008539,0.11358313817330212,0.0349206349206348,-0.00336190956463267,-0.04280964256026598,-0.050000000000000044,-0.0384208137951898
2007-03-31,0.016318961520630504,0.05261405261405261,-0.04091971940763839,0.11240474174428461,0.05384695579649712,0.10917236500825278,0.3060344827586208,0.3060344827586208,0.4257425742574257,0.4742268041237112,0.049838187702265335,-0.5408163265306123,1.058176100628931,-1.376,-0.03510082150858851,-0.03785357737104822,-0.03359858532272331,-0.009139375476009182,0.05941459152468331,-0.05607476635514019,0.025236593059936974,0.033742331288343586,0.0369370888851408,-0.008250108554059943,0.0,-0.053798961774421894
2007-06-30,0.023994161116686508,0.0819360961720974,-0.009914668833807427,-0.020171265461465304,0.0442202107137557,0.015306122448979664,0.16501650165016502,0.16501650165016502,0.16666666666666674,0.1748251748251748,-0.18249075215782984,0.3138888888888889,-0.5110771581359816,-5.531914893617022,0.164860681114551,0.17596195417207094,0.08828911253430927,0.1114527286702538,0.04783505154639167,0.10891089108910901,0.17538461538461547,0.03264094955489605,0.019843851659076206,0.1278458844133099,-0.01754385964912264,0.10423940149625932
2007-09-30,0.010394392967450594,0.0019005847953217359,-0.01370762537962733,-0.03612351912992817,0.037421249585524174,0.05841708542713575,-0.062322946175637384,-0.062322946175637384,-0.05357142857142849,-0.05952380952380942,0.03770739064856721,0.9957716701902748,-0.24687499999999996,-1.2347417840375587,-0.03322259136212624,0.07095588235294126,-0.0050441361916772065,0.014522821576763434,0.04014167650531286,0.02232142857142838,-0.06544502617801051,0.03591954022988508,0.0266347687400319,0.008152173913043459,0.0,0.039445950015055686
2007-12-31,0.073393686438187,0.25419524295928797,0.1369007989347537,0.2625428168446504,0.042098534313501634,0.08367952522255195,0.09667673716012093,0.09667673716012093,0.08805031446540879,0.07594936708860756,0.7979651162790697,0.4311440677966101,0.27385892116182564,-11.18,0.34982817869415817,0.22330930312392727,0.06041402619349401,0.0743012951601909,0.049943246311010325,0.17903930131004375,0.17553688141923418,0.03467406380027738,-0.02905080006214078,0.03889102810935685,0.03571428571428559,-0.006590382387022142
2008-03-31,0.05386237301130925,0.02164048865619539,0.06229412195300488,0.12208745611235239,0.049073303246724764,0.10879883169039806,0.2713498622589532,0.2713498622589532,0.2947976878612719,0.31176470588235294,0.08609539207760708,0.8845299777942266,-0.006514657980456029,-1.9214145383104126,-0.23879837067209775,-0.0070155745755577925,0.07091633466135461,0.07296954314720816,0.051171171171171315,-0.05555555555555569,-0.11993645750595705,0.03351206434316345,-0.0046399999999999775,0.045959970348406376,0.034482758620689724,-0.08952394838521549
2008-06-30,0.07685911760120567,0.15305773829859914,0.12038313120176403,0.17252168966007675,0.05011903270266882,0.18867303259795842,0.24431202600216695,0.24431202600216695,0.24999999999999978,0.24663677130044825,-0.1276516561220692,-0.32207384131971717,-0.004918032786885296,-1.023454157782516,0.0073578595317724815,0.21718242193019655,0.09747023809523814,0.08752217622708458,0.05485087418580736,0.15686274509803932,0.08122743682310474,0.04150453955901412,-0.024754862562288982,0.029057406094967986,0.050000000000000044,-0.016574585635359074
2008-09-30,0.02762764211948654,-0.049876543209876556,-0.03923980564610374,-0.02183406113537123,0.07135186731893572,-0.013988919667590083,-0.011319111885067512,-0.011319111885067512,-0.0035714285714284477,0.0,0.3246587030716723,0.3314020857473927,0.41845140032948924,-5.909090909090909,-0.03585657370517925,-0.09194334803807758,0.07898305084745783,0.07558455682436094,0.08092297692557682,-0.13898305084745766,-0.21202003338898168,0.03985056039850554,0.042525135981539286,0.046143250688705395,0.031746031746031855,-0.028659827389675874
2008-12-31,-0.024701213928479238,-0.2544698544698545,-0.09019909096728762,-0.23933531746031744,0.013475888183539286,-0.4287118977384464,-0.8049317481285777,-0.8049317481285777,-0.8100358422939068,-0.8237410071942446,-0.1896940418679549,0.2563098346388164,-1.8083623693379791,-7.018518518518518,0.22382920110192828,-0.29659933520838655,-0.1658812441093308,-0.1547017189079879,0.012928442573661991,-0.3503937007874016,-0.385593220338983,0.0383233532934133,0.03905138339920966,-0.07801184990125076,-0.07692307692307698,-0.019949706621961494
2009-03-31,-0.02207670269879869,-0.17233686558839934,-0.07704756543765834,-0.12536680795565702,0.00619047619047608,-0.23702975165969997,-0.16930022573363435,-0.16930022573363435,-0.15094339622641506,-0.08163265306122447,-0.6899841017488076,-0.5957741600277104,-1.3793103448275863,-3.003076923076923,-0.3663477771525042,0.013267902580879731,-0.24143126177024488,-0.2254784688995215,0.005936479667557171,0.0,0.16034482758620694,0.03690888119953861,0.02891052951917228,-0.10710460549803646,-0.1333333333333333,-0.05371193978788913
2009-06-30,0.029911373707533162,0.12163072776280326,0.06335290081573541,0.00857409133271192,0.012996468746587109,0.18820496293909117,0.8532608695652173,0.8532608695652173,0.8666666666666665,0.8666666666666665,0.8217948717948718,0.09254498714652959,-2.8295454545454546,-1.966205837173579,0.558614564831261,0.1042152466367714,-0.3172790466732869,-0.30193050193050197,0.012688108586603741,0.10303030303030303,0.4071322436849927,0.03670745272525022,-0.016415261756876687,-0.1627349060375849,-0.17307692307692313,0.11216558206796812
2009-09-30,0.009059400023903486,0.05136677680985291,-0.01821049612847725,-0.056366660506375954,0.022712570976784363,0.11310008136696492,0.3592375366568914,0.3592375366568914,0.357142857142857,0.357142857142857,0.15552427867698793,-0.3678431372549019,-3.0351966873706004,-1.2337042925278219,-0.0837606837606838,0.1229694606887588,-0.3658181818181818,-0.35619469026548667,0.021561771561771526,0.10439560439560425,0.600844772967265,0.03540772532188852,0.013531799729364025,-0.227316141356256,-0.16279069767441867,0.11409995936611139
2009-12-31,0.04773297958023415,0.15514285714285725,0.10048196290346145,0.19310614962788875,0.021891910886218335,0.09868421052631571,0.011866235167206085,0.011866235167206085,0.01754385964912286,0.00877192982456143,0.19975639464068218,1.5794044665012406,-0.7263479145473042,1.5714285714285716,-0.2350746268656716,0.149573267756401,0.18463302752293576,0.18556701030927836,0.02167712492869356,0.12935323383084585,0.7955145118733509,0.03419689119170988,-0.024625426494585434,0.1693448702101361,0.0,-0.0318039244292071
2010-03-31,0.02943769924710038,0.12391788276032645,0.028135368281353657,0.057124097176625144,0.029366252879887256,0.05810601020181849,0.13432835820895517,0.13432835820895517,0.1293103448275863,0.13913043478260878,0.12182741116751261,-0.49302549302549303,0.8252788104089219,-2.7592592592592595,0.5406504065040652,0.010192525481313774,0.21297192642787977,0.20434782608695623,0.029034059184812833,-0.013215859030836885,-0.17634092578986027,0.03306613226452915,0.0,0.11786469344608874,0.08333333333333348,0.06321102991034433
2010-06-30,0.015989106323164526,0.011113556338028241,-0.009487543565251055,-0.05869565217391304,0.028829129781192675,-0.0020959966464053625,-0.0009398496240601295,-0.001879699248120259,0.0,0.0,-0.06470588235294117,0.22865275142315,-0.2973523421588594,-0.35789473684210527,0.22532981530343,0.04098156452416535,0.07741420590582604,0.07821901323706393,0.028757460661964274,0.013392857142856984,-0.16057091882247998,0.036857419980601325,0.012623574144486671,0.04018912529550822,0.0512820512820511,0.07412131519274379
2010-09-30,0.026892064246957448,-0.029056480574600085,0.020329706131491543,0.038931045859452285,0.029547373206052274,0.02835538752362954,0.12041392285983066,0.11958568738229758,0.11450381679389299,0.11450381679389299,0.1272375423318819,0.718146718146718,-0.07826086956521738,-1.4988290398126463,-0.09173126614987082,-0.07167643891348563,0.03703703703703698,0.03571428571428559,0.029008438818565407,-0.09691629955947145,-0.16046758767268865,0.035547240411599734,0.0025533193151097144,0.020909090909090766,0.0,-0.06544398997229184
2010-12-31,0.10376186767151552,0.4636852723604572,0.27389999361389616,0.24245792315020642,0.02447331903620542,-0.05698529411764708,0.017632241813602123,0.019343986543313818,0.020547945205479534,0.013698630136986356,0.176824034334764,1.0242696629213484,-8.034591194968552,-3.2300469483568075,0.22238027501185398,0.1450116009280742,0.03571428571428559,0.018318965517241548,0.024090210148641766,0.11219512195121961,0.07468354430379742,0.03432700993676585,-0.07191011235955047,0.058325912733748986,-0.024390243902438935,0.17810249894112662
2011-03-31,0.031145102227647214,-0.18898843709319246,0.023009825546420615,0.20012779552715654,0.0361408693510652,0.24019926359107635,0.278052805280528,0.2755775577557755,0.27516778523489926,0.28378378378378377,-0.18964259664478478,-0.6134547069271759,-1.4286991506481894,-2.0063157894736845,-0.18541505042668738,0.13036136440391766,0.07379310344827594,0.060317460317460325,0.03628628628628627,0.10087719298245612,0.06360424028268552,0.04017467248908302,0.004842615012106588,0.05384938998737909,0.0,-0.3242255377793757
2011-06-30,0.009803014889484984,-0.06118402417146629,-0.04763071495075222,-0.13821744223192423,0.04462534909976834,0.07806496681802311,0.17301484828921887,0.17335058214747745,0.17368421052631589,0.17368421052631589,0.5040504050405041,0.4646754738655945,-0.06360792492179357,-0.7782426778242678,-0.05047619047619045,0.06343989642465897,0.11303789338471426,0.10379241516966076,0.04467519922723984,0.02788844621513964,-0.03875968992248058,0.03862300587741396,0.0345381526104418,0.07425149700598799,0.02499999999999991,0.08937754921085306
2011-09-30,0.0485209268248008,0.14412149250729156,0.06843323900180098,-0.13456073149635484,0.037514220705346935,-0.027053296614288014,-0.025316455696202556,-0.025909592061742037,-0.026905829596412634,-0.026905829596412634,-0.08019150209455417,-0.1384313725490196,-2.3006681514476615,-20.29245283018868,1.0255767301905716,-0.16192170818505347,0.06174264281592601,0.051537070524412254,0.03883495145631066,-0.1976744186046513,-0.27073732718894006,0.03718674211802764,-0.010403726708074545,0.04607952434039375,0.0,0.32199251180205124
2011-12-31,0.048913423240863674,0.014592123769338938,0.0798940524921743,0.13463735008566524,0.031278269689410276,0.004662004662004726,-0.07735742518351219,-0.07583474816072444,-0.06912442396313356,-0.06912442396313356,0.18510084580351327,0.5543923532089212,-1.4160958904109588,-1.126161369193154,-0.06387719732607078,-0.061347636607442135,0.02826086956521734,0.03095442820292349,0.03204272363150884,-0.09661835748792258,-0.14691943127962082,0.03585346843335935,-0.01694649301741724,0.003197158081705176,0.024390243902439046,-0.10577515084349232
2012-03-31,0.026280727466524656,0.038554843181424436,0.02011237959329293,0.019000880835535527,0.029957469431153738,0.038780245276764935,-0.04589963280293763,-0.04715248009797923,-0.04950495049504955,-0.04950495049504955,-0.24101015646445234,-0.29282576866764276,-0.23662551440329216,-0.9186046511627907,-0.005554086220576515,0.18178571428571422,-0.03276955602537002,-0.030859049207673128,0.029969814575248055,0.14438502673796783,0.10462962962962963,0.040632054176072296,0.0036711891460496915,-0.02089235127478739,0.0,0.019140732580556374
2012-06-30,0.04318262958034458,0.012179861516643076,0.0812240437158469,-0.026055816250926123,0.020724185098201175,-0.07977026164645817,-0.1481719050673509,-0.1478149100257069,-0.14583333333333337,-0.14583333333333337,0.15479204339963837,0.5515527950310559,-4.245283018867925,-31.952380952380953,0.1728723404255319,-0.11947214667069606,-0.09890710382513668,-0.10929432013769369,0.022189658781662125,-0.14485981308411222,-0.12154233025984906,0.0390455531453362,-0.021628498727735423,-0.0564195298372514,-0.04761904761904756,0.03931901094446699
2012-09-30,0.020876437005117987,-0.01846204566059506,0.016900497311284512,-0.00671991885381007,0.02336283185840715,0.03415395284327327,0.03539156626506035,0.03469079939668185,0.030487804878048808,0.030487804878048808,-0.20419668023802062,-0.2770216172938351,-1.4003322259136213,-2.0,-0.14739229024943312,0.00583457270335197,-0.08671922377198293,-0.09468599033816416,0.023141511365963652,-0.016393442622950838,0.08206106870229002,0.03757828810020891,0.002438231469440888,-0.06132617861249523,-0.050000000000000044,-0.011830473218928717
2012-12-31,-0.021561904761904782,-0.20295574775379965,-0.039322492147429555,-0.06944089864692371,-0.011315906507881612,0.034534786253143324,-0.7556363636363637,-0.7551020408163265,-0.7514792899408285,-0.7514792899408285,0.10704447068083423,0.39682539682539675,1.483402489626556,2.335384615384615,-0.5765957446808511,-0.09110555050045499,-0.23240371845949548,-0.23265741728922096,-0.005604483586869491,-0.11111111111111105,-0.030864197530864113,0.03621730382293764,0.010539970812388333,-0.22458146182115146,0.0,-0.14346796474148138
2013-03-31,0.025136271608783733,0.06974294142435733,0.029881632315205797,0.06803840877914946,0.021641343462615037,-0.048452438826770416,3.032738095238095,3.0267857142857144,3.0,3.0,-0.03590472804834699,-0.4199260042283298,-1.0258980785296574,-1.2527675276752768,0.3442211055276383,0.03829307971467899,-0.05709342560553632,-0.05980528511821992,0.021336553945249692,0.043749999999999956,0.3312101910828027,0.04142394822006468,-0.0033697047496790145,-0.028436018957346043,-0.02631578947368418,0.0015359803394516813
2013-06-30,0.024276859504132275,0.06943076620051203,0.027648288056582482,0.05753917287438992,0.02130521990117895,0.015326975476839255,-0.024354243542435428,-0.02512934220251295,-0.023809523809523836,-0.023809523809523836,0.29535398230088505,-0.04145785876993169,-16.483870967741936,0.6952554744525548,0.43411214953271027,0.04543811016029875,-0.014678899082568808,-0.013313609467455634,0.02128498226251474,0.0239520958083832,0.09159261790840745,0.039776258545680676,-0.0028980840444373657,-0.009756097560975618,-0.027027027027027084,0.011272141706924366
2013-09-30,0.02988638723265402,0.09936458237406764,0.0350774284373534,0.07384017488462469,0.024836538691830556,0.08168399865816833,0.1974281391830559,0.19711902956785443,0.19512195121951215,0.19512195121951215,0.01366353543979515,0.10313688212927752,0.12083333333333335,-0.2443487621097955,0.22873900293255134,0.034124971178233876,0.03258845437616387,0.03298350824587715,0.024507912003087773,0.011695906432748648,0.03443957420162791,0.03825463239689175,-0.0050056515420635606,0.026819923371647514,0.0277777777777779,0.023733697300576395
2013-12-31,8.640926307301733e-05,-0.051516166862120905,-0.015036457743020093,-0.046143406469124626,0.00785230193970543,-0.042952395720266656,0.03790271636133924,0.03799873337555404,0.04591836734693877,0.04081632653061229,-0.11794439764111209,-0.3222748815165877,2.617100371747212,-1.5384615384615383,-0.10023866348448685,0.05663322185061315,0.260595130748422,0.25979680696661833,0.022038048596722426,0.034682080924855585,0.006658595641646503,0.03684513529073108,0.007789678675754752,0.2841151385927507,-0.027027027027027084,-0.005629212650914761
2014-03-31,-0.002419250320406685,-0.037445906561865194,-0.006328871159525962,-0.028930519326535453,-0.0029680471177480072,-0.013609850939727774,-0.15398660986001222,-0.15314215985356927,-0.14634146341463405,-0.1421568627450981,-0.14135625596943646,0.5085823267641449,-0.2882836587872559,1.806878306878307,-0.31270262304745067,-0.0307026798902722,-0.006437768240343478,-0.00691244239631339,0.008661997788426135,-0.05586592178770955,-0.2453397474443776,0.03997779011660185,-0.00048309178743954906,-0.002905770029057675,0.0,-0.00871508379888275
2014-06-30,0.014695055936485124,-0.010367923662721323,0.022195630355902107,0.08290598290598283,0.006767756639843636,0.03071616294349533,0.029496402877697836,0.028818443804034644,0.04571428571428582,0.040000000000000036,0.0630329996292176,-0.27728613569321536,-0.2108303249097473,-1.055607917059378,0.02530017152658659,0.08250789158593652,0.009359251259899226,0.008120649651972123,0.014617211766855487,0.0769230769230771,0.07250996015936262,0.038441003737319734,-0.007894312872563258,0.005412156536219737,0.0,-0.08618875864141873
2014-09-30,0.017313245984664105,-0.025866864453921723,0.0356482005966543,0.0735144886683956,0.00438910577744922,-0.04446215139442233,-0.15583508036338223,-0.1561624649859944,-0.15300546448087438,-0.14835164835164838,-0.07987443320544119,0.5988338192419824,-1.5580969807868252,7.576271186440678,0.21162693433709734,0.0064353946706887655,-0.0663338088445079,-0.06904487917146152,0.00972447325769843,-0.01098901098901095,-0.017830609212481474,0.03701799485861201,-0.01266645014615142,-0.044720496894409933,-0.02777777777777779,-0.0925088397335746
2014-12-31,-0.2132708712068242,0.320357856666984,-0.22333637192342748,-0.13412456674719042,-0.19595666873663142,-0.841060707138092,-3.8253311258278146,-3.8257261410788383,-3.838709677419355,-3.838709677419355,0.08642911296436684,-0.4018964259664478,-1.5475409836065572,0.7628458498023716,0.30790472903003097,-0.15346188430412633,-0.8854087089381207,-0.8862793572311496,-0.19083288746210103,-0.1611111111111111,-0.10514372163388808,0.0356965790778383,0.022039473684210442,-0.8617251842219332,-0.17142857142857149,0.5248278361725265
2015-03-31,-0.051014059972626646,-0.24789158797664523,-0.09741784037558687,-0.16120815138282385,-0.022740925083669428,2.2413431269674713,-0.9361265748608263,-0.9359765051395007,-0.9363636363636364,-0.9363636363636364,-0.8042568039078856,0.3451219512195123,-1.026946107784431,-2.8340807174887894,-0.43177619424650304,-0.08273338841024436,-2.6933333333333334,-2.717391304347826,-0.01961648666519733,0.13245033112582782,8.124260355029586,0.03446625179511731,0.029771483746379168,0.0,-0.10344827586206884,-0.10333967197527938
2015-06-30,0.018355841090861524,0.05501245926777831,0.09581274382314686,0.1315979754157628,-0.02523123756000467,0.12301715765619936,-1.8073394495412844,-1.8073394495412844,-1.8214285714285714,-1.8214285714285714,0.43493761140819975,-0.2370806890299184,163.55555555555554,-1.3685819070904646,0.2800743149094287,-0.0002573340195572982,1.4212598425196852,1.4177215189873413,-0.0200089928057553,0.023391812865497075,0.0,0.03470615455807491,-0.04281919049851535,0.0,-0.11538461538461542,-0.0676651865597454
2015-09-30,-0.0787213301697659,-0.04251453488372092,-0.04082213889020747,-0.05009584664536737,-0.10269653474265805,-0.06428365523205537,-15.823863636363637,-15.823863636363637,-15.869565217391303,-15.869565217391303,0.26708074534161486,-0.2697563874034462,-1.0,-1.3466003316749586,-0.07583454281567492,-0.09034749034749034,1.9772357723577239,1.9659685863874348,-0.10231704519385176,-0.07428571428571418,0.0,0.03354203935599287,-0.025959183673469388,0.0,-0.13043478260869568,0.00796133067955651
2015-12-31,-0.13280360957495663,-0.10796963946869065,-0.055426337407828985,-0.07951029194134263,-0.18512817080516697,-0.1756007393715342,0.9846684553468763,0.9846684553468763,0.9853801169590644,0.9853801169590644,-0.05392156862745101,-0.7518307567127747,-inf,-4.1291866028708135,0.2567726737338045,0.006366723259762175,0.4052430365920259,0.3733451015004412,-0.18527983644262724,0.12345679012345667,0.0,0.03245348334054521,-0.06034193764666451,0.0,0.25,-0.030888575458392187
2016-03-31,-0.03266800193383523,-0.12390980642416505,-0.04495206161261589,-0.002338497515346427,-0.023039014373716582,-0.14760837070254107,-1.015063731170336,-1.015063731170336,-1.0147275405007363,-1.0147275405007363,-0.28601036269430047,1.0885245901639342,11.833333333333334,-1.0382262996941896,-0.007810059356451071,-0.08308730493462668,0.05207928488146152,0.019922879177378006,-0.022898368883312425,0.12637362637362615,0.0,0.0314333612740989,0.009989297181591139,0.0,0.0,-0.12188909911221069
2016-06-30,0.00897234518539669,0.08923151632876047,0.05842339129957752,-0.22839144447699966,-0.02892092984152339,0.12143796580447175,-2.782051282051282,-2.782051282051282,-2.8,-2.8,0.6386066763425253,0.09419152276295129,-2.857142857142857,-24.0,0.18104534005037776,0.11361545538178475,0.14665681566309563,0.11153119092627595,-0.02921348314606742,0.13658536585365866,0.0,0.030475416497358854,-0.03761921582479688,0.0,-0.040000000000000036,0.4116184635783542
2016-09-30,-0.018044580728859505,-0.029090503789567568,0.002073183373069387,0.07993164989557622,-0.03484697632137135,0.06841282251759195,0.7338129496402879,0.7338129496402879,0.7777777777777779,0.7777777777777779,-0.42426926483613814,-0.07890961262553797,-5.048951048951049,-1.9930434782608697,-0.15222607304718738,0.007297260085364243,-0.2451675257731959,-0.26700680272108845,-0.03505291005291,0.03862660944205998,0.0,0.029968454258675115,-0.01706735180767127,0.0,0.0,-0.10091581542796757
2016-12-31,0.03552726399231321,-0.03248765928136843,0.11782352332678192,0.11849507735583686,-0.03583602439899536,-0.0786681302597878,0.12863070539419086,0.12863070539419086,0.09375,0.09375,0.4076923076923078,3.3084112149532707,-2.5613126079447324,0.658493870402802,-0.29779874213836477,-0.04346637506834328,-0.892018779342723,-0.8948182521268369,-0.03598355037697054,-0.008264462809917328,0.0,0.029096477794793074,-0.06889469753547417,0.0,0.0,-0.13503101534443362
2017-03-31,-0.014938875872787638,-0.02254390128144279,-0.0104571534332778,0.0770198050927382,-0.019444573661441145,0.1743447180301827,-1.4301470588235294,-1.4301470588235294,-1.4285714285714286,-1.4285714285714286,-0.2874316939890711,-0.7039045553145336,-1.6327433628318584,-0.21964097148891237,-0.33094491715181373,-0.042869391254644174,-0.03952569169960474,-0.07352941176470584,-0.019907571987202277,-0.008333333333333304,0.0,0.028273809523809534,-0.004611991177060348,0.0,0.04166666666666674,-0.09239827885559004
2017-06-30,-0.011374072765807153,-0.019786355911629028,-0.020620966987748957,-0.06727962638645646,-0.001992504388253713,0.03483260060872495,3.333333333333333,3.316239316239316,3.4000000000000004,3.4000000000000004,1.8420245398773005,-0.336996336996337,0.02447552447552437,-1.979702300405954,0.4846050870147256,-0.08226336219767105,-1.2098765432098766,-1.2063492063492063,-0.0021762785636560977,-0.06302521008403361,0.0,0.02749638205499272,0.009468170829975753,-0.6959247648902821,0.08000000000000007,0.05090243699575825
2017-09-30,-0.012838835691486805,-0.12755417956656345,-0.00816423967534019,-0.0045376310436551215,-0.017492988543993948,-0.019934640522875857,-0.6252465483234714,-0.6257425742574257,-0.6212121212121212,-0.6212121212121212,-0.42255801403130056,0.6556169429097607,-0.005119453924914641,-1.569060773480663,-0.1857529305680794,0.0048804294777942125,4.019607843137255,3.9230769230769234,-0.01817520901490366,0.008968609865470878,3.0875486381322954,0.027112676056338048,-0.0047894631810018184,3.8144329896907214,0.0,-0.12354570637119122
2017-12-31,0.014067514417392513,0.1738821859474804,0.032733224222585955,0.16315624017604535,-0.004693018530165904,0.16438812937645886,1.6157894736842104,1.613756613756614,1.6,1.56,0.32803738317757003,0.06006674082313679,0.032590051457976,-0.674757281553398,-0.07419712070874862,0.11332361988020057,1.4453125,1.4374999999999996,-0.004442798963346983,0.1333333333333333,-0.7804673511479794,0.026396983201919744,-0.018447964708241393,1.2334047109207709,0.11111111111111094,0.009210763951598366
2018-03-31,0.018607528672726303,0.0754534461910521,0.029458376060408353,-0.04459459459459458,0.007291464125996461,0.0776059564719358,0.4245472837022133,0.4271255060728745,0.41538461538461546,0.4375,-0.2899366643209008,0.018887722980063026,-0.8272425249169435,-0.5074626865671642,-0.03947368421052633,0.021957248800348994,0.4568690095846646,0.4487179487179487,0.0063220528077352345,0.0235294117647058,-0.5731984307247573,0.025718102872411386,-0.011031664964249233,0.3633748801534036,0.06666666666666665,0.12562634216177537
2018-06-30,0.029410390581199763,0.235664492916573,0.04754142895952196,0.14257425742574248,0.010085899044493862,0.08503853308530429,0.19774011299435035,0.1957446808510639,0.19565217391304346,0.19565217391304346,0.740336967294351,0.3542739443872296,5.586538461538462,2.696969696969697,-0.15193026151930267,0.07512805919180421,0.18092105263157898,0.165929203539823,0.01145602365114562,0.06896551724137945,-0.26003870343492996,0.025073266037121344,-0.018797769055980185,0.09423347398030946,0.0625,0.08147853736089039
2018-09-30,0.020196518937073193,0.011101000909918168,0.014177040110650019,0.03639514731369142,0.02665902250250829,0.27749204016654416,1.204009433962264,1.2075919335705811,1.2181818181818178,1.2181818181818178,0.36902050113895224,-1.4456273764258556,1.040875912408759,-7.524590163934426,1.168869309838473,0.06723133933298042,0.7316620241411327,0.7115749525616699,0.039824625502374866,0.057347670250896154,-0.09414841451454725,0.024777636594663255,0.006315789473684275,0.5154241645244217,0.11764705882352944,-0.024402793090775532
2018-12-31,-0.02453455524167536,-0.10619150467962568,-0.040061370610296576,-0.11466794075489728,-0.007399134440876698,-0.5210889570552147,-0.6222578919208133,-0.6211714132186996,-0.6147540983606558,-0.6188524590163934,0.03993344425956735,-3.569965870307167,-0.34549356223175964,-0.9503768844221105,0.026743398781313488,-0.13082837301587302,0.044504021447721254,0.0432372505543237,0.0,-0.16610169491525428,-0.504150126308192,0.024178549287042772,0.01757322175732212,0.12128922815945731,-0.07894736842105265,0.009568296541851984
2019-03-31,0.011994344871619544,-0.06665324204591216,0.027526194281655147,0.01686454398273063,-0.004406938584153752,0.37510008006405116,-0.10623229461756378,-0.10921985815602842,-0.10638297872340419,-0.09677419354838723,-0.6208,-0.06042496679946874,-0.11038251366120222,-17.21518987341772,-0.42235410484668645,-0.08660293907832795,-0.024640657084188944,-0.02763018065887357,-0.0021082220660576523,-0.08536585365853655,-0.1353711790393013,0.02360774818401934,-0.01624177631578949,0.0022692889561271024,-0.02857142857142847,-0.08216417910447771
2019-06-30,0.008787742226228135,0.016720604099244918,0.012054960248876645,0.04550882313918003,0.005226973064607288,0.303056768558952,0.006339144215530945,0.006369426751592355,0.0,0.0,1.1234177215189876,-0.08975265017667844,-0.10810810810810811,-0.9992193598750976,-0.0005707762557077833,-0.09543892533583254,-0.056842105263157916,-0.05683060109289617,0.004577464788732444,-0.09333333333333327,-0.08164983164983175,0.0230632761679479,-0.003552769070010453,-0.07584905660377361,0.02941176470588225,-0.027481909098300727
