Quarter end,Assets,Current Assets,Liabilities,Current Liabilities,Shareholders equity,Revenue,Earnings,Earnings available for common stockholders,EPS basic,EPS diluted,Cash from operating activities,Cash from investing activities,Cash from financing activities,Cash change during period,Cash at end of period,Price,ROE,ROA,Book value of equity per share,P/B ratio,P/E ratio,Cumulative dividends per share,Equity to assets ratio,Net margin,Asset turnover,Current ratio
1993-12-31,-0.007448244109054425,0.009607853160115143,0.004562574496350225,-0.05065374302594172,-0.03903622311450927,0.08905799308147899,-4.564076617275028,-4.564076617275028,-4.647058823529411,0.10869565217391308,-0.2870897521768252,-3.4200790792358284,-1.0923047467770985,-1.3929442445608866,0.7577443141273124,0.07850000000000001,0.49014454664914586,0.34744268077601403,-0.04054054054054057,-0.04120879120879117,-0.2550649350649351,inf,-0.03194192377495475,0.5059665871121719,-0.04255319148936165,0.06337671117120158
1994-03-31,-0.007448244109054425,0.009607853160115143,0.004562574496350225,-0.05065374302594172,-0.03903622311450927,0.08905799308147899,-4.564076617275028,-4.564076617275028,-4.647058823529411,0.10869565217391308,-0.2870897521768252,-3.4200790792358284,-1.0923047467770985,-1.3929442445608866,0.7577443141273124,0.07850000000000001,0.49014454664914586,0.34744268077601403,-0.04054054054054057,-0.04120879120879117,-0.2550649350649351,inf,-0.03194192377495475,0.5059665871121719,-0.04255319148936165,0.06337671117120158
1994-06-30,0.013718977330394733,0.006895416028888768,0.01282833526706173,0.05484925208490754,0.016167603076948645,0.08905799308147899,-4.564076617275028,-4.564076617275028,-4.647058823529411,0.10869565217391308,-0.2870897521768252,-3.4200790792358284,-1.0923047467770985,-1.3929442445608866,-0.16939395832032145,-0.08020398701900788,0.49014454664914586,0.34744268077601403,0.021126760563380254,-0.04120879120879117,-0.2550649350649351,1.0,0.002624671916010568,0.5059665871121719,-0.04255319148936165,-0.045454545454545414
1994-09-30,0.019901622710337685,-0.0006486052701082379,0.02626499292847151,0.05739470778091649,0.0024644167009097995,-0.15543623626894387,-0.026273094161309296,-0.026273094161309296,-0.016129032258064502,0.10869565217391308,-0.14180323493300595,0.26277732394024444,3.703618345240839,-0.09199287162784986,-0.1851791510533506,-0.07056451612903214,0.49014454664914586,0.34744268077601403,0.01379310344827589,-0.08882521489971351,-0.2550649350649351,0.5,-0.01720269259536289,0.5059665871121719,-0.04255319148936165,-0.05494505494505497
1994-12-31,0.06138387318220384,0.05904817279040109,0.10020178420744297,0.147802713145754,-0.04751224949061661,-0.21564751792133585,0.11514469888677148,0.11514469888677148,0.11475409836065587,0.10869565217391308,1.0277546247340856,0.8776693183710593,1.26160027438875,-1.682796426637791,0.15517480043680876,-0.10845986984815614,0.49014454664914586,0.34744268077601403,-0.017006802721088343,-0.11949685534591203,-0.2550649350649351,0.33333333333333326,-0.10273972602739712,0.5059665871121719,-0.04255319148936165,-0.07716701902748402
1995-03-31,0.0128135929467601,0.0092415383079687,0.00840051844048384,0.012256724885879366,0.02711354106914965,0.3262717893425491,-0.007218632101901323,-0.007218632101901323,0.02941176470588225,0.10869565217391308,-0.6193794977821678,-0.6334200912151675,-0.5954459778581798,0.1351967489344832,0.1524911458472027,0.018856447688564426,0.49014454664914586,0.34744268077601403,0.02768166089965396,0.03571428571428581,-0.2550649350649351,0.28846153846153855,0.014418999151823542,0.5059665871121719,-0.04255319148936165,-0.00305460099274546
1995-06-30,0.020999829609220644,0.011898710461859086,-0.022953610680036096,-0.10562689211845755,0.04924670159965716,0.028240149145559945,0.02551946647101433,0.02551946647101433,0.028571428571428692,0.10869565217391308,1.0611218568665377,-0.28131281173230105,-1.0052660704403864,3.3871474722780057,0.5804826765558753,0.11761194029850741,0.01807760141093473,0.34744268077601403,0.045454545454545414,0.0862068965517242,-0.2550649350649351,0.22388059701492513,0.027591973244147194,0.05546751188589538,-0.04444444444444451,0.13136729222520116
1995-09-30,0.004907787207944159,-0.029169313879918612,-0.0296025967517628,-0.05294282268435535,0.10766366788556958,0.015682764840836416,1.340530525388905,1.340530525388905,1.3194444444444446,0.10869565217391308,-0.009298360860860888,-3.7803141144329495,1159.0677966101696,-1.0327986307367751,-0.012046343335404441,0.08867521367521358,0.33391078388912954,0.34744268077601403,0.106280193236715,0.041269841269841345,0.04881450488145034,0.18292682926829262,0.10211554109031717,0.3506006006006006,-0.023255813953488413,0.025050778605280932
1995-12-31,0.020179921256002542,0.017012020130196648,0.03092736977151289,0.026507143033036362,-0.005775440910821272,0.1152533125754025,-0.5586109870127834,-0.5586109870127834,-0.5748502994011976,0.10869565217391308,0.5150967375259505,-2.171446267906041,-1.0281923908596808,29.221480582524272,-0.36849737712438124,0.09175662414131502,-0.032467532467532534,-0.005235602094240788,0.005822416302765587,-0.012195121951219412,-0.21542553191489355,0.15463917525773208,-0.025470653377629993,-0.08838243468593665,0.09523809523809534,-0.009247027741083325
1996-03-31,0.0019624844862382584,0.025962152151947304,-0.003962646414815141,0.052339860679876615,0.0180971464439188,-0.07250273255361739,-0.0543544849996892,-0.0543544849996892,-0.014084507042253502,0.10869565217391308,-0.40439310815528007,-0.8814853685394777,-9.40941127694859,-1.063427366730248,0.03701143499859416,0.05078651685393254,-0.038590604026845665,-0.010526315789473606,0.01881331403762654,0.043209876543209846,0.04322033898305078,0.1517857142857142,0.01628787878787863,-0.018292682926829285,0.021739130434782483,-0.025000000000000022
1996-06-30,0.003615120171734487,0.01636678749664844,-0.00027308121716407285,0.002505395066499272,0.014194854264550472,0.040464985407138165,0.11289186829282039,0.11289186829282039,0.12857142857142878,0.10869565217391308,0.8837726012298919,3.6400778210116735,-0.10689723174008425,0.35359290914846464,0.04831037950085304,0.04790419161676662,-0.014659685863874228,0.007978723404255428,0.01846590909090917,0.029585798816567976,0.04711616571892763,0.13178294573643412,0.010436079016026945,-0.005590062111801353,0.0,0.013846153846153841
1996-09-30,0.012017557804072654,0.019293659715727607,0.010767311970242499,-0.12462724142411641,0.016386160096366176,0.008247634783659974,-0.015421865640792065,-0.015421865640792065,-0.012658227848101222,0.10869565217391308,-0.5148385658761743,-0.7268777560905082,-0.6347138460689199,8.645696913002807,0.4445127011327017,-0.002448979591836653,-0.2419411973078286,-0.24010554089709768,0.02092050209205021,-0.02011494252873558,-0.020170674941815347,0.12328767123287676,0.0044264109184801725,-0.24859462835727664,0.02127659574468077,0.16439049064238742
1996-12-31,0.021603210117974392,-0.0049847796747086726,0.019069098833022213,0.022139365562079627,0.030131296484927406,0.11354518814280645,0.09392056895591439,0.09392056895591439,0.0641025641025641,0.10869565217391308,0.969467840735069,1.2939308117837007,3.5088216404095354,-0.9699599951509273,0.009244061119732638,0.16489361702127647,0.013084112149532645,0.02256944444444442,0.039617486338797914,0.1407624633431086,0.513064133016627,0.10365853658536595,0.008079324274697264,0.011637572734829682,0.0,-0.026498696785403952
1997-03-31,0.0035646138992966314,0.027793053851685734,0.023021245213127317,0.017494990604452365,-0.045793163695609596,-0.09190176666229011,-0.060478122601162365,-0.060478122601162365,-0.02409638554216853,0.10869565217391308,-0.029907177917091854,-0.2317029549886347,0.03979253251106041,5.010492332526231,0.05505245026650196,0.028451001053740876,0.025369003690036918,0.018675721561969283,-0.036793692509855536,-0.010282776349614386,-0.011512297226582868,0.11049723756906071,-0.049180327868852514,0.013968775677896339,0.02083333333333326,0.010114532202885718
1997-06-30,0.012670202817566256,-0.007663462683639377,0.008786342516715617,0.044948210215826734,-0.022317673704770336,0.04653879359663815,0.09275918129142524,0.09275918129142524,0.09876543209876543,0.10869565217391308,-0.08580474511061242,1.592556993962695,-0.8089658562529716,-2.608030079226534,-0.0839067251502964,0.1164617486338797,0.03193882141250559,0.01333333333333342,-0.012278308321964526,0.15844155844155838,0.07834833245103234,0.09950248756218905,-0.034482758620689724,0.009724473257698651,0.0,-0.05036077160948316
1997-09-30,-0.005574352020637718,0.06737568624405532,0.00912475384199718,-0.00015138231689493242,-0.04789090165743426,0.006576809119470894,-0.02491779264673344,-0.02491779264673344,-0.011235955056179803,0.10869565217391308,0.07180198150015338,-1.0749414926894825,7.936387412469417,-0.5321085594989561,-0.04285506681046025,0.18537779137350885,0.04489973844812556,0.013157894736842035,-0.03176795580110503,0.19955156950672648,0.14923907707412853,0.09049773755656121,-0.04246031746031753,0.006420545746388617,0.0,0.06745231818886643
1997-12-31,-0.042331054922331135,0.0183950753549893,-0.0390840747600697,-0.03999033510930916,-0.05843638987427058,0.1061755970013667,0.15180157270842298,0.15180157270842298,-0.4204545454545454,0.10869565217391308,-0.35724036382042124,34.004174074360364,1.6807161806217725,-3.1297519186150278,0.09535719993607161,0.07329032258064516,0.08552357113057996,0.04707792207792205,-0.0442225392296719,0.108411214953271,0.04186245194361393,0.08298755186721984,-0.01699129714048897,0.023125996810207328,0.020408163265306145,0.06086577571179541
1998-03-31,0.05323556206339264,0.086479684515824,0.07264213541714004,-0.05043588747056604,0.0024762666635336217,-0.09701451901575986,-0.11901009469722701,-0.11901009469722701,-0.0980392156862745,0.10869565217391308,1.1645905916416104,-2.0340753761187504,-1.3133884722459452,-2.6653817145730327,-0.14498114143558538,0.1320028853089683,0.05226748654880864,0.015503875968992276,0.023880597014925398,0.18549747048903886,0.07257072570725698,0.08429118773946365,-0.048060708263069074,0.00623538581449723,0.020000000000000018,0.14418732027933734
1998-06-30,-0.02894414668594758,-0.039208550979074275,-0.014979342883365887,-0.02486309360835015,-0.0792189915481133,0.0671666136140312,0.09507506534964949,0.09507506534964949,0.13043478260869557,0.10869565217391308,-0.6178122060206961,-1.313011446143333,-2.4204682732774074,-0.9054999245207065,-0.016023890784982897,0.03016142735768912,0.06975894813732664,0.025954198473282286,-0.08163265306122458,0.005689900426742556,-0.0003822629969419955,0.08127208480565362,-0.05181576616474748,0.0023237800154918276,0.019607843137254832,-0.014719961704164675
1998-09-30,0.019742057691793047,0.21135589891955053,0.029261315931186527,0.02924351248710555,-0.010119739450842768,-0.025117691414131116,-0.0030348479407394935,-0.0030348479407394935,0.0,0.0,1.7124629821929926,-2.8547589321653466,-1.0830284211150887,-16.789137380191693,0.257123532370233,0.08061855670103091,0.06452714236940937,0.026785714285714413,-0.0031746031746030523,0.1768033946251768,0.04397705544933084,0.07189542483660127,-0.0294255021018216,0.016228748068006338,0.0,0.17697072755982024
1998-12-31,-0.06939772324896487,-0.19459087084661653,-0.08332521610317012,-0.15335029860305593,-0.036825596094940405,0.023393129818140013,0.15197830293955628,0.15197830293955628,0.15384615384615374,0.13725490196078427,-0.6140506970759322,-3.4856528056204366,-39.35064316341115,-1.650546337515176,-0.1330583414957165,0.08280862430833813,0.061577934573444404,0.034782608695652195,-0.027070063694267454,0.08653846153846145,0.04468864468864475,0.06707317073170738,0.035129932627526506,0.03878326996197723,0.0,-0.04871001031991762
1999-03-31,0.023660498269229446,0.07815739012492418,0.042782669991267674,0.07736206615298924,-0.03800116747431137,0.004456733474339503,-0.1277283205807338,-0.1277283205807338,-0.11666666666666659,-0.10344827586206884,0.9336143792650557,-1.3276878545996964,-1.0200501875823003,-1.207516848107828,0.03184971834123673,0.1564757709251101,0.06676737160120849,0.037815126050420034,-0.03436988543371522,0.18805309734513287,0.11711079943899017,0.07428571428571429,-0.0599721059972107,0.005124450951683901,0.03846153846153855,0.0007593838142765374
1999-06-30,-0.008820878254767739,-0.058055708253097804,-0.006374216465075189,-0.10405653843281404,-0.019723396847183272,0.02182429272098374,-0.0880713567768554,-0.0880713567768554,-0.09433962264150952,-0.07692307692307698,0.09766779081366073,-0.8275913456979123,-12.689281288723668,-0.24906320259805148,0.02317888454509709,0.027578851135151572,0.005380911922967968,-0.012145748987854255,-0.015254237288135686,0.06424581005586583,-0.0015693659761456535,0.0664893617021276,-0.011374876360039532,-0.02694828841951935,0.0185185185185186,0.05127371273712744
1999-09-30,0.013932488173678426,0.03228319478746777,0.01600316126870438,0.04512447264129249,0.008838516266898022,-0.014118462284428146,0.43421894389591564,0.43421894389591564,0.45833333333333326,0.4375,0.39383881744067306,2.380926187856881,-0.07527628335939363,5.441783100465735,0.14593083282464026,-0.04908066429418745,0.10140845070422544,0.0887978142076502,0.017211703958692093,-0.034120734908136496,-0.0355234203080792,0.06483790523690769,-0.005002501250625291,0.06811377245508976,0.0181818181818183,-0.01227057125180453
1999-12-31,0.04329749464119814,0.2708097378559091,0.04721830280350914,0.046240490465973894,0.03684488816801168,0.060288578441492824,-0.04274574504103135,-0.04274574504103135,-0.042857142857142705,-0.05797101449275355,-0.32519209574517627,0.15286224501654044,-1.1893582020256444,4.278506506920058,0.6722018716665461,-0.18384531420551997,0.027621483375958933,0.006273525721455453,0.04906937394247035,-0.19746376811594202,-0.24837027379400267,0.060889929742388826,-0.006033182503770718,0.005606166783461708,0.0,0.2146361833176742
2000-03-31,-0.0491337852221273,-0.19382368198879063,-0.04302836523641729,-0.12146281420959049,-0.08211625174549864,-0.04635279599213871,-0.14916658713360997,-0.14916658713360997,-0.1343283582089554,-0.1230769230769232,-0.005888875086837886,-3.28950056448578,-18.88049400653832,-1.3444473794918455,-0.13846305108742674,-0.09132594573939623,0.029865604778496868,0.01620947630922709,-0.06612903225806455,-0.1343115124153499,-0.11882046834345183,0.061810154525386185,-0.03490136570561453,0.010452961672473782,0.0,-0.08233777395788555
2000-06-30,-0.007606417518293718,-0.03495003532855556,0.011694096607020033,-0.058592298213429594,-0.08701036980244903,0.05360142363609799,0.09504265834394565,0.09504265834394565,0.10344827586206917,0.12280701754385981,0.08175250718487215,-0.9873259445370653,-0.733917386152023,-3.2050160479450107,0.35438207273706657,-0.13141295206055503,0.0896568390526824,0.05644171779141094,-0.07772020725388606,-0.07040417209908734,-0.14960629921259838,0.06029106029106024,-0.07966457023060791,0.0427586206896553,0.01785714285714257,0.025100683712653282
2000-09-30,0.0012515483254758042,-0.023031896648521566,0.0036506279553230048,0.06967099096657225,-0.009183060007002863,-0.03421260703820905,-0.027260073392505246,-0.027260073392505246,-0.015625,-0.015625,-0.045922034362379405,4.159333024548402,0.763410211547638,-1.40308120362737,-0.10546857884359362,-0.10215444202372304,-0.00022177866489259124,-0.03252032520325199,0.001872659176029856,-0.02524544179523136,-0.15798611111111116,0.05490196078431375,-0.010820045558086688,-0.04298941798941802,0.01754385964912286,-0.0866148926450434
2000-12-31,0.017037933298150287,0.03388097986758387,0.03227503016392386,0.1338149147271206,-0.048012233095591106,-0.5571660697468679,-0.11044829743608808,-0.11044829743608808,-0.07936507936507942,-0.09523809523809534,-0.10582036679969509,-11.00861836789658,-0.8529967816888196,1.145851974945673,-0.25300392233697433,-0.14559180372067948,0.006433007985803041,-0.04321728691476601,-0.02990654205607468,-0.1482014388489209,-0.12508591065292096,0.052044609665427455,-0.0639032815198618,0.10850034554250176,-0.13793103448275856,-0.08812643793137953
2001-03-31,-0.0034947564099221395,0.00011573421941069029,0.0007638404253784703,-0.01535374553586455,-0.025237845094262523,0.9460543142250104,-0.2762198561311393,-0.2762198561311393,-0.27586206896551724,-0.26315789473684204,-0.1893526435352112,-1.1177905746012953,3.752650697035146,-0.9423810091141955,-0.019515270737181956,0.11076049226885454,-0.034383954154727836,-0.07779171894604764,-0.021194605009633993,0.1452702702702704,0.14768263943440685,0.051236749116607694,-0.021525215252152563,-0.043017456359102146,-0.040000000000000036,0.015686704695041742
2001-06-30,0.02922290326993071,-0.010464360269385908,0.030221634616298676,0.06087298851668499,0.03142322231935779,0.05644179016746986,0.703233689638916,0.703233689638916,0.7142857142857142,0.6904761904761905,2.512205230990028,-16.59198903441974,-0.2183462265417626,-2.349961230292065,0.02686921897667527,0.06732954545454528,0.033097466331887704,0.008163265306122547,0.03543307086614167,0.09144542772861364,0.1375770020533882,0.04873949579831938,0.0018856065367693908,0.05928338762214991,-0.04166666666666663,-0.067285884004752
2001-09-30,0.015568359513824737,0.046742824257690385,0.023369846074342115,-0.11613723488406014,-0.01995891335579114,0.023133345871732214,-0.33788249382869473,-0.33788249382869473,-0.33333333333333337,-0.3380281690140845,-0.550351824290407,-0.9230540062709398,-0.38931428835697435,24.19911928010722,0.4644229468611134,0.09582113388341762,-0.060318161732213826,-0.08906882591093113,-0.013307984790874361,0.05810810810810807,0.06317689530685922,0.04647435897435903,-0.035131744040150514,-0.05535055350553508,-0.0434782608695653,0.18434460398332542
2001-12-31,0.010761362280444109,-0.06042672795716031,0.06963387917286812,0.15883271840485458,-0.2959942943751732,0.04435412837009811,-0.23078301226815912,-0.23078301226815912,-0.22916666666666663,-0.21276595744680848,-0.799482940969094,12.480418914630276,-3.9705735984594415,-1.757026174828097,-0.20773693861353626,-0.07286859363614284,-0.023277686339054804,-0.10962962962962963,-0.2909441233140655,-0.06130268199233724,-0.004527447651386685,0.04441041347626351,-0.3029908972691807,-0.228515625,0.15909090909090917,-0.18928431755964015
2002-03-31,-0.008187442139306556,0.0126268868751096,-0.00873443681401287,0.04220182534003758,-0.0066673771953935645,-0.03786095982148996,0.4364761598438385,0.4364761598438385,0.45945945945945965,0.43243243243243246,3.078472357882399,-0.9489627278891065,-1.5598509734796893,-1.3285459071018506,0.14135015631207137,0.06864029342415501,0.14155031295137221,0.03993344425956735,0.0,0.5074829931972791,0.1773735076748153,0.04398826979472137,0.000932835820895539,0.03122362869198314,0.0,-0.028340569223347933
2002-06-30,0.006811093425696191,0.021440076635160343,0.004067781042309093,0.03222132037326597,0.03105446955767488,0.030316110024887877,0.10489742659264811,0.10489742659264811,0.11111111111111094,0.1132075471698113,-0.4324757995373053,3.5327736519212145,-0.6987087331273378,-1.7233847563769666,-0.08958736091827046,0.014954645746506401,0.023618726275832946,-0.07199999999999995,0.040760869565217295,0.01534296028880866,-0.03911154031868669,0.04073033707865159,0.024231127679403386,-0.07937806873977082,0.019607843137254832,-0.010425716768027726
2002-09-30,0.054161182044355716,0.04336680285403549,0.06281380361819111,0.0401614986534744,0.005413469922489478,0.030283217349085678,0.02643550449676102,0.02643550449676102,0.03333333333333344,0.033898305084745894,0.4733133028374661,1.4526285795697391,-3.0063261076086016,-2.1758445945945946,0.11570666921539385,-0.1507246376811595,0.1641944787803875,0.04482758620689653,0.01305483028720622,-0.18400000000000005,-0.09849246231155762,0.04048582995951411,-0.046405823475887065,0.045333333333333226,0.0,0.003135582591245356
2002-12-31,-0.002756482049634079,-0.07482580212571244,0.0053643432558054815,-0.028864133810759585,-0.07029797897259904,0.045583270725115366,-0.6170908051141701,-0.6170908051141701,-0.6290322580645161,-0.6065573770491803,-0.995823952980804,-1.2491431890792912,-1.168286252354049,0.6760882057175692,0.1738221962329647,-0.07081911262798624,-0.056627145637940246,-0.07755775577557755,-0.061855670103092675,-0.08278867102396514,-0.13266443701226316,0.03761348897535677,-0.0677480916030535,-0.08248299319727892,0.0,-0.04738684671167781
2003-03-31,0.01335556646268099,0.040343959649380645,0.00982205412692605,-0.001722826163198632,0.049549586500837295,-0.06356590611355584,1.0251582391010596,1.0251582391010596,1.0869565217391304,1.0,296.45953360768175,-1.2535556073676848,8.281429850364496,0.2962994707407487,0.1919589028925357,-0.023569023569023684,-0.03545301069217788,-0.05008944543828264,0.049450549450549275,0.040380047505938155,0.04048843187660678,0.03750000000000009,0.035823950870010224,-0.04170528266913798,-0.019230769230769273,0.04213151332195819
2003-06-30,0.002642237673917691,-0.022769926886799574,-0.006670129380780376,-0.2685139976026577,0.08303065288535505,0.039483539281395696,0.043835544278904015,0.043835544278904015,0.0625,0.04166666666666674,-0.03624658747140852,-1.8698850574712642,0.6872532605774995,-1.2890391259070697,-0.04654827726651989,0.11598746081504707,-0.06748346946713346,-0.06779661016949146,0.086387434554974,0.06392694063926951,0.14515132798023456,0.036144578313252795,0.08003952569169948,-0.06382978723404265,0.0,0.33602015113350125
2003-09-30,-0.024865086020341876,-0.04027220111439078,-0.027388496944555252,0.008915250551608356,-0.013060170809054306,0.0028847900744171096,-0.003717534652132981,-0.003717534652132981,0.0,0.0,0.19627442723984156,1.623301117487164,0.4447125887632557,3.1697929772389344,-0.2035726351115541,0.07584269662921339,-0.07528675703858179,-0.0626262626262627,-0.012048192771084487,-0.00965665236051505,0.1289104638619203,0.03488372093023262,0.011893870082342328,-0.07024793388429751,0.019607843137254832,-0.048831070889894246
2003-12-31,0.02770308155302037,0.009052736900091007,0.01484493334263215,0.07238848872479897,0.1358586196234426,0.06847651451129089,0.23983993786617597,0.23983993786617597,0.23529411764705888,0.26,-0.2983476462659046,-2.92171084822842,-0.6980836630864895,-1.117372759315897,0.030001332146087245,0.054308093994778206,0.14930085701398288,0.21767241379310365,0.14146341463414647,0.06717226435536294,0.12183468705207834,0.033707865168539186,0.10578661844484638,0.2088888888888889,0.0,-0.058969276511397495
2004-03-31,0.032677012857835086,0.024243437086553854,0.031165090700245868,0.10880029195657381,0.05241308782171905,-0.035468639533438595,-0.1380188473689944,-0.1380188473689944,-0.12698412698412687,-0.1428571428571428,0.5675586313833243,0.26759128897942075,1.135838529086858,-0.4275531666277168,0.01667392754550523,0.023526498266468465,-0.03591051805337531,0.015929203539823078,0.05769230769230771,-0.10355329949238579,-0.16567291311754684,0.03260869565217406,0.01880621422730977,0.008272058823529438,0.0,-0.07635597682991047
2004-06-30,-0.010843687363400245,-0.007122092627995125,-0.011769146814176401,0.03426349933218842,-0.007531760276977217,0.02899425047059445,0.0641736575193137,0.0641736575193137,0.05454545454545445,0.07407407407407396,-0.13089774454683645,-0.06234048586822949,-0.4449080851735292,5.036129822412737,0.09899535002058846,0.057343334139850155,-0.00854874821901086,0.024390243902439046,-0.008080808080808133,0.0,0.028075548749362023,0.03263157894736857,0.0032102728731941976,0.01458523245214205,0.019230769230769162,-0.039908779931584815
2004-09-30,0.0509388192459983,0.023460248770429182,0.049788709183408164,-0.00256858622668521,0.07257590899285482,0.009636777811777186,0.013346397660297882,0.013346397660297882,0.01724137931034475,0.0,-0.10514511431727647,3.7322319673370634,-2.413354179498113,-0.38317946636907785,0.055561986341011727,-0.02471395881006877,-0.024635598439745388,0.010204081632653184,0.07535641547861505,-0.016987542468856254,-0.0595829195630585,0.030581039755351647,0.02079999999999993,0.017070979335130243,-0.018867924528301883,0.026009501187648443
2004-12-31,0.028870474848064598,0.029573782299313178,0.02540274863602887,0.0881031137240007,0.05903894555896505,0.11874364487869626,-0.39422485276451114,-0.39422485276451114,-0.38983050847457623,-0.39655172413793105,0.01386446954960352,-0.3804293120940748,-1.099424548857478,-2.661458333333333,-0.08745476477683956,0.037071797278273255,-0.15512523679225432,-0.1397306397306397,0.058712121212121104,-0.03571428571428581,0.0015839493136218241,0.029673590504451175,0.029780564263322873,-0.14399293286219073,0.019230769230769162,-0.053709920129644595
2005-03-31,-0.00018939818218477456,0.008669608025885456,-0.0041787001008090074,-0.12177957229630076,0.025185240306616397,-0.032528568124837065,0.809040121889284,0.809040121889284,0.8055555555555556,0.8285714285714287,-0.11282117507068046,-0.9010865267247752,8.17290402337604,-1.2087774294670846,0.020008411944961946,0.02149321266968318,0.010214250124564117,0.02935420743639927,0.028622540250447193,-0.03464755077658288,0.1607801792303638,0.029779058597502406,0.02511415525114158,0.018575851393188847,0.0,0.14850152905198777
2005-06-30,0.03500934948750967,0.014852928508478414,0.04046946133883722,0.22271908289458642,0.009419524986163275,0.032164505975164515,-0.07067324403090824,-0.07067324403090824,-0.06153846153846154,-0.0625,-0.886930167031436,14.051968367080907,-2.7144467382581583,-8.216690374585111,-0.14156208145245297,-0.02857142857142858,-0.0303329223181259,-0.019011406844106515,0.013913043478260834,-0.05569306930693074,-0.07356948228882842,0.02891791044776104,-0.024498886414253906,-0.02127659574468077,0.0,-0.16998615401001171
2005-09-30,-0.0007083909841970604,0.010765817088843832,-0.0050130103691991,-0.15384497966879285,0.026590413698568627,-0.0027496482067735917,0.03789083010263905,0.03789083010263905,0.032786885245901676,0.03333333333333344,9.04551724137931,-0.8911623932610867,-1.5786942415710263,-1.3863994743758212,0.06371982490862593,-0.017327861377108955,-0.013733468972533136,0.0,0.030874785591766596,-0.03145478374836175,-0.026470588235294024,0.02810516772438798,0.027397260273972712,-0.011387163561076608,0.018867924528301883,0.19453355575516484
2005-12-31,0.04589873945227252,-0.015842682112788276,0.0630936244762228,-0.027565858770573937,-0.05004490966626751,0.07472018542737802,-0.3510419337625348,-0.3510419337625348,-0.3492063492063493,-0.33870967741935487,-0.5103025310082842,0.7259031351121956,-0.4339149656083676,-3.891685087570141,-0.17322011224777356,-0.03573085846867752,0.019082001031459628,0.0019379844961240345,-0.04492512479201327,-0.06359945872801076,-0.05287009063444115,0.02733686067019403,-0.09185185185185196,0.004188481675392541,0.0,0.012031367493823275
2006-03-31,-0.003099408344413135,0.018648112999418265,-0.008832734461549863,0.006635755232837104,0.03583726144272292,-0.03682499569553033,0.6394857118448594,0.6394857118448594,0.6585365853658538,0.6341463414634148,1.675234125278053,0.820516366989396,1.3605615060753475,-0.055862636716452974,-0.19780788389751514,0.030317613089509088,0.0025303643724696734,-0.011605415860735047,0.059233449477351874,0.07803468208092479,0.0026581605528974706,0.02746781115879826,0.039151712887439016,-0.008342022940563076,0.0,0.011888334571701575
2006-06-30,-0.08271654561351782,0.40008247853732337,-0.047270042104789245,0.4830471368463658,-0.3364424858686682,-0.01060747636927184,-3.319277265384816,-3.319277265384816,-3.3676470588235294,-3.373134328358209,-0.615311248838363,-3.2199373633516517,0.6117983005346062,-1.5465869456900847,0.004986152420638712,-0.014245679588977045,-0.9273094396769308,-0.9334637964774951,-0.3355263157894737,-0.0697050938337801,-0.027041357370095387,0.02673350041771072,-0.2770800627943486,-0.9337539432176656,0.0185185185185186,-0.05591104584076367
2006-09-30,-0.030031234617308722,-0.10048309079928597,-0.041601725862120076,-0.06790961247630956,0.06956853095355431,0.03175977713952527,-1.4173851502777512,-1.4173851502777512,-1.4161490683229814,-1.4150943396226414,-1.549945055444052,-1.5049662326600146,-1.5740237997632063,-0.7512154360376785,0.03336474543463308,0.012793176972281328,0.22569444444444442,0.1470588235294117,0.06683168316831667,0.5244956772334293,20.179291553133513,0.026037428803905582,0.10314875135722046,0.11111111111111116,0.0181818181818183,-0.03499999999999992
2006-12-31,-0.09983282982726027,-0.1703775081223512,-0.09280874918489035,-0.32185887635034693,-0.2694926906328098,0.0488665911781716,0.07167945094872841,0.07167945094872841,0.08955223880596996,0.10606060606060597,9.277664932705804,-6.329698630962242,-1.3729817464479237,0.6410687022900763,0.17862617997190244,0.07789473684210524,2.062322946175638,1.8205128205128203,-0.26450116009280733,0.010396975425330801,-0.2095512556607657,0.025376685170499735,-0.1889763779527559,1.6285714285714286,0.0714285714285714,0.22348877374784104
2007-03-31,-0.0006977248768339495,-0.0016336207930324198,0.003619272830606146,-0.005588617873747648,-0.04675273781481115,-0.05929067503540375,-0.09089425075185376,-0.09089425075185376,-0.09589041095890405,-0.1095890410958904,-1.353852407915625,-1.136361324305689,0.7574447003374216,-1.6379198064936273,-0.02867813736397018,0.015190972222222321,0.11100832562442187,-0.027272727272727226,-0.04416403785488965,0.380729653882133,-0.6760091145833333,0.025522041763341052,-0.04611650485436891,-0.08695652173913049,0.06666666666666665,0.0039525691699604515
2007-06-30,0.08453262686909202,0.06191320092439612,0.08281821343623075,0.2659457393458935,0.15235258814703667,0.09107172277348141,0.05140335368380344,0.05140335368380344,0.045454545454545414,0.04615384615384621,-0.15199909183789306,4.586623147860325,-3.8180993958233334,-3.8761849205191776,0.0849189433572306,0.014536126549807626,5.518734388009992,5.355140186915889,0.15841584158415833,0.060975609756097615,0.059680498342208343,0.02488687782805421,0.0636132315521627,5.107142857142858,0.03125,-0.1611361079865017
2007-09-30,0.03547039862907497,0.056999765052704765,0.031950819706799694,0.01870495108603243,0.09004964565786033,-0.022525103140954794,-0.16135155906173848,-0.16135155906173848,-0.1594202898550725,-0.1470588235294119,0.5517560816274076,-0.8070664824311667,-1.2735695515350758,3.4009735320961365,0.34447368107728393,-0.03139485882848714,0.004342827947375172,-0.03676470588235292,0.09971509971509973,-0.16347381864623245,-0.8397648620460795,0.024282560706401668,0.05263157894736836,-0.04678362573099415,0.015151515151515138,0.037546094535702235
2007-12-31,0.003474248227806509,0.014959247081499205,0.027360105329281126,0.009609696053015648,-0.2316063568660005,0.10340938700252011,-1.453722341883689,-1.453722341883689,-1.4655172413793105,-1.4655172413793105,0.2550277440371025,-1.1284235217211578,2.3779363369536215,-0.5574335222821328,0.11339195838978866,-0.09223406569501857,-0.3599135190130993,-0.3908396946564886,-0.2098445595854922,-0.17480916030534344,-0.06449704142011825,0.008620689655172376,-0.23409090909090902,-0.38854805725971375,0.0,0.0052773290253096405
2008-03-31,0.00833586127163266,0.017986735200759885,0.019862305257569046,-0.029591678642597263,-0.13938843748591256,-0.054252764163011835,-3.056016848210741,-3.056016848210741,-3.074074074074074,-3.074074074074074,-0.31718710904956593,-6.34164233849839,-0.5334571838155701,-0.4634628901673913,0.0546429253186842,-0.14929307452671936,-0.03258493939996021,-0.09774436090225569,-0.12459016393442623,0.07678075855689181,0.3693864642631244,0.024928774928774988,-0.14688427299703266,-0.09364548494983282,-0.014925373134328401,0.04906792371973423
2008-06-30,0.0025015706860653797,0.002756766002174338,0.003912330208263093,0.010971552486991554,-0.017910749701066098,0.008976738246343485,0.07897366145269213,0.07897366145269213,0.10714285714285698,0.08928571428571419,-0.14423948102779693,-0.11372076402415954,-0.26395098733923206,0.5344978165938865,0.07950506050992234,0.027605633802816776,0.011295953994660213,-0.0805555555555556,-0.01872659176029956,0.1735395189003437,0.08729792147806004,0.02432244614315504,-0.02086956521739125,-0.07564575645756455,0.0,-0.008169934640522847
2008-09-30,-0.028928055005993047,-0.026183381051620103,-0.011604266724854595,0.022827618761827928,-0.30899289705325184,-0.02544761429796627,-0.23562552039156792,-0.23562552039156792,-0.24193548387096775,-0.2295081967213115,0.3215319245048631,0.05753905508822976,0.5007369416495566,-0.07120723455384814,0.06840516799716823,-0.02439692982456121,0.10519902518277835,-0.09063444108761332,-0.30534351145038163,-0.005856515373352855,0.02166525063721325,0.023744911804613356,-0.2877442273534637,-0.0978043912175649,0.015151515151515138,-0.04787891268533773
2008-12-31,-0.0680521950363,-0.08100185701921747,-0.008621369354745223,-0.09123520824051268,-1.5000598861364924,0.003176381574143905,-0.24714697288987975,-0.24714697288987975,-0.23404255319148937,-0.23404255319148937,-0.11434298980231294,-0.5121032250347621,0.6398337799173441,-3.7954994212568938,-0.17898322965391267,-0.2377072211295309,0.0,0.49169435215946855,-1.5,0.097938144329897,-0.17671517671517667,0.02319416832339294,0.0,0.4823008849557524,0.0,0.011246890883529925
2009-03-31,-0.028765636677036688,-0.03529827247987127,-0.027702337211825023,-0.17068327455245225,0.07691120348735092,-0.11143000497878064,0.41175356988316736,0.41175356988316736,0.41666666666666674,0.38888888888888884,0.11150823165215984,0.9088624662907576,-0.4333725680260334,-1.566839188942337,0.12357202970231307,-0.16918540361223733,0.0,-0.0044543429844099425,0.07692307692307687,0.0,-0.43080808080808086,0.023316062176165886,0.0,-0.0029850746268657025,0.0,0.1631911025558761
2009-06-30,0.00978854517354022,0.023942025597089467,-0.010702386517196683,-0.029812921907277468,-0.850243909671871,-0.0008132886435331388,0.12317771690197499,0.12317771690197499,0.11764705882352922,0.1399999999999999,-0.25158154019770607,-0.5628511799646814,0.023430435738898803,-0.5263825033300391,0.052089117403128826,0.04170363797693,0.0,0.0022371364653244186,-0.846938775510204,0.0,0.07364685004436566,0.022784810126582178,0.0,0.0059880239520957446,0.0,0.055438080353038544
2009-09-30,-0.002819502253629369,-0.01681359829430462,-0.016044256092362263,-0.06883606424188349,-3.5575907590759077,-0.01570010635041086,-0.11968924289198546,-0.11968924289198546,-0.12280701754385959,-0.12280701754385959,0.20356569815770653,1.3524421593830334,0.1621445755801112,-1.1875255159900204,-0.009284421307005797,-0.021294718909710353,0.0,0.0379464285714286,-3.466666666666667,0.0,-0.0008264462809917106,0.022277227722772297,-0.773067331670823,0.04761904761904767,-0.014925373134328401,0.05592334494773521
2009-12-31,-0.0011832836085023946,0.008825075273899197,0.016251993701220213,0.05625187260676734,-0.8236918510871669,0.07184814492710889,0.16269968128493506,0.16269968128493506,-0.06000000000000005,-0.06000000000000005,-0.6320064889956111,-0.7128651045162901,-0.4863051697213775,5.867682631833575,-0.06436000435247824,0.06309834638816358,0.0,0.12043010752688166,-0.8108108108108107,3.428571428571429,0.047146401985111774,0.021791767554479424,-0.8241758241758241,0.13494318181818166,-0.015151515151515138,-0.04495957762745417
2010-03-31,-0.01940048355320323,-0.00957177417074917,-0.01778236496212615,-0.06340555639761891,-1.4141842933469955,-0.07293655732463278,-0.30318608255153223,-0.30318608255153223,-0.1914893617021276,-0.1914893617021276,2.3406224084500895,1.215299298646224,0.9924101517969641,-3.2613856503821634,0.1555542633686826,-0.06753990994678671,0.0,-0.042226487523992384,-1.4285714285714284,3.928517340602756,-0.11769352290679302,0.021919431279620927,0.0,-0.041301627033792254,0.0,0.05752785695776108
2010-06-30,-0.010908005868302095,0.0024473324008866815,0.002938977953703903,0.0051287171550762345,20.3254992048065,-0.03782432265046176,-0.21174655937249653,-0.21174655937249653,-0.21052631578947367,-0.21052631578947367,-0.6156956766008597,1.3393952780641043,-0.8334813922557656,-1.2724016011712849,-0.036669182706420056,0.037752414398595224,0.0,-0.11422845691382755,18.333333333333332,0.0,0.10205908683974929,0.02086956521739136,0.0,-0.10835509138381205,0.0,-0.0026954177897574594
2010-09-30,0.004692483460626784,-0.03548510880346356,-0.001469009346311223,0.0025074005152214696,-0.420455581243112,0.03739100873626011,0.3490534554942055,0.3490534554942055,0.43333333333333335,0.43333333333333335,1.0661006000645963,0.47107143231816706,4.5842425703779615,3.1972096746526386,-0.15976676511749888,-0.06810490693739424,0.0,-0.03167420814479649,-0.4137931034482758,0.0,0.08448415922014618,0.021010789324247714,0.0,-0.03660322108345537,0.0,-0.037919737919737795
2010-12-31,0.01540613669681501,0.05726040367382623,0.019130655788996087,0.054280448502253886,0.3809122104661138,0.06561435995904108,-0.39408556811154216,-0.39408556811154216,-0.2790697674418604,-0.3023255813953488,0.1733508854927288,-0.8202732770424463,-0.12415665446851687,-2.339377426605817,0.2546769037886676,0.04357694053563321,0.0,-0.18224299065420546,0.38235294117647034,0.0,0.0898876404494382,0.020022246941045596,0.0,-0.1808510638297871,0.0,0.002809227887971222
2011-03-31,0.006256614886056111,0.024523301158384525,-0.002263400092719303,-0.014279174444965292,-0.740218055311086,-0.07738476278937434,0.6015736634067586,0.6015736634067586,0.35483870967741926,0.3999999999999999,0.04044891033012643,1.1178874692484722,-0.5093208275046065,0.7057680767313892,0.34624031976017977,0.07872988255763391,0.0,0.005714285714285783,-0.7446808510638299,0.0,0.20893470790378,0.020174482006543037,0.0,0.01298701298701288,-0.015384615384615441,0.03938879456706279
2011-06-30,-0.015052630067552086,-0.029540433476432426,-0.018457192166771552,-0.020972414461629896,-0.9534077321642088,-0.006496259832253659,0.1695286429365963,0.1695286429365963,0.19047619047619047,0.16666666666666674,-0.4856466988586775,0.04771896955503507,1.1759541840925363,-1.4389884679140876,-0.11290369577452697,-0.024193548387096864,0.0,0.11647727272727271,-0.9166666666666666,0.0,-0.05116543490619663,0.019775521111704775,0.0,0.11538461538461542,0.0,-0.008738974191440652
2011-09-30,-0.024601282310788175,0.026314548897029777,-0.020036902293146697,-0.0024124243302225956,37.73652694610779,-0.011221218525433008,0.7116659236142071,0.7116659236142071,0.72,0.7346938775510203,0.9723204926624738,-0.44204427595579554,-0.2984600821905158,-2.8574319827223214,0.23640154344037834,-0.14338842975206612,0.0,0.2595419847328244,22.0,0.0,-0.24266027561414028,0.019392033542976916,0.0,0.26600985221674867,0.0,0.028837439235395834
2011-12-31,-0.0019555150043482072,0.06195541873325361,-0.0028134550390673807,0.25768219002668835,-0.13905880794116998,0.031532079118336,0.49029617924719426,0.49029617924719426,0.5,0.5294117647058825,-0.4361927222600521,-2.66261778091148,-0.3369423921807382,0.031430535445278185,0.19721082671275214,-0.070429329474192,0.0,0.5030303030303029,-0.13043478260869568,0.0,-0.26028481012658233,0.019023136246786754,0.0,0.5175097276264593,0.0,-0.1556819091855529
2012-03-31,-0.010414252720966855,0.010552913654521046,-0.027234806811902046,-0.01601914962569484,-3.335274200995229,-0.06343742517940165,-0.38374360129566476,-0.38374360129566476,-0.3875968992248062,-0.39230769230769225,-0.43444858810984055,-1.0765464464020664,-0.4410239229700218,-0.5794574742633505,0.06927396354751836,-0.03736377789309797,0.0,0.13306451612903225,-3.25,0.0,-0.35187165775401075,0.018668012108980836,6.062499999999999,0.13162393162393138,0.0,0.02703215403585313
2012-06-30,-0.08896527498871909,-0.17392166189725822,-0.09218218739270956,-0.0884288472037742,-0.10738881627362895,-0.007834948425364918,-0.3721371399760509,-0.3721371399760509,-0.3670886075949368,-0.3670886075949368,1.8561070889108806,1.8632586250314782,13.648271881728784,-8.009710865716935,-0.4541310006083755,-0.17304582210242592,0.0,0.029655990510083052,-0.08888888888888902,-0.8952462895246289,-0.2623762376237624,0.018821198613174772,-0.017699115044247704,0.011329305135951762,0.015625,-0.09373845585519025
2012-09-30,-0.009643434844153087,-0.017360718123143326,-0.016390423863497205,-0.03087329440742681,0.533642605763788,-0.024193742585193023,-0.23177378717765973,-0.23177378717765973,-0.24,-0.24,-0.7466335001385991,6.100351802990326,-0.8900695570473867,-0.819657463905277,-0.15003441569355624,-0.08996088657105605,0.0,-0.1140552995391706,0.5121951219512195,-0.0011733646230568384,-0.09172259507829983,0.01798736023334957,0.5405405405405406,-0.1254667662434652,0.01538461538461533,0.013859166411902546
2012-12-31,0.08052125838206048,0.20121185966570843,0.0875109785072965,0.07045290328245679,-0.11234584740798981,-0.023701196946228298,0.4416918192152406,0.4416918192152406,0.44736842105263164,0.42105263157894735,2.175006477989232,-1.1156928565235165,-4.554368503763337,-7.514636650974221,1.149952093863071,-0.10171919770773652,0.0,-0.24187256176853056,-0.11290322580645151,-0.4058737151248164,0.039408866995073843,0.018147086914995114,-0.17543859649122817,-0.224594363791631,-0.030303030303030276,0.12222333902904814
2013-03-31,-0.031016333432613785,-0.04680667981060527,-0.027686038570272742,-0.08387865710451414,-0.33845847908813986,-0.016773615174105916,-0.3881834742652057,-0.3881834742652057,-0.38181818181818183,-0.38888888888888895,-0.40078438484731704,-7.908886509635974,-1.2578914912678743,-1.0073942602361987,-0.0039549927951682,0.04784688995215314,0.0,-0.1921097770154373,-0.34545454545454557,0.18091942659416715,0.40995260663507116,0.017823639774859235,-0.3191489361702128,-0.19052863436123357,0.0,0.040394088669950756
2013-06-30,-0.06340563012121947,-0.10051381909465673,-0.05962258724808178,-0.13240354135405386,-0.6947408692800634,-0.007497283530827237,-1.1367730275827335,-1.1367730275827335,-1.1470588235294117,-1.1515151515151516,0.11134231234866832,-0.6669869361062468,5.319302203173171,82.35991140642304,-0.33099693952932074,0.12404870624048692,0.0,-0.30360934182590227,-0.6944444444444444,0.717455002092926,0.41848739495798304,0.008755760368663656,-0.6770833333333333,-0.29387755102040813,-0.015625,0.03675964187327829
2013-09-30,0.002345370283920234,0.16360660225916446,0.004084531038341721,0.14971551166574915,-0.49702340987422233,-0.5570299609655269,-0.40138633163652115,-0.40138633163652115,-0.4,-0.4,0.46059574468085107,0.44985806691795793,-0.9167757411911414,-1.5017270239392086,0.24823520132507793,0.10291130670277582,0.0,-0.3323170731707318,-0.4545454545454546,2.609310260784792,0.6078199052132702,0.008679762448606576,-0.4838709677419354,-0.21965317919075145,-0.1428571428571428,0.012123225110022506
2013-12-31,-0.05275910316349863,-0.11433300339137065,-0.0810236286642333,-0.1526539340313423,15.766307733380795,1.0099112953682967,-17.299800977021892,-17.299800977021892,-16.0,-15.666666666666668,-0.38811793497261393,-12.808800873026062,8.905178576534842,-0.01918341409166735,0.19505394689035271,0.3014119091467158,0.0,-0.09132420091324189,14.500000000000002,1.385913971233709,0.9778924097273396,0.008605072463768071,16.374999999999996,-0.0888888888888889,0.0,0.04520469275576322
2014-03-31,-0.020873777520011183,-0.008075506692241441,-0.02270172958212835,0.07270997035131788,0.007298185273058255,-0.09085645959462252,-0.5041236998967688,-0.5042791017771315,-0.5111111111111111,-0.5,-0.19539249146757676,-1.1606023130342606,-0.8558895361928902,-1.0301275561854626,-0.0049173501827483035,0.1235849056603775,0.0,-0.1306532663316584,0.010752688172043001,-0.9275181841338126,0.286140089418778,0.00808262236192192,0.02877697841726623,-0.10569105691056913,-0.01851851851851849,-0.07527472527472534
2014-06-30,-0.005316123327184785,-0.007810912686854521,-0.02070416722808155,0.008685481863051736,0.4846610249870902,0.02234993818646891,1.1101112528820543,1.1105264336415952,1.1363636363636362,1.0909090909090908,0.6553457809422816,-2.203205388572976,1.930447324665959,-23.974686379928315,0.11353285909434074,0.09739714525608734,0.0,0.9017341040462428,0.47872340425531923,0.08590394377196398,0.30561993047508684,0.008463251670378646,0.49300699300699313,0.9696969696969697,-0.037735849056603765,-0.01638231049995742
2014-09-30,-0.026083055655909737,-0.03622952333832863,-0.02802213442203061,-0.0639276396385633,-0.012102670395661486,-0.017534561009963978,0.40337346841351507,0.4034205444861756,0.38297872340425543,0.4130434782608696,-0.3308680954750588,-2.3173359589281946,-0.4112588440373244,-1.8017336362484033,-0.08174263670082837,0.01377199693955622,0.0,0.662613981762918,-0.007194244604316502,-0.3146350233728875,-0.4606168182826714,0.008392226148409732,0.014051522248243575,0.43692307692307675,0.1568627450980391,0.0295995857783915
2014-12-31,0.009597703126554169,0.025265758875406608,0.04491854695613395,0.04619273052489947,-0.7224353861740425,0.04488851413060568,-0.5273378738973006,-0.5273590468558642,-0.5230769230769231,-0.5230769230769231,1.206214471940847,-0.3421457247800461,-0.657284845107055,-2.8907753116448767,0.16831551323191252,-0.09320754716981128,0.0,-0.06581352833638021,-0.7246376811594203,-0.08656873032528845,-0.4413821472645002,0.008322382829610175,-0.7251732101616628,-0.06531049250535326,-0.016949152542372947,-0.020031849803034185
2015-03-31,-0.05801230493025189,-0.09479225540918512,-0.05790613449073834,0.011393178834570472,-0.28895015467453633,-0.09475634532727994,0.28921443193449337,0.2892034548944338,0.2903225806451615,0.2903225806451615,-0.5974838624687129,0.045900149321560724,6.181528662420382,-2.334401070309837,-0.19224293306274876,-0.04785684560965464,0.0,0.12915851272015666,-0.2894736842105263,2.4583572659391155,0.0272459499263622,0.008253692441355431,-0.24369747899159677,0.12142038946162659,0.01724137931034475,-0.10494355114608278
2015-06-30,0.023686938400112822,-0.054006792924663816,0.0014388331783643515,0.008148210819771906,2.483462273596068,-0.010991589581455075,0.8827221753585075,0.882855051426161,0.875,0.875,-0.0716451529065234,0.4705617628801986,-0.4092135679577299,-0.4335431750040972,-0.13481444601101078,-0.022727272727272707,0.0,0.17157712305025985,2.518518518518518,0.375352931406743,-0.11899641577060938,0.007755277897457891,2.4,0.1797752808988764,0.0,-0.06163401815575731
2015-09-30,-0.017968208984839973,-0.027839090993324822,-0.010932080424901236,-0.030489760578851777,-0.2578175623419243,-0.012884681532675413,-0.4117282730447388,-0.4117554032683184,-0.4,-0.41333333333333333,0.5592882916511135,-0.5304707533531019,0.0749746464477079,-0.6749804281970115,-0.05064501286843437,-0.10017889087656517,0.0,-0.0902366863905325,-0.2421052631578947,-0.7442337881898322,-0.22375915378356392,0.008123129542539465,-0.2450980392156863,-0.08225108225108235,-0.016949152542372947,0.002647657841140516
2015-12-31,-5.193933160430042e-05,0.009600704689983308,-0.006489831300154458,-0.02336877524014558,0.2583663669583953,0.07751905890579058,-0.033634999215967354,-0.033638766914598106,-0.022222222222222254,0.0,0.09003617406107023,1.2338068054119655,-0.2652691319140086,0.05752061788192164,-0.09137038113009377,0.015904572564612307,0.0,0.07642276422764227,0.29166666666666674,0.3404154863078377,0.1278825995807129,0.008057675996607339,0.2597402597402598,0.07547169811320753,0.0,0.03382084095063975
2016-03-31,-0.022085946310503868,-0.045531354318978146,-0.014151211445775691,-0.1377547057964038,-0.3102807712536789,-0.0985733451305143,-0.3272291055760962,-0.32726703682667,-0.31818181818181823,-0.31818181818181823,-0.6439447548864108,-0.39653489752593296,-0.43520241032070206,-0.06986531986531985,-0.05775051225334593,-0.07436399217221135,0.0,-0.051359516616314216,-0.30107526881720437,-0.2835505459668898,-0.13382899628252787,0.00799326882625162,-0.2955326460481099,-0.0429824561403509,0.0,0.10698496905393462
2016-06-30,-0.007034008000903147,0.03221773800190042,0.0003956189054996617,0.08476561764509816,-0.3606369860791122,-0.010304420256479818,-0.076766702270613,-0.0767626990144048,-0.033333333333333326,-0.06666666666666654,0.6314463900215879,-1.7247870087864086,0.07686662012423251,-2.6764705882352944,0.10275095556675762,0.006871035940803294,0.0,-0.24522292993630568,-0.3538461538461539,0.44100294985250743,0.05901287553648049,0.007929883138564131,-0.35609756097560974,-0.24472960586617787,0.0,-0.04845580404685834
2016-09-30,0.04951675814699796,0.09454653645559863,0.04360071963429912,0.015830750855900133,0.6552091660005328,0.0037624747872317954,0.2224668781489083,0.2224855825759131,0.2068965517241379,0.24999999999999978,0.44234990180737443,-2.3424043062200957,-4.948185581062885,4.018925140906565,0.4676480682631825,-0.04986876640419946,0.0,-0.08860759493670878,0.6666666666666665,0.4704878880928012,0.2563323201621075,0.007453416149068248,0.5757575757575757,-0.07524271844660191,-0.017241379310344862,0.07750419697817557
2016-12-31,-0.067382887081606,-0.07052463855248303,0.018645409883176534,0.07490417563336438,-1.7946217765921566,0.05725414198045131,-2.2874435217975333,-2.2877774724435893,-2.3142857142857145,-2.3142857142857145,0.45449316305281706,-0.30275716709220835,-2.4550483977584197,-1.6870873758766534,-0.2293816381393201,-0.10441988950276249,0.0,-0.6435185185185186,-1.8000000000000003,-0.4626450116009281,-0.04596774193548392,0.0078092889436909285,0.0,-0.6430446194225723,0.0,-0.135289535185666
2017-03-31,-0.015412018194548627,-0.039587851794890994,-0.024791976424696216,0.05190755016177473,-0.5529808990931893,-0.05684901625465433,-1.7722395456647262,-1.7720504552352048,-1.7608695652173911,-1.7608695652173911,-0.22905643187176805,0.6925950502592839,-0.6542058508637403,-0.8850414364640884,-0.032659622613868566,-0.10795805058605801,0.0,0.09090909090909083,-0.5535714285714286,0.0,1.6010143702451396,0.0077487765089723215,0.0,0.0808823529411764,0.0,-0.08698698698698704
2017-06-30,0.05049040649738812,0.11573107569899532,0.037018325163558075,0.07542230971557395,-1.6338857956752557,-0.018250382482310146,-0.24921314848080078,-0.24926294453657638,-0.2571428571428571,-0.2571428571428571,-0.8010402192122384,1.26399012632496,-2.7645916838907807,-5.045456365893708,0.13658385538291373,0.020055325034578075,0.0,-0.05357142857142849,-1.6400000000000001,0.0,-0.07799805004874871,0.007689194658033083,-0.7644230769230769,-0.04421768707482987,0.0,0.03738625150751007
2017-09-30,0.123242688677214,0.29257775296529065,0.11195103175362742,-0.1399020244904594,2.432846491676029,0.026113656313651257,0.17294124864522198,0.17299707512630147,0.1923076923076923,0.1923076923076923,3.762573023073659,-1.443019221272311,1.957647694831985,7.477680648642227,1.018767161096597,-0.060338983050847506,0.0,-0.10062893081761015,2.375,2.740500863557858,-0.02291152626013404,0.007630522088353464,2.0408163265306123,-0.08540925266903909,-0.01754385964912264,0.5028535193405199
2017-12-31,-0.015143170141535545,-0.18135030679475628,-0.02850353876777656,-0.09261015661911132,0.8700326282070354,0.2447699390142617,0.5681857805362809,0.5682923852203177,0.5483870967741935,0.5161290322580645,0.13229630644829715,-8.344157160229312,-1.5568703091755371,-1.803282344959181,-0.40537496839831155,-0.13997113997113997,0.0,1.895104895104895,0.8703703703703702,-0.745238370079649,-0.0652958152958153,0.0075727381426864415,0.8926174496644295,1.8638132295719845,0.0,-0.09774964838255962
2018-03-31,-0.053767378904474916,-0.131793645230737,-0.05938672641666132,-0.024704220403670485,0.1396471168481288,-0.06284809034645322,-0.4050673722595277,-0.40510340226817876,-0.39583333333333337,-0.4042553191489361,-0.4996731947033334,-0.9246173406530588,-0.020148856225616463,-0.5796575575462071,-0.2865609338160454,0.07550335570469802,0.0,-0.0652173913043479,0.13861386138613851,-0.42501132759401905,-0.6441528367425704,0.007120253164556889,0.2056737588652484,-0.08288043478260865,0.01785714285714257,-0.10982073265783343
2018-06-30,-0.01153028553308122,0.0790311891527995,-0.008827752273853462,0.003857349420674172,-0.08830441196316308,-0.34904931131774175,-0.09902266738923249,-0.09903747313335198,-0.10344827586206884,-0.07142857142857151,0.11721017998838779,0.649599916322368,-0.883928807552958,-0.8962288947452153,-0.04168084736933497,-0.2480499219968798,0.0,-0.01033591731266148,-0.09565217391304337,-0.33963750985027574,-0.20824295010845995,0.00746268656716409,-0.07647058823529429,0.04888888888888876,-0.05263157894736825,0.0748620961386921
2018-09-30,-0.053278256168686755,-0.12908745077811667,-0.06421676747370697,-0.10070095931473688,0.2845541734510022,0.30133140000906256,0.596071680424773,0.5961706011699788,0.5769230769230769,0.5769230769230769,0.2515103614040406,-5.811219960687337,7.761904761904763,-3.345842359606732,0.10202936785191419,-0.16078838174273868,0.0,0.11488250652741527,0.28846153846153855,-0.0715990453460621,-0.16027397260273968,0.007407407407407529,0.3566878980891721,0.08192090395480234,0.03703703703703698,-0.03152492668621698
2018-12-31,0.009971026059637067,0.08047882478731805,0.012567753315852803,0.026412232894557297,-0.048453108485055574,0.28034017885444773,-0.4154224006861331,-0.41546559230619273,-0.4390243902439024,-0.41463414634146345,-0.1207349989618659,-0.8103561320677011,-0.882991817488385,0.5481551991134728,0.1433331097247379,-0.1297898640296662,0.8224917309812569,-0.1428571428571429,-0.052238805970149294,-0.3251928020565553,-0.1908646003262643,0.007352941176470562,-0.05868544600938974,-0.1710182767624021,0.03571428571428559,0.05265371351669601
2019-03-31,-0.027898996518108565,-0.04178136474289418,-0.002358448196202234,-0.044359606707087273,-0.6393899913142247,-0.18562295855258037,-1.0591085917528065,-1.059296974008938,-1.0434782608695652,-1.0416666666666667,-0.3139438781534102,-1.6061085147413958,0.5801664320813888,-1.2602275855740113,-0.03488386808048993,0.0042613636363637575,-0.12673926194797347,-0.23497267759562845,-0.6220472440944882,0.06095238095238109,0.19758064516129048,0.0019208605455243166,-0.6284289276807979,-0.22677165354330708,-0.017241379310344862,0.0027167399121053037
