Quarter end,Assets,Current Assets,Liabilities,Current Liabilities,Shareholders equity,Revenue,Earnings,Earnings available for common stockholders,EPS basic,EPS diluted,Cash from operating activities,Cash from investing activities,Cash from financing activities,Cash change during period,Cash at end of period,Price,ROE,ROA,Book value of equity per share,P/B ratio,P/E ratio,Cumulative dividends per share,Equity to assets ratio,Net margin,Asset turnover,Current ratio
1996-12-31,0.019391368325779812,0.05413723645698765,0.025283644208376366,0.13484885425507298,0.006874079983489878,-0.08396627657039357,0.11826392431479849,0.11826392431479849,0.16666666666666674,0.2777777777777779,-0.8262514764972585,-0.0708649115089981,-1.529117336812447,-4.765129183284204,-0.16086247053737046,0.0,-0.04493087557603692,-0.08928571428571419,0.027689030883919052,0.025000000000000133,0.04578858111927642,inf,-0.010354041416165582,-0.10537634408602159,0.05555555555555536,-0.07119466343238323
1997-03-31,0.019391368325779812,0.05413723645698765,0.025283644208376366,0.13484885425507298,0.006874079983489878,-0.08396627657039357,0.11826392431479849,0.11826392431479849,0.16666666666666674,0.2777777777777779,-0.8262514764972585,-0.0708649115089981,-1.529117336812447,-4.765129183284204,-0.16086247053737046,0.0,-0.04493087557603692,-0.08928571428571419,0.027689030883919052,0.025000000000000133,0.04578858111927642,inf,-0.010354041416165582,-0.10537634408602159,0.05555555555555536,-0.07119466343238323
1997-06-30,0.0014385458815719954,0.043720350830966925,0.011547045155068103,0.10217165588761423,-0.02042812842641506,-0.08396627657039357,0.11826392431479849,0.11826392431479849,0.16666666666666674,0.2777777777777779,-0.8262514764972585,-0.0708649115089981,-1.529117336812447,-4.765129183284204,0.7217743946016919,0.05008865248226968,-0.04493087557603692,-0.08928571428571419,0.012435233160621673,0.025000000000000133,0.04578858111927642,1.0,-0.023287208909888668,-0.10537634408602159,0.05555555555555536,-0.05301645338208416
1997-09-30,0.10271097912205085,0.32210626379638385,0.10676761440577343,0.276265211642333,0.09364923497685118,0.3178854626122236,0.3304217101682174,0.3304217101682174,0.26530612244897966,0.2777777777777779,5.0684225526053295,0.11499965075579044,-1.7593047390148175,3.139060952863426,1.7351101415139873,0.005487547488391753,-0.04493087557603692,-0.08928571428571419,0.032753326509723735,-0.008130081300813052,0.04578858111927642,0.5,-0.002418797512093951,-0.10537634408602159,0.05555555555555536,0.03599007170435753
1997-12-31,0.038832664445490606,0.2931357267538588,0.04239167349809647,-0.22978385616136188,0.030787159356103322,0.2032446146450937,-0.6339457226908765,-0.6339457226908765,-0.6129032258064516,0.2777777777777779,-0.551739218916941,0.2469037266648415,-4.925280258407753,1.3080218306842397,1.4652274114935713,0.13224181360201515,-0.04493087557603692,-0.08928571428571419,0.15708622398414285,0.09836065573770503,0.04578858111927642,0.33333333333333326,0.008659508139937655,-0.10537634408602159,0.05555555555555536,0.6788233728204447
1998-03-31,-0.03995811107111302,-0.20995024875621893,-0.0028695079499482246,0.0,-0.12474459619313905,-0.10957613737687633,0.4795733719370703,0.4795733719370703,0.5,0.2777777777777779,0.8596407750249371,-0.039853521839610884,-2.6171884024488854,-2.3667261244757265,-0.8117394416607016,0.16091954022988508,-0.04493087557603692,-0.08928571428571419,-0.12291220556745186,0.0,0.04578858111927642,0.25,-0.0855082417582419,-0.10537634408602159,0.05555555555555536,-0.20994212320621586
1998-06-30,-0.0016021270793564746,-0.037279596977329965,-0.005283766570741144,0.0730421686746987,0.007986239095711944,0.09970135538708935,0.2517985611510791,0.2517985611510791,0.2777777777777779,0.2777777777777779,-0.5328638497652582,-0.23449612403100772,-1.0571428571428572,-1.0767195767195767,0.3307984790874525,0.010220376876397319,-0.03136308805790111,-0.08928571428571419,0.0068359375,0.14925373134328357,0.04578858111927642,0.19999999999999996,0.009763424708974844,-0.11778846153846145,0.07017543859649122,-0.1028600100351229
1998-09-30,0.08020075796374071,0.004186289900575568,0.10675835902300213,0.4283040935672515,0.011945392491467643,0.10862753290160843,0.2068965517241379,0.14367816091954033,0.19565217391304346,0.19565217391304346,2.178391959798995,0.22278481012658236,-10.773809523809524,-1.4482758620689655,-0.11142857142857143,0.000948466645589674,-0.07222914072229136,-0.08928571428571419,0.00921435499515022,0.0,0.018918918918918948,0.16666666666666674,-0.06433618445518774,-0.14713896457765674,0.049180327868852514,-0.2968680089485458
1998-12-31,0.05044566660345162,0.29103699843668585,0.07850531367843683,0.10628889616770398,-0.028426885087930565,0.03542491049557195,-0.06666666666666665,-0.015075376884422065,-0.07272727272727275,-0.07272727272727275,-1.1691699604743082,0.7598343685300206,-2.3325213154689406,-1.7692307692307692,0.09646302250803851,0.03348073278584951,0.19865771812080557,0.14215686274509798,0.012013455069677992,0.01948051948051943,0.07798408488063657,0.1428571428571428,-0.03537360890302066,0.13418530351437674,0.015625,0.16687877823735286
1999-03-31,0.02629836914003736,0.13461150353178608,0.052169421487603396,0.2267949666913398,-0.0544259856186462,-0.043312101910828016,-0.20408163265306123,-0.25,-0.17647058823529416,-0.27450980392156865,-5.691588785046729,-0.5823529411764705,-1.6499085923217551,-3.066666666666667,-0.18181818181818177,-0.03453545232273836,0.016797312430011146,-0.012875536480686733,-0.05603038936372273,-0.04458598726114649,-0.17322834645669294,0.12500000000000022,-0.07869798104655956,-0.033802816901408406,0.0,-0.07511929107021131
1999-06-30,-0.07863257886712793,-0.2979366773390253,-0.1046033004795891,-0.21503559792446003,0.011537957257112819,-0.08312725889290473,0.15384615384615374,0.17006802721088432,0.16666666666666674,0.2432432432432432,-0.3695219123505976,-2.771830985915493,0.7158931082981717,-1.6774193548387095,0.15053763440860224,0.021842355175688555,0.0033039647577091102,-0.008695652173912993,0.010563380281690238,0.08000000000000007,0.016666666666666607,0.11111111111111094,0.09794275491949911,-0.002915451895043608,-0.015384615384615441,-0.1055424528301887
1999-09-30,0.0019092471202188932,0.06739295667595635,0.0002108725907805642,0.05303612605687924,0.0071289695398573105,0.32365145228215764,0.016666666666666607,0.04069767441860472,0.020408163265306145,0.08695652173913038,-0.4186413902053713,-1.3338632750397457,-0.8581967213114754,-1.3571428571428572,-0.04672897196261683,-0.09758364312267664,-0.023051591657519244,-0.03508771929824572,0.0074664011946241615,-0.1049382716049384,-0.09777517564402805,0.09999999999999987,0.005295315682281032,-0.07602339181286544,0.046875,0.013513513513513598
1999-12-31,-0.05624722098710533,-0.09233325421314975,-0.03740091077753416,-0.07576642335766426,-0.11377091377091375,-0.31614420062695925,-4.2349726775956285,-4.307262569832402,-4.2,-4.2,-0.23369565217391308,-0.13809523809523805,-1.352601156069364,-11.8,0.5294117647058822,-0.19430140748369384,-1.1404494382022472,-1.1045454545454545,-0.11610671936758887,-0.20000000000000007,-0.17196625567813106,0.09090909090909105,-0.061183144246353294,0.0,-0.014925373134328401,-0.01788617886178867
2000-03-31,-0.017465926299848555,-0.11114016736401677,-0.03153883218713038,-0.044542726267572275,0.029189660180075405,0.14783405913362357,-1.472972972972973,-1.472972972972973,-1.4875,-1.48125,2.765957446808511,0.3259668508287292,-14.819672131147541,-1.1296296296296295,-0.4444444444444444,-0.08777162334895605,-1.424,-1.7391304347826086,0.027948574622694178,0.034482758620689724,0.0,0.08333333333333326,0.0474751834268452,-0.939873417721519,0.030303030303030276,-0.06970198675496697
2000-06-30,0.06963282641457735,0.35922330097087385,0.08512370527839352,0.228963465035543,0.02130661775081144,0.12579872204472853,-0.11428571428571432,-0.11428571428571432,-0.11538461538461553,-0.11688311688311681,-0.4227871939736346,0.8333333333333333,-0.8505338078291815,-3.238095238095238,0.1807692307692308,0.1298458664175619,2.0,1.2941176470588234,0.020119630233822683,0.10000000000000009,13.583072100313482,0.0769230769230771,-0.04491141326740833,1.8421052631578947,0.02941176470588225,0.10606869549741971
2000-09-30,0.0852412821415991,-0.5084415584415585,0.10445583760576893,-0.39238633306429915,0.021552915169936515,0.33096842852075214,-0.092741935483871,-0.092741935483871,-0.10144927536231874,-0.08823529411764708,-1.7585644371941274,0.7113636363636364,-10.642857142857142,-1.0638297872340425,-0.009771986970684043,0.11864406779661008,0.4150943396226414,0.33333333333333326,0.01812366737739879,0.09090909090909083,-0.5845335339638865,0.0714285714285714,-0.05867126833477132,0.33333333333333326,0.04285714285714293,-0.1909895414320193
2000-12-31,0.06671387684045915,3.9313077939233816,0.24466920783484913,2.8368386096967013,-0.57100351636462,0.07542643923240933,-19.297777777777778,-19.297777777777778,-19.241935483870968,-19.241935483870968,3.1978494623655918,-0.6586985391766269,1.3283950617283953,-207.66666666666666,2.0427631578947367,-0.14079822616407978,-25.026666666666667,-20.826923076923077,-0.5712041884816754,-0.1527777777777778,-0.36010865347303067,0.06666666666666665,-0.5980751604032997,0.0,0.09589041095890427,0.2852028639618138
2001-03-31,-0.0024065058641292714,0.016697919457094423,0.03574893875075813,0.09087761814090367,-0.39911727616645654,-0.17311028500619574,-0.7690065581734272,-0.7690065581734272,-0.7683465959328029,-0.7683465959328029,-1.3457991803278688,1.6653696498054473,-1.0823612583951927,-1.3919354838709677,-0.2627027027027027,-0.3694623655913979,0.7249352571217167,0.29776915615906896,-0.3992673992673993,0.4672131147540983,0.0,0.0,-0.3979475484606614,0.0,0.012499999999999956,-0.06809037449705979
2001-06-30,0.010092887841397502,-0.03144212190409279,-0.01747709242073836,-0.6682005712472231,0.5041972717733474,-0.24921324741495576,-1.7886435331230284,-1.7886435331230284,-1.7900763358778624,-1.7900763358778624,-0.92,-0.2233576642335766,-3.240343347639485,-1.1810699588477367,0.06451612903225801,-0.3506139154160982,0.0,-0.14125560538116588,0.5060975609756098,0.07821229050279332,0.0,0.0,0.4905303030303032,0.0,-0.06172839506172845,1.9192959149784126
2001-09-30,-0.04493672623459333,-0.12096481682988758,-0.07362493295989514,-0.3134066634783995,0.2908964073944891,0.2570858283433133,0.028000000000000025,0.028000000000000025,0.024154589371980784,0.024154589371980784,18.814814814814813,0.5714285714285714,-0.8850574712643678,5.681818181818182,0.4049586776859504,0.5283613445378152,0.0,-0.1392515230635335,0.29014844804318485,0.015544041450777257,0.0,0.0,0.35196950444726793,0.0,-0.03947368421052633,0.2803185437997724
2001-12-31,0.030754196366980846,0.008149370744790607,0.014441478241291605,0.12978871604364994,0.1677924885166171,-0.2095903461416323,-0.3138780804150454,-0.3138780804150454,-0.339622641509434,-0.3443396226415095,2.27196261682243,0.013157894736842035,3.033333333333333,8.850340136054422,4.314705882352941,0.20481099656357382,-1.3683646112600536,-1.3104145601617796,0.16527196652719667,-0.0663265306122448,0.0,0.0,0.13251879699248126,5.652777777777778,-0.12328767123287665,-0.10769504176292877
2002-03-31,0.012157715687914683,0.0006139363552644106,-0.0046607482561826785,0.17365392519523226,0.13489125404905145,-0.4037766171153073,0.1928166351606806,0.1928166351606806,0.23571428571428577,0.23021582733812962,-0.6483861753784632,-0.1298701298701299,-1.5289256198347108,-0.8736187845303868,0.06751521859435528,0.21277809469480902,0.9764192139737988,1.436482084690554,0.13105924596050267,0.043715846994535346,-0.8548615322417628,0.0,0.12116182572614109,1.906054279749478,-0.15625,-0.14743079067914755
2002-06-30,0.013251418810953819,0.033848041722057465,0.005829325008759989,0.13867974085098922,0.06075433231396543,0.23113207547169812,-0.6545166402535658,-0.6545166402535658,-0.653179190751445,-0.6549707602339181,-1.6799350121852152,-0.2971506105834464,-6.21875,-2.8770491803278686,-0.11871435977190259,-0.056914393226716875,-0.30166445721019286,-0.2005347593582888,0.050000000000000044,-0.16753926701570676,-0.616991643454039,0.0,0.04737231680236853,-0.13721264367816088,-0.07407407407407418,-0.09203994627109735
2002-09-30,-0.0039152777400146554,-0.032542037586547945,-0.01846338991639218,0.13455328310010772,0.08437439938497016,-0.19594964422550631,1.1376146788990824,1.1376146788990824,1.0833333333333335,1.0169491525423728,-1.8028673835125448,0.6100386100386099,-1.6781437125748502,-0.10480349344978168,-0.12058823529411766,-0.3576059850374065,-0.224847078675385,-0.15217391304347816,0.053665910808767814,-0.389937106918239,-0.19272727272727264,0.0,0.08833922261484117,0.05578684429641956,-0.19999999999999996,-0.14729529812825615
2002-12-31,-0.08022382967107955,-0.030773949493916763,-0.0293614687187429,0.25630252100840334,-0.3596242467210209,-0.0010211027910143056,-5.697424892703863,-5.697424892703863,-5.6,-5.831932773109244,-1.7916666666666665,-0.447242206235012,-2.035320088300221,-0.14796747967479673,-0.13154960981047936,-0.13198757763975166,-1.4914285714285715,-1.4812623274161736,-0.3644189383070301,-0.17525773195876282,0.03153153153153143,0.0,-0.3038961038961039,0.0,-0.1250000000000001,-0.22848306555027542
2003-03-31,0.04739434947768273,-0.025316455696202556,0.06388990459728094,0.02740317186319996,-0.08995294768890116,-0.18194207836456555,-0.838282320694381,-0.838282320694381,-0.8382608695652174,-0.8382608695652174,-2.7537593984962405,-0.26247288503253796,-0.8294243070362474,-2.284351145038168,0.17278562259306796,0.20930232558139528,1.3200442967884825,1.139344262295082,-0.09255079006772016,0.9124999999999999,0.0,0.0,-0.13059701492537312,0.0,-0.02857142857142847,-0.05132968322252629
2003-06-30,-0.022242371008415307,0.011147186147186128,-0.03105764724261839,-0.03496797227764359,0.0635644768856447,0.21865889212827994,-1.6412429378531073,-1.6412429378531073,-1.6344086021505375,-1.6021505376344085,-0.27545551982851013,0.21176470588235285,-0.6,-0.5601783060921248,0.06479859894921192,0.3099112426035504,0.10095465393794756,0.011494252873563093,0.05597014925373145,0.43790849673202614,0.0,0.0,0.08690987124463523,0.0,-0.05882352941176472,0.04771720086571163
2003-09-30,-0.1955488582357714,-0.17371294016911054,-0.23598078101318887,-0.664961915125136,0.16299685444666867,0.06049213943950793,1.246696035242291,1.246696035242291,1.2372881355932206,1.214285714285714,0.9334319526627219,0.07038834951456319,-22.625,-0.41216216216216217,-0.038856907894736836,0.2597402597402596,0.08259267288098848,0.04166666666666674,0.15547703180212014,0.19545454545454533,0.0,0.0,0.4461994076999012,0.0,0.09375,1.4663584497344089
2003-12-31,0.08699567723342949,-0.07409326424870466,0.09568226902460641,0.019162065605716094,0.03639045979837707,-0.3538511118272639,-0.9274509803921569,-0.9274509803921569,-0.9242424242424242,-0.8548387096774194,-1.3167559296097935,0.28798185941043086,-0.9494219653179191,-6.844827586206897,-0.21754010695187165,0.15194979829672794,-1.2232679215058069,-1.24,0.025484199796126372,-0.0038022813688212143,0.0,0.0,-0.04641638225255973,-0.6829652996845426,-0.05714285714285705,-0.09149284090455867
2004-03-31,0.39648715824357916,-0.039031897034135454,0.34152542372881345,0.05035054174633524,0.7349940688018979,0.3576059850374065,80.97297297297297,80.97297297297297,72.6,39.05555555555556,-3.142512077294686,11.862676056338028,-178.74285714285713,-0.8053097345132744,-0.05412793876435207,0.08599221789883282,6.153363228699551,7.575757575757576,0.8230616302186877,0.057251908396946494,10.606986899563317,0.0,0.24194702934860413,7.803482587064677,-0.030303030303030276,-0.0851222617322972
2004-06-30,-0.16744583402548707,-0.018197699810743928,-0.21452363176936773,0.8555825242718447,0.05674825652946813,0.009919177075679686,-0.8773491592482691,-0.8773491592482691,-0.8790760869565217,-0.8779472954230236,-1.1984216459977453,-1.6441281138790036,-2.0561003054171354,9.303030303030303,-0.5895953757225434,0.007165890361877425,-0.15020060180541628,0.03356890459363959,0.05125408942202836,-0.4476534296028881,-0.8848758465011286,0.0,0.26974063400576376,0.05566544221531511,-0.03125,-0.47087332053742803
2004-09-30,0.008180600290739193,0.10290628706998817,-0.00946810455127034,-0.00114453891432309,0.07065217391304346,-0.04583484903601309,-0.3870967741935484,-0.3870967741935484,-0.3820224719101123,-0.3977272727272727,-5.426136363636363,-1.061198470038249,-0.9916286149162862,-1.2137254901960783,0.3070422535211268,0.029882604055496254,-0.21333726763056948,-0.12136752136752138,0.06431535269709543,-0.019607843137254943,-0.006535947712418277,0.0,0.06173399909214705,-0.027301927194860798,-0.09677419354838701,0.10410809830416246
2004-12-31,-0.023466214305909006,-0.1384780855068567,-0.043881015648066124,0.13242756588639715,0.04338892917573123,0.13839115516584055,2.8201754385964914,2.8201754385964914,2.7636363636363632,2.811320754716981,0.10397946084723997,0.8194444444444444,21.181818181818183,-3.0275229357798166,-0.4762931034482759,0.11882556131260791,0.05757689422355572,0.19066147859922178,0.060916179337231924,0.053333333333333455,0.21052631578947367,0.0,0.06840530141085943,0.11860209135938349,0.0714285714285714,-0.23917864476386042
2005-03-31,-0.0029820497973364057,-0.0024968789013732895,0.02736712085536719,-0.026886383347788367,-0.09405768562492756,-0.10616208975217678,-0.7497129735935706,-0.7497129735935706,-0.7342995169082125,-0.7326732673267327,0.2186046511627906,-0.4541984732824428,-0.7106557377049181,-1.4626696832579187,0.42078189300411517,0.04970669959864149,-0.6307856002837382,-0.6037581699346405,-0.029398254478640307,-0.012658227848101222,-0.13043478260869568,0.0625,-0.09123649459783922,-0.6231242312423124,0.06666666666666665,0.02504588146388853
2005-06-30,-0.000580770682695908,0.005162703379224087,-0.009881274421400632,-0.023915626856803374,0.031070195627157737,-0.06406893967778193,0.22477064220183496,0.22477064220183496,0.2727272727272725,0.29629629629629606,-0.4895038167938931,-0.41608391608391604,-0.2776203966005666,-0.7237163814180929,0.08182476466328747,0.054117647058823604,-0.07204610951008639,-0.057731958762886726,0.023189777567439673,0.08974358974358965,1.8218749999999995,0.05882352941176494,0.031704095112285335,-0.04046997389033946,-0.03125,0.029805160610847814
2005-09-30,-0.007467240026730937,-0.0650583657587549,-0.016241035176260743,-0.02374067873991781,0.021205357142857206,0.12249799839871889,-0.0561797752808989,-0.0561797752808989,-0.05714285714285705,-0.07142857142857129,-0.0018691588785046953,1.3353293413173652,0.588235294117647,-3.309734513274336,-0.17469879518072284,0.04966517857142838,0.01656314699792949,0.024070021881838155,0.01618871415356149,0.0235294117647058,0.09966777408637872,0.05555555555555558,0.029022620571916402,-0.0013605442176869431,0.032258064516129004,-0.04233994681939046
2005-12-31,-0.0025175644028102573,-0.004494756117862542,0.03591128254580522,0.08059236165237715,-0.12349726775956282,0.3309557774607703,-0.2857142857142857,-0.2857142857142857,-0.25757575757575757,-0.19999999999999996,-0.45318352059925093,0.42307692307692313,-0.36543209876543215,0.9923371647509578,-0.421735604217356,-0.007974481658692079,-0.4042769857433808,-0.4273504273504274,-0.04870277651342747,-0.02298850574712641,-0.0392749244712991,0.05789473684210522,-0.12152633761924525,-0.4659400544959129,0.0625,-0.07870568133276379
2006-03-31,0.0,0.001839464882943176,-0.005175752159666369,0.020340450086555162,0.019257412025491805,-0.15648445873526262,0.18888888888888888,0.18888888888888888,0.24489795918367352,0.15384615384615374,2.8664383561643834,-0.00540540540540535,0.5058365758754864,-1.3653846153846154,0.26647966339410933,0.03081457663451226,0.011111111111111072,-0.003731343283582045,0.013875598086124485,0.08235294117647074,0.6729559748427676,0.054726368159204064,0.01935788479697842,-0.044642857142857206,0.0588235294117645,-0.01819867856728885
2006-06-30,-0.002758701649351436,-0.06476381238524453,-0.00752329977168098,0.00028276544606242737,0.014543971727606353,-0.04161372299872934,0.08411214953271018,0.08411214953271018,0.06557377049180335,0.08333333333333348,-0.6359610274579274,0.11050724637681153,-0.27648578811369506,-3.536842105263158,-0.5337763012181617,0.029373537821679285,-0.019442096365173245,-0.03370786516853941,0.011798017932987293,0.016304347826086918,0.004385964912280826,0.05188679245283012,0.017600741083835025,-0.07743658210947935,0.0277777777777779,-0.0650531286894922
2006-09-30,0.02498528546203649,0.01659825093699796,0.020855332629355905,0.06770318021201405,0.03965702036441576,0.05004971826317539,0.6939655172413792,0.6939655172413792,0.676923076923077,0.676923076923077,0.7031630170316301,-0.03262642740619903,-0.6214285714285714,-1.0020746887966805,0.002375296912114022,0.029797979797979712,0.17931034482758612,0.15503875968992253,0.03777985074626855,0.016042780748662944,0.05115408608858396,0.049327354260089606,0.014110150204824645,0.12879884225759786,0.027027027027026973,-0.04785957822957454
2006-12-31,-0.0007465043498233737,0.030021067415730407,-0.0028445823635893097,0.09213661636219217,0.006572164948453585,0.011994949494949392,-0.6132315521628499,-0.6132315521628499,-0.6055045871559633,-0.6146788990825689,-0.32285714285714284,0.12816188870151768,-3.160377358490566,33.0,0.08056872037914697,0.08999509563511521,-0.04678362573099426,-0.033557046979865834,0.0008988764044943753,0.05263157894736836,-0.07774480712166187,0.047008547008547064,0.007181328545780907,0.012820512820512775,-0.052631578947368474,-0.05676392572944289
2007-03-31,-0.0005171967933799149,-0.040224987216635366,-0.006816834617664469,-0.1568484848484849,0.021252080399436712,0.046787273861509604,0.6842105263157894,0.6842105263157894,0.6511627906976745,0.6904761904761905,1.059071729957806,0.0433482810164425,-2.1528384279475983,-0.5882352941176471,0.030701754385964897,0.03014623172103481,0.021472392638036908,0.03819444444444442,0.018859452177817815,0.030000000000000027,0.06756756756756754,0.04897959183673484,0.0218360071301249,0.025316455696202445,0.0277777777777779,0.13821709786276704
2007-06-30,0.018628719275549876,0.03764873024329596,0.01600268576544317,-0.0008625646923519081,0.027453930048890518,-0.050357568533969,0.05078125,0.05078125,0.05633802816901423,0.04225352112676051,-0.7336065573770492,-0.01862464183381085,-2.215909090909091,-8.428571428571429,-0.22127659574468084,0.03494212710198741,0.012012012012011963,0.02341137123745818,0.02203613926840009,0.014563106796116498,-0.004822182037371836,0.04669260700389111,0.00872219799389451,0.022222222222222143,0.0,0.038542310067943175
2007-09-30,0.01828803657607314,0.04073250042786247,0.01637478430076733,0.07784172661870503,0.024646168862859863,0.028867273297772167,0.03345724907063197,0.03345724907063197,0.026666666666666616,0.04054054054054057,2.2384615384615385,0.12554744525547434,0.0809968847352025,-5.019230769230769,1.1420765027322406,-0.050432580713230646,-0.12462908011869445,-0.1143790849673203,0.022854678740836354,-0.0717703349282296,-0.0793458509993944,0.044609665427509215,0.006485084306095956,-0.11473429951690817,0.0,-0.03437611514214345
2007-12-31,0.015714642055375316,-0.09373458312777505,0.014882780045515354,-0.10252302763315979,0.018456775422719618,0.04147605977432134,-0.2697841726618705,-0.2697841726618705,-0.2727272727272727,-0.24675324675324684,-0.4441805225653207,-0.33592736705577175,-2.1383285302593658,-2.050239234449761,-0.5599489795918368,0.018444444444444485,0.029661016949152463,0.04059040590405916,0.013490725126475533,-0.005154639175257714,0.14210526315789473,0.042704626334519435,0.002577319587628857,0.03683492496589347,0.0,0.009731460950973103
2008-03-31,0.02177472167648986,0.04445654146252953,0.023420537462181867,0.1399672765134612,0.01636852566350977,0.09311859443631043,0.10344827586206895,0.10344827586206895,0.10714285714285698,0.06896551724137945,1.2115384615384617,0.55859375,-0.1670886075949367,-0.7904328018223234,-0.2666666666666667,-0.111935413484617,-0.05267489711934159,-0.049645390070921946,0.012063227953410971,-0.12435233160621761,-0.1624423963133641,0.04436860068259385,-0.005569837189374427,-0.05921052631578949,0.0,-0.08381115042088583
2008-06-30,0.031138172301447442,0.10180681028492011,0.033457378360518986,0.051800626304801645,0.023467157483032297,-0.04152156442539512,0.3080357142857142,0.3080357142857142,0.2903225806451615,0.2903225806451615,0.16521739130434776,0.17543859649122817,-0.3191489361702128,-1.4782608695652173,0.17391304347826098,-0.029484029484029506,0.004344048653344812,0.0,0.019728729963008673,-0.041420118343195145,0.0027510316368639653,0.042483660130719025,-0.007324429125377008,-0.002797202797202636,0.027027027027026973,0.047669773635153456
2008-09-30,0.006889050036258171,-0.0053610848312835024,0.0008076728924786281,0.054087582185833094,0.02720017983589984,0.02683063163778643,0.03754266211604085,0.03754266211604085,0.03749999999999987,0.03749999999999987,-1.048922056384743,0.10767590618336897,-5.696428571428571,-2.0454545454545454,-0.15488215488215484,0.005822784810126436,0.004325259515570945,0.00746268656716409,0.02055622732769047,-0.012345679012345734,-0.016460905349794275,0.040752351097178785,0.02039930555555558,-0.0028050490883591017,0.0,-0.05643111337061524
2008-12-31,0.050979988682545496,0.015060240963855387,0.05864353206227513,-0.10250676709426854,0.026042236568552424,-0.008437670114316842,0.700657894736842,0.700657894736842,0.6626506024096386,0.6506024096385545,-10.610169491525424,-0.1559191530317613,-0.7357414448669202,-0.30434782608695654,-0.12749003984063745,-0.13289705512207384,0.27648578811369506,0.27407407407407414,0.012638230647709303,-0.15000000000000002,-0.1513249651324965,0.03915662650602392,-0.023819651212250048,0.28691983122362874,0.0,0.13092672413793105
2009-03-31,0.011625061184532548,-0.0321724191785101,0.007686688053870405,-0.08864411224757407,0.02484803241975042,-0.05819379632171284,-0.528046421663443,-0.5338491295938104,-0.5289855072463767,-0.5255474452554745,0.5696649029982364,0.23831242873432146,-0.1079136690647482,-2.625,0.2374429223744292,0.09666182873730045,-0.012145748987854255,-0.011627906976744096,0.017550702028081178,0.0808823529411764,-0.14215283483976993,0.04057971014492745,0.013071895424836555,0.0338797814207652,-0.052631578947368474,0.06205335874225826
2009-06-30,0.020853997822668502,0.03727610133935766,0.008636721828211291,0.0693525179856116,0.03496357960457863,-0.06907607111629266,0.6065573770491803,0.6099585062240664,0.5846153846153845,0.5692307692307692,-0.02921348314606742,-0.08379373848987104,-0.2016129032258065,0.28846153846153855,0.24723247232472323,-0.024351508734780314,0.04030054644808745,0.050000000000000044,0.028363357608278905,-0.04081632653061229,-0.03256704980842906,0.03899721448467974,0.01376344086021497,0.09936575052854124,-0.05555555555555547,-0.030054951216777037
2009-09-30,0.008389221982605388,-0.12725575606720596,0.004312634769836565,-0.06498923573735205,0.02171727327568873,0.012836568566061413,-0.18112244897959184,-0.18041237113402064,-0.18446601941747576,-0.18627450980392157,0.21875,-0.7618090452261307,-3.292929292929293,4.402985074626866,1.0710059171597632,0.06565382528486174,-0.01641497045305318,-0.011204481792717158,0.020872158032053667,0.03546099290780136,0.004950495049504955,0.03753351206434319,0.013152312261349275,0.04230769230769238,-0.05882352941176472,-0.06659729448491158
2009-12-31,0.009259476863058502,0.00837789661319066,0.006939042225472258,-0.019571161318175267,0.016827396181853915,0.09397217928902624,-0.18068535825545173,-0.14150943396226412,-0.13095238095238093,-0.14457831325301207,-0.7796771130104463,3.29535864978903,-2.350220264317181,-1.477900552486188,-0.2471428571428571,0.08884928716904272,-0.1869158878504672,-0.18130311614730876,0.016064257028112428,0.06849315068493156,0.08866995073891637,0.036175710594315236,0.007537688442211143,-0.1595940959409594,0.0,0.028490028490028463
2010-03-31,0.013854930725346382,-0.006363797065582433,0.017274412855377008,0.1419345369147218,0.0034839833543016674,-0.018084204577564322,-0.0076045627376425395,-0.05494505494505497,-0.0547945205479452,-0.05633802816901401,0.7025862068965518,-0.16699410609037324,-0.699836867862969,0.5549132947976878,-0.5104364326375712,0.007949497311199316,-0.0049261083743842304,0.0,0.0007186489399928497,-0.0064102564102563875,0.21538461538461529,0.0382377389858688,-0.010390689941812137,0.009879253567508295,-0.03125,-0.12983259062989283
2010-06-30,0.01557188791915487,-0.001601138587439932,0.005346456453719783,-0.020694087403599015,0.048413540360690455,-0.06992805755395681,0.29118773946360155,0.2906976744186047,0.2753623188405798,0.28358208955223874,1.4759493670886075,0.05542452830188682,-1.4130434782608696,-1.0260223048327137,0.027131782945736482,-0.07260496404546513,-0.06518151815181517,-0.05536332179930792,-0.001077199281867225,-0.07096774193548394,-0.07818317200297831,0.03682946357085659,0.03275934481310383,-0.046739130434782616,0.0,0.019515570934256044
2010-09-30,0.023406757429101255,0.024768353528153986,0.026680767487535784,-0.057094106838167735,0.01398215435562511,0.08694306930693063,-0.2255192878338279,-0.22522522522522526,-0.25,-0.2325581395348837,-0.0316973415132924,0.17765363128491618,-3.486842105263158,10.714285714285714,0.3094339622641509,0.11130565282641336,-0.06972639011473969,-0.06593406593406603,0.01078360891444996,0.11111111111111116,0.16882067851373184,0.03552123552123554,-0.0093533956893046,-0.07069555302166475,0.0,0.08674993212055382
2010-12-31,0.017059642454643864,-0.036341505825073894,0.015098004591206138,0.00013919821826280376,0.02349632586410233,0.030742954739538808,-0.026819923371647514,-0.03100775193798455,-0.030303030303030276,-0.045454545454545525,-0.06441393875395984,0.005692599620493288,-0.3756613756613757,-1.6829268292682928,-0.16138328530259372,0.05806887238352454,-0.04174573055028452,-0.02352941176470591,0.012446657183499132,0.043749999999999956,0.12024879060124394,0.03281133482475762,0.006157635467980205,-0.025766871165644245,0.0,-0.036477201748906896
2011-03-31,0.005084193373166679,-0.012811259473114345,0.002957293206923506,0.08169798190675026,0.01170005318205991,-0.006628003314001707,-0.20472440944881887,-0.20399999999999996,-0.21875,-0.2063492063492064,0.22799097065462748,-0.16698113207547172,-3.169491525423729,-0.0892857142857143,-0.17525773195876293,-0.04211869814932989,-0.0762376237623763,-0.06827309236947787,0.007376185458377371,-0.053892215568862145,-0.014805675508945071,0.033212996389891725,0.006527947776417742,-0.0617128463476071,0.0,-0.08738493452612472
2011-06-30,0.022892842473897,0.118991043684884,0.0197727864018733,-0.09650025733401957,0.0328543893464166,0.024186822351959902,0.8118811881188119,0.8190954773869348,0.8200000000000001,0.8200000000000001,-0.24908088235294112,-0.06908267270668178,-1.44921875,-3.156862745098039,0.45833333333333326,-0.02398401065956024,0.007502679528403,0.008620689655172598,0.021966527196652708,-0.03164556962025322,0.03819661865998736,0.03214535290006992,0.009728415079043318,-0.00402684563758382,0.0,0.23852820002841324
2011-09-30,0.004205587725601312,-0.04001960143743877,0.0008220653683703727,-0.029051552264312108,0.01442022224107209,0.04777415852334421,-0.44535519125683065,-0.4475138121546961,-0.4505494505494506,-0.4505494505494506,0.6242350061199511,0.4902676399026764,-2.5217391304347827,-1.6636363636363636,-0.20857142857142852,-0.06097838452787252,-0.07340425531914896,-0.06410256410256421,0.005117707267144445,-0.07843137254901966,-0.0778045838359469,0.031144211238998132,0.010437575270975552,-0.0768194070080862,0.032258064516129004,-0.011241110346409733
2011-12-31,0.04699370751520515,0.10260336906584988,0.05922506089616486,0.13655030800821355,0.011873902500209033,-0.011658031088082943,-0.5714285714285714,-0.585,-0.6,-0.6,-0.6179351921627732,-0.13795918367346938,-5.485714285714286,-4.232876712328768,0.8519855595667869,-0.02956142476375101,-0.1802525832376578,-0.17808219178082196,-0.005091649694501044,-0.03546099290780125,0.03139306736429037,0.028890347997373667,-0.03377036154151758,-0.1766423357664234,-0.03125,-0.02993039443155443
2012-03-31,0.008804020100502408,-0.04845679012345683,-0.0005615423697088451,-0.06116918312040265,0.03793074952483266,-0.045609436435124495,1.7126436781609193,1.8072289156626504,1.8000000000000003,1.8000000000000003,0.8362919132149902,0.035037878787878896,-1.1197452229299363,-2.084745762711864,-0.49902534113060426,0.04719101123595504,0.01540616246498594,0.01666666666666683,0.014670760832480312,0.051470588235293935,0.2606214331008243,0.02935545628589664,0.029194078947368585,0.037234042553191626,0.0,0.013633102128677299
2012-06-30,-0.0014545309635769499,-0.1015244891339604,-0.00842786815068497,-0.12618556701030925,0.019267515923566902,-0.013183191430925612,0.012711864406779627,0.008583690987124415,0.0,-0.017857142857142905,0.33512352309344795,0.018298261665141702,0.010638297872340496,-1.13671875,0.13618677042801552,0.0400572246065809,-0.16137931034482755,-0.15300546448087438,0.010423671822461511,0.027972027972027913,0.01106639839034207,0.028518288902665834,0.020775069916100675,-0.13846153846153852,-0.032258064516129115,0.028197262859839478
2012-09-30,0.0150254414845854,0.009566787003610022,0.011386632848547018,-0.14487966021708354,0.02585533510388993,0.10659615919844145,0.5230125523012552,0.5361702127659576,0.4999999999999998,0.5272727272727271,0.028157683024939706,0.035938903863432126,0.27368421052631575,-0.8857142857142857,0.013698630136986356,0.01925722145804687,0.1858552631578947,0.1870967741935483,0.017970049916805397,0.006802721088435382,0.2218905472636814,0.02772754671488853,0.010567514677103595,0.2043650793650793,0.0,0.18060814687320703
2012-12-31,0.031080443500825616,-0.08439120328982652,0.04375316810287333,0.15084621044885949,-0.004492499809639838,-0.03672032193158958,-1.0247252747252746,-1.03601108033241,-1.0357142857142858,-1.0357142857142858,0.11893583724569634,0.012142237640936582,0.30578512396694224,25.25,0.3547297297297298,-0.0645524066576697,-0.12205270457697648,-0.11413043478260876,-0.009480222294867557,-0.08108108108108103,-0.21254071661237783,0.02580645161290307,-0.03446940356312933,-0.10543657331136735,0.0,-0.20439304111186696
2013-03-31,0.011687544090449808,-0.04471782854911155,0.0029394473838917357,0.1265984654731458,0.038090867370353276,-0.04125326370757176,-27.88888888888889,-19.384615384615383,-19.333333333333336,-19.333333333333336,-0.39230769230769236,0.03427592116538136,-2.3607594936708862,-2.1714285714285717,-0.30673316708229426,0.021880259677807157,-0.012638230647709192,-0.006134969325153339,0.012871287128712883,0.02941176470588225,0.1447776628748707,0.02630074328187537,0.026073004412354717,0.0036832412523020164,-0.033333333333333326,-0.1520889323234791
2013-06-30,0.02378349854886741,0.11242845461978734,0.024568020796166934,0.04738933030646986,0.021956970232832385,0.028322440087146017,0.3719008264462811,0.37238493723849375,0.34545454545454524,0.34545454545454524,-0.32105868814729577,0.047224523612261704,2.1488372093023256,-1.024390243902439,0.010791366906474753,0.08282352941176474,0.09119999999999995,0.08641975308641991,0.015314434669273291,0.0714285714285714,0.08807588075880757,0.025626740947075177,-0.00195465207193124,0.10091743119266061,0.0,0.06209479902031401
2013-09-30,0.016383182387158524,0.014700477765527298,0.018705537037958297,0.035491736656732664,0.009949531362653197,0.10566737288135597,-0.5060240963855422,-0.5091463414634146,-0.5135135135135136,-0.5135135135135136,1.3288135593220338,0.06170886075949378,-1.0472673559822747,-1.0,0.0,-0.0534550195567145,-0.23020527859237538,-0.2272727272727274,0.0006418485237484894,-0.06666666666666676,-0.13906185139061855,0.02498642042368293,-0.0062671367019194735,-0.22833333333333328,0.0,-0.02007596310363524
2013-12-31,0.007081537291266704,0.08239768199927555,0.0013918054402499713,-0.019754055468341192,0.023843517989720064,-0.04790419161676651,-0.4512195121951219,-0.4658385093167702,-0.4722222222222222,-0.4722222222222222,-0.5676855895196506,-0.03576751117734722,-23.34375,inf,0.053380782918149405,-0.04935720844811764,0.11238095238095247,0.11764705882352944,0.005131494547786941,-0.04999999999999993,0.23240115718418508,0.02331743508214079,0.01655498620417828,0.12742980561555073,0.0,0.10423588039867093
2014-03-31,0.006869885801636499,-0.014221181194579269,0.0010728828850796734,-0.17963432537034563,0.023567145446939053,-0.021132075471698153,1.5555555555555554,1.63953488372093,1.5789473684210527,1.5789473684210527,0.297979797979798,-0.08114374034003091,-0.6783216783216783,-13.533333333333333,-0.6351351351351351,0.1997102149239316,-0.03424657534246578,-0.02631578947368418,0.007977026164645906,0.19548872180451138,0.05633802816901423,0.023821853961677908,0.016673129119813668,-0.028735632183908066,0.0,0.20157954118089516
2014-06-30,0.01854001821851492,0.051765105227427055,0.01680672268907557,0.0816658532617538,0.02370572207084476,0.015677203803649453,0.17826086956521747,0.17621145374449343,0.16326530612244894,0.16326530612244894,-0.3398184176394293,-0.07148864592094195,1.6913043478260867,-1.127659574468085,0.22222222222222232,-0.08353462157809977,-0.09397163120567376,-0.08783783783783794,0.009180120291231386,-0.09433962264150952,-0.052592592592592635,0.0232675771370765,0.0049580472921435526,-0.08678500986193294,0.0,-0.027647365675534608
2014-09-30,0.015063568610258704,-0.020332418912376915,0.0025871361839742146,-0.13881786734847346,0.049973383018365736,0.24974696356275294,2.003690036900369,2.0374531835205993,2.017543859649123,2.0,2.294695481335953,0.05797101449275366,-1.8109854604200324,-0.7083333333333333,0.05303030303030298,-0.0050516143202284924,0.8199608610567515,0.837037037037037,0.041718946047678784,-0.01388888888888895,0.10007818608287744,0.022738507167572974,0.034535104364326275,0.7926565874730023,0.034482758620689724,0.1376609442060086
2014-12-31,0.03874991362034419,0.05238016801185963,0.05433302272238549,0.03388054488298997,-0.0019646365422396617,-0.12775865559829924,-0.8341523341523341,-0.8384710234278668,-0.8372093023255813,-0.8362573099415205,-0.5706618962432917,0.07277397260273966,-2.085657370517928,0.7142857142857142,0.08633093525179847,-0.0693156732891832,0.008602150537634357,0.012096774193548487,-0.004516711833784992,-0.10563380281690138,-0.49395877754086714,0.021266312228129358,-0.039251650770359414,0.012048192771084265,0.0,0.01782514382721856
2015-03-31,0.00698521462903523,-0.056816403192987974,0.01053776599360945,0.039358108108108025,-0.0028575057150114214,-0.09493964716805947,-0.7481481481481482,-0.7633587786259541,-0.7857142857142858,-0.7857142857142858,0.5,0.015163607342378205,-0.6587155963302752,-1.5,-0.039735099337748325,0.3228178368121444,-0.1503198294243071,-0.15139442231075706,-0.010284331518451428,0.3307086614173227,0.2844101123595504,0.021769995267392428,-0.009545628102329173,-0.13690476190476197,-0.033333333333333326,-0.09247590808005923
2015-06-30,0.01790344690901291,0.06969797543976108,0.017222820236813874,0.024215829676580425,0.020123543271986177,0.08155937419851234,10.941176470588236,11.96774193548387,13.0,12.833333333333334,-0.2787037037037037,-0.045597484276729605,1.8978494623655915,-18.333333333333332,0.7172413793103449,-0.07315761161915013,0.0915934755332497,0.08450704225352101,0.015586797066014624,-0.06508875739644959,0.07873154729360321,0.02130616025937937,0.0019275250578256742,0.09241379310344855,0.0,0.04431284459873375
2015-09-30,0.005808765069526656,-0.048867514737821915,-0.004210758377425017,-0.03078387813392569,0.03427180223484605,0.07896608963718288,-0.2364532019704434,-0.23631840796019898,-0.25,-0.24096385542168675,0.3902439024390243,0.028006589785831926,-0.8701298701298701,-1.9134615384615383,-0.38152610441767065,-0.013348810214741658,-0.37471264367816093,-0.37229437229437223,0.01655130905808022,-0.03164556962025322,-0.10238215914850479,0.0208616780045352,0.028472489419007152,-0.3522727272727273,-0.0344827586206895,-0.01857645678529518
2015-12-31,0.021778057397280115,-0.05039960854672976,0.029710642254643593,0.04174852652259342,0.0004828585224530002,-0.08417582417582414,-0.5548387096774193,-0.5635179153094463,-0.5555555555555556,-0.5714285714285714,-0.2511542012927055,0.18349358974358965,8.071428571428571,-0.6736842105263158,-0.2012987012987013,0.040784313725490184,-0.009191176470588092,-0.006896551724138056,-0.00444049733570151,0.026143790849673332,0.6651609260304912,0.019546868058640587,-0.02095024317246541,0.011695906432748648,-0.0357142857142857,-0.08846383741781227
2016-03-31,0.020698148060436683,-0.03229130882858122,0.027412870073745932,-0.06113468489706109,0.002171814671814598,-0.04631629469642429,-0.2028985507246377,-0.20149253731343286,-0.2142857142857143,-0.18518518518518523,0.30086313193588166,-0.15368991198375082,-0.662992125984252,-1.6129032258064515,0.15447154471544722,0.04559155990957042,0.07606679035250452,0.0625,-0.019625334522747617,0.05095541401273884,0.05154289589691441,0.020043572984749458,-0.03324417271685132,0.08285163776493243,0.0,0.030710382513661205
2016-06-30,0.019752513534416094,0.08892438764643229,0.023919139496923814,0.11332440575828584,0.00806645798218164,0.049068948163059956,0.9090909090909092,0.9252336448598131,0.8636363636363635,0.8636363636363635,-0.3118483412322275,0.14880000000000004,2.5373831775700935,1.473684210526316,0.33098591549295775,0.08594594594594596,-0.21206896551724141,-0.21568627450980382,0.003033060357901185,0.10909090909090913,-0.0032247662044502245,0.020931225971806855,-0.01146245059288542,-0.20462633451957302,-0.03703703703703709,-0.021948891952073057
2016-09-30,0.00967737042486383,-0.06291768541157294,0.0006131333156205176,-0.05728461885430758,0.03630717783351245,0.15375389781722237,0.861904761904762,0.883495145631068,0.878048780487805,0.878048780487805,1.0206611570247932,-0.027158774373259087,-1.2483487450462352,-3.5106382978723403,-0.6243386243386244,0.04712128753940603,0.09846827133479219,0.08333333333333326,0.022376776534623666,0.043715846994535346,0.3345195729537367,0.020502092050209253,0.026789284286285353,0.09172259507829983,0.0,-0.005962705984388528
2016-12-31,0.03054157590325235,0.07218646721168898,0.029555342225127124,0.20637958532695366,0.03376743113979486,-0.02016632016632014,0.7800511508951407,0.7835051546391754,0.7792207792207793,0.7662337662337664,-0.20858895705521474,0.032927702219040844,-3.0638297872340425,-1.8983050847457628,1.492957746478873,-0.04801140865156084,0.641434262948207,0.6307692307692307,0.029872818692694425,-0.0680628272251308,-0.12775757575757585,0.02009020090200897,0.003894080996884819,0.6168032786885245,0.03846153846153855,-0.1112444105136875
2017-03-31,0.008250969416017995,-0.02985074626865669,0.003035352934174451,-0.13564251718667375,0.023021181716833983,-0.09441969021854446,-0.1681034482758621,-0.16763005780346818,-0.17518248175182494,-0.1691176470588237,0.35572782084409993,-0.14414414414414412,-1.9072164948453607,-1.1226415094339623,-0.07344632768361581,0.06674434087882841,0.30339805825242716,0.31132075471698095,0.016944284893739114,0.03370786516853941,-0.35464146748193437,0.019694533762057986,0.014740108611326797,0.31432192648922697,0.0,0.12246901460301873
2017-06-30,0.012882424382626878,0.01521739130434785,0.0119662176862676,0.06271030896298568,0.015583283386912283,-0.004217432052483594,-0.2918825561312608,-0.29513888888888884,-0.3008849557522123,-0.3008849557522123,-0.24904701397712836,0.01538461538461533,-1.2443181818181819,-2.0769230769230766,0.08536585365853666,0.05679513184584173,0.07821229050279332,0.08992805755395694,0.012143462298785934,0.0380434782608694,-0.20499569336778634,0.02089081592431996,0.003058103975535298,0.10221793635486986,-0.03703703703703709,-0.044714113917131204
2017-09-30,0.020997787452715633,0.051391862955032064,0.021030412008443466,0.07556131260794463,0.021192124040989357,0.06282352941176472,0.34878048780487814,0.35467980295566504,0.35443037974683556,0.35443037974683556,0.6759729272419628,0.16507177033492826,-6.895348837209302,-0.0714285714285714,0.0730337078651686,0.006939317879816942,0.05354058721934374,0.05610561056105601,0.01841517857142838,-0.005235602094240788,-0.0877573131094258,0.020463320463320445,0.0003810975609754852,0.09623797025371816,-0.03846153846153855,-0.022545204852368994
2017-12-31,-0.04912898806028576,-0.015979946733510886,-0.07082695252679938,-0.0460323832463535,0.009771986970684043,-0.09231791011733448,-0.786618444846293,-0.7927272727272727,-0.7850467289719626,-0.794392523364486,-0.37405350832912665,0.16358658453114305,-2.4161735700197235,18.846153846153847,1.350785340314136,-0.18416422287390033,-0.2729508196721311,-0.25625,0.008767123287671152,-0.19999999999999996,-0.24049881235154402,0.0,0.06209523809523798,-0.2330407023144453,0.0,0.031495141084182166
2018-03-31,0.002087866847026998,-0.06782359496895396,-0.007601977750309019,-0.02931687473698974,0.026586888657648355,-0.01073170731707318,2.7711864406779663,2.8771929824561404,2.7391304347826084,2.909090909090909,0.2193548387096773,-0.13235294117647056,-1.4763231197771587,-2.1821705426356592,-0.6792873051224944,-0.24245147375988496,-0.09808342728297637,-0.07563025210084051,0.024171645844649703,-0.2500000000000001,0.026583268178264507,0.0,0.024748923959827973,-0.07075962539021852,-0.040000000000000036,-0.039614074914869346
2018-06-30,0.02545705314434965,0.08744662681468829,0.05515766747628237,0.4141618497109827,-0.04672849830216408,0.04388560157790922,-3.202247191011236,-3.226244343891403,-3.2209302325581395,-3.2209302325581395,-0.1792328042328042,-0.037288135593220306,-2.614035087719298,-2.222950819672131,2.5902777777777777,0.03084223013048648,-0.92,-0.9090909090909091,-0.04879342349509419,0.00877192982456143,0.12566641279512547,0.0,-0.0710535526776338,-0.9193729003359462,0.0,-0.23106015837371474
2018-09-30,0.021405371374608295,-0.0028270771163813047,0.016939482175178933,-0.030349478847332967,0.033760433834866266,0.03471894189891356,-1.5785714285714287,-1.5731707317073171,-1.5706806282722514,-1.5706806282722514,0.1950040290088637,0.2126760563380281,-0.7246376811594203,-1.2332439678284182,-0.16827852998065762,0.027157652474108174,0.109375,0.10000000000000009,0.031223863953164344,0.07826086956521738,11.581867388362653,0.0,0.012810851544837742,0.125,0.0,0.02843529050107607
2018-12-31,0.07858793864257207,0.44825956843597425,0.2399543423165471,3.3940351986510695,-0.34936227113762597,-0.06687970782926278,-13.114638447971782,-13.186170212765957,-13.119266055045872,-13.119266055045872,-0.6520566419420095,0.13066202090592327,16.55921052631579,-15.229885057471265,2.895348837209302,-0.2529688550302487,-56.45070422535211,-44.40909090909091,-0.36496350364963515,-0.27419354838709675,-0.3104431060443107,0.0,-0.40104166666666663,0.0,-0.04166666666666663,-0.6704528471080555
2019-03-31,0.06873173582700165,0.16291462751495378,0.07904262622480185,-0.8846864132389974,0.01786420045846171,-0.018835616438356184,-1.0197990973940894,-1.0197875745671467,-1.0189250567751704,-1.0189250567751704,3.3488372093023253,-0.35952747817154596,-0.8875983514424878,0.04765751211631675,0.7743283582089553,-0.5515896820635873,0.15875031750063506,-0.004188481675392652,0.014899957428693211,-0.28888888888888886,0.0,0.0,-0.04720496894409931,0.0,-0.0434782608695653,9.086167800453515
