Quarter end,Assets,Current Assets,Liabilities,Current Liabilities,Shareholders equity,Revenue,Earnings,Earnings available for common stockholders,EPS basic,EPS diluted,Cash from operating activities,Cash from investing activities,Cash from financing activities,Cash change during period,Cash at end of period,Price,ROE,ROA,Book value of equity per share,P/B ratio,P/E ratio,Cumulative dividends per share,Equity to assets ratio,Net margin,Asset turnover,Current ratio
1993-12-31,0.03322294741128928,0.044304064903236684,0.06144106561276397,0.08903473109536542,-0.005749830118655597,-0.03005698724090977,-0.3061775020231994,-0.3061775020231994,-0.288135593220339,-0.1132075471698114,0.45739910313901344,3.919179734620024,-1.4909297052154196,-0.8916913946587537,0.09240471620510005,-0.03752345215759856,-0.014403922770456545,0.010842368640533673,0.040000000000000036,-0.0779727095516568,0.023979591836734704,inf,-0.03779565959522069,-0.01211734693877542,-0.012499999999999956,-0.04110585667515465
1994-04-03,0.03322294741128928,0.044304064903236684,0.06144106561276397,0.08903473109536542,-0.005749830118655597,-0.03005698724090977,-0.3061775020231994,-0.3061775020231994,-0.288135593220339,-0.1132075471698114,0.45739910313901344,3.919179734620024,-1.4909297052154196,-0.8916913946587537,0.09240471620510005,-0.03752345215759856,-0.014403922770456545,0.010842368640533673,0.040000000000000036,-0.0779727095516568,0.023979591836734704,inf,-0.03779565959522069,-0.01211734693877542,-0.012499999999999956,-0.04110585667515465
1994-07-03,0.047609662998267854,0.046288615994658944,0.0949286354547334,0.14292571062876647,-0.024446664213238045,-0.03005698724090977,-0.3061775020231994,-0.3061775020231994,-0.288135593220339,-0.1132075471698114,0.45739910313901344,3.919179734620024,-1.4909297052154196,-0.8916913946587537,0.009161646586345329,-0.040935672514619825,-0.014403922770456545,0.010842368640533673,-0.05769230769230771,-0.0779727095516568,0.023979591836734704,1.0,-0.06893056259503294,-0.01211734693877542,-0.012499999999999956,-0.08452200303490154
1994-10-02,0.029861681798829753,0.04913278032368473,-0.016420283694642546,-0.034342774485558336,0.10907523173097644,0.07882285654864041,0.30832037325038875,0.30832037325038875,0.29761904761904767,-0.1132075471698114,0.13146853146853155,-0.5914664051005395,-4.549653579676674,11.342465753424657,0.11205073995771664,0.09756097560975618,-0.014403922770456545,0.010842368640533673,0.11224489795918369,0.16490486257928105,0.023979591836734704,0.5,0.07702776265650524,-0.01211734693877542,-0.012499999999999956,0.0864412398475054
1994-12-31,0.06700956592799123,0.06682885473109956,0.08435239131826622,0.16595796086011116,0.04108357628765802,0.10858354619499733,-0.007429420505200568,-0.007429420505200568,0.0,-0.1132075471698114,0.1896168108776266,0.09843937575030015,-2.6948601171112556,5.263041065482797,0.6310668754193693,0.13703703703703685,-0.014403922770456545,0.010842368640533673,0.04587155963302725,0.021778584392014633,0.023979591836734704,0.3333333333333335,-0.02426080363912053,-0.01211734693877542,-0.012499999999999956,-0.08505606834998847
1995-04-02,0.12765689057079777,0.006271163015686643,0.1540902783928202,0.1971445740690856,0.08657907633427464,0.044648291452917155,0.2586826347305389,0.2586826347305389,0.23853211009174302,-0.1132075471698114,0.1591853699085619,8.09344262295082,1.3942418426103647,-1.870990607832713,-0.3369900582790538,0.11726384364820852,-0.014403922770456545,0.010842368640533673,0.07894736842105265,0.06927175843694489,0.023979591836734704,0.25,-0.03651903651903643,-0.01211734693877542,-0.012499999999999956,-0.15941303985325994
1995-07-02,0.034365936094220784,0.02702285096228141,0.03807635735754933,0.056289270074256104,0.02755525010201665,0.03291855674393451,-0.24762131303520452,-0.24762131303520452,-0.6296296296296297,-0.1132075471698114,-0.6572248117604876,-0.8238086653446307,-1.4014750681417347,-0.301322482197355,-0.3551189245087901,0.06559766763848396,-0.018967661691542292,0.010842368640533673,0.024390243902439046,-0.013289036544850363,0.023979591836734704,0.19999999999999996,-0.006451612903226045,-0.018721755971594645,0.0,-0.02767308073794883
1995-10-01,-0.009601866299998485,0.025893916851941645,-0.07100613587639537,-0.049668168783285505,0.09420198980018402,0.022763900080580157,0.3446095478975657,0.3446095478975657,0.3400000000000001,-0.1132075471698114,1.1841004184100417,-0.8864256480218281,0.033546325878594185,-1.320326150262085,0.17639512508017963,0.11354309165526688,0.00031695721077640293,0.010842368640533673,0.08730158730158744,0.08754208754208737,0.07424015944195306,0.20833333333333326,0.10470779220779214,0.012500000000000178,0.0,0.07946546975415703
1995-12-31,-0.007160072068699286,0.0025093693987290333,-0.04206952346848103,-0.10556264441149088,0.04296001986590503,0.023439038802442358,-0.033858452856807,-0.033858452856807,-0.02985074626865669,-0.1132075471698114,0.5680076628352491,9.576576576576576,1.4482225656877898,-4.002727272727273,-0.45024536532170123,0.2235872235872236,-0.009822560202788266,0.017326732673267342,0.03649635036496335,0.12538699690402466,0.15955473098330253,0.13793103448275867,0.05045309821209898,0.020142949967511425,0.0,0.1208656208656207
1996-03-31,0.034935149615454186,0.04121968662635722,0.00876403560995187,0.05683220234423203,0.06959706959706957,0.0323325635103926,0.25821367729374534,0.25821367729374534,0.24615384615384617,-0.1132075471698114,-0.6624923640806353,-1.7524134014764339,-0.8926767676767677,-2.256433545261883,1.0282667989090006,0.09437751004016048,0.0022400000000000198,0.04785077047850783,0.07042253521126773,0.056396148555708514,0.0484,0.15151515151515138,0.033574259734203915,0.0324840764331209,0.012658227848101333,-0.014754236573644608
1996-06-30,0.03377865492637011,0.013268810490165484,0.04790008234971177,0.06676395476103614,0.016267123287671215,-0.007829977628635354,-0.23791102514506768,-0.23791102514506768,-0.24691358024691368,-0.1132075471698114,1.2714932126696832,-3.1962264150943396,-3.0441176470588234,-0.8746987951807229,0.0635696821515892,0.0724770642201833,-0.007024265644955285,0.03328173374612997,0.013157894736842035,0.0013020833333334814,0.017550553223960375,0.13157894736842102,-0.016918565305662048,0.028377544725478154,0.0,-0.05014547321581375
1996-09-29,0.07320654967325058,0.048528732090586946,0.05435494433529797,0.060020519835841224,0.0975568660488626,0.05336339721909056,0.30456852791878175,0.30456852791878175,0.3114754098360657,-0.1132075471698114,0.1733067729083666,0.46735395189003426,2.143884892086331,2.3846153846153846,0.20229885057471275,0.03421727972626187,-0.005787781350482413,0.01573033707865168,0.09090909090909083,0.020806241872561637,-0.007499062617172925,0.11627906976744184,0.022716842588343278,0.02519496100779839,-0.012499999999999956,-0.0109009009009009
1996-12-31,0.0034893267651887605,-0.049662062885689084,-0.04186335403726704,-0.09017583481206648,0.059871046975744635,0.1273635390652872,-0.01945525291828798,-0.01945525291828798,-0.025000000000000022,-0.1132075471698114,0.28183361629881154,-1.2740046838407495,-3.0366132723112127,-0.40909090909090906,0.0994263862332696,0.16377171215880892,-0.00937904269081491,0.014749262536873253,0.059523809523809534,0.06751592356687919,0.11106913486966374,0.10416666666666674,0.05609154139555761,-0.0017554125219426675,0.025316455696202445,0.0445395755533291
1997-03-30,0.026317583691279678,0.07081014223871374,0.024374432775833066,0.024822695035461084,0.030127462340671984,-0.05031645569620258,0.19444444444444442,0.19444444444444442,0.1923076923076923,-0.1132075471698114,-0.6463576158940397,-2.414529914529915,-1.1786516853932585,-0.23076923076923073,0.06956521739130439,0.06396588486140731,-0.006203068886712404,0.010174418604651292,0.03370786516853941,0.0035799522673030104,0.018021081264876004,0.1132075471698113,0.003824091778202643,0.015240328253223856,-0.012345679012345734,0.0449075688873386
1997-06-29,0.04510728758387028,0.060207912214842674,0.0831540311352994,0.11107266435986163,0.003093363329583765,-0.029323558813728723,-0.24086378737541525,-0.24086378737541525,-0.6236559139784947,-0.1132075471698114,0.5355805243445693,-0.24773413897280971,-0.19496855345911945,2.55,0.2308943089430895,0.14762859051436195,-0.013469119579500588,-0.005035971223021574,0.0,0.11058263971462545,0.10354041416165649,0.0847457627118644,-0.04021164021164014,0.009815242494226384,-0.012499999999999956,-0.045814904447967875
1997-09-28,-0.02447241291634883,-0.01416314857687595,-0.07197943444730082,-0.09996885705387726,0.03209980375665822,0.06213525575008583,0.30415754923413574,0.30415754923413574,0.3142857142857145,-0.1132075471698114,0.18048780487804872,-0.17269076305220887,-5.6171875,-2.140845070422535,-0.21400264200792607,0.12339930151338763,0.008658008658008587,0.026753434562545086,0.032608695652173836,0.1231263383297645,0.09170702179176748,0.09375,0.0579933847850056,0.014293882218410436,0.012658227848101333,0.0953297183837678
1997-12-31,-0.0007167524597641028,-0.05788092277938939,-0.06786703601108035,-0.08217993079584773,0.07741409751460004,0.12992889463477697,-0.06375838926174493,-0.06375838926174493,0.06521739130434767,-0.1132075471698114,-0.03305785123966942,0.14563106796116498,-0.07952622673434862,-0.03395061728395066,-0.26302521008403357,0.20414507772020718,-0.010894684714427338,0.014084507042253502,0.0736842105263158,0.16587225929456628,0.16079844746326577,0.08571428571428585,0.07815756565235521,-0.0022547914317926354,0.012499999999999956,0.026509102523155637
1998-03-29,0.0403625456442358,0.08621700879765393,0.04903417533432397,0.07087653157398677,0.03227026345644779,-0.044908466819222004,0.24014336917562717,0.24014336917562717,0.12244897959183687,-0.1132075471698114,-0.7692307692307692,-1.6822033898305084,-0.8419117647058824,-1.5623003194888179,0.20068415051311295,0.2086919104991396,0.0043391188251002966,0.025694444444444464,0.02450980392156854,0.12591986917416187,0.14043467876761406,0.07894736842105265,-0.007732456988208014,0.012994350282485856,0.012345679012345512,0.014312383322961919
1998-06-28,0.034659981197116885,0.11487580993520519,0.056270924542879186,0.0804435838760782,0.014165343753816062,0.08805031446540879,-0.09248554913294793,-0.09248554913294793,-0.09090909090909094,-0.1132075471698114,4.722222222222222,-3.7888198757763973,0.5930232558139534,-0.7954545454545454,0.03418803418803429,0.29441082235671057,0.03456297773346639,0.06093432633717,-0.05263157894736836,0.26361655773420467,0.2483769633507853,0.07317073170731714,-0.019871420222092318,0.01728945900725054,0.04878048780487809,0.03190184049079736
1998-09-27,0.1011024957596316,0.19554425475239134,0.16201389735462635,0.18263277940697287,0.04093919325707396,-0.08340214698596204,1.2245222929936306,1.2245222929936306,1.2000000000000002,1.2553191489361706,0.0,0.0,0.0,44.388888888888886,1.5004591368227733,-0.025302530253025313,0.27240603919049144,0.2673899170389278,0.12121212121212133,0.028735632183908066,-0.08538835765811104,0.07954545454545459,-0.05466110117272904,0.30153508771929816,-0.023255813953488413,0.010850178359096407
1998-12-31,0.00687682235792475,0.005772736479643603,-0.004196391103650887,-0.009229921476787473,0.01908617698091386,-0.026426426426426453,-0.5461703650680029,-0.5461703650680029,-0.5454545454545454,-0.5377358490566038,1.6084142394822005,2.3719376391982183,6.7226277372262775,-1.7166462668298652,-0.4300403966213735,0.01100451467268626,-0.003281999495077015,-0.02114803625377648,0.022522522522522515,-0.09832402234636861,-0.22688921496698466,0.06315789473684208,0.012195121951219523,0.04212299915754003,-0.05952380952380942,0.015144831642405432
1999-04-04,0.03950387935744737,0.08236834155674155,0.05141171512852938,0.07786429365962189,0.026674233825198623,0.21128932757557073,0.2854889589905363,0.2854889589905363,0.30000000000000004,0.26530612244897966,-1.0769230769230769,-0.3243064729194187,-1.7287334593572778,-0.6703672075149445,-0.24871134020618557,0.1816913201228023,0.011398176291793405,-0.007201646090534863,0.026431718061673992,0.15551425030978927,0.18173190984578902,0.06930693069306937,-0.012463647694225144,-0.006467259498787459,-0.012658227848101222,0.004200463499420604
1999-07-04,0.03232588699080163,0.037398827797934686,0.10110220440881768,0.13648090815273473,-0.0435599778883361,-0.037687802393684744,-0.13006134969325156,-0.13006134969325156,-0.7230769230769232,-0.7096774193548387,-6.951612903225806,-0.45259042033235586,-1.1439688715953307,-1.1476683937823835,0.048885077186964,-0.036608408124704894,0.013022789882294106,-0.01968911917098448,-0.04291845493562241,-0.061126005361930136,-0.06946396305962654,0.06481481481481466,-0.07341186369373154,0.013018714401952902,-0.02564102564102566,-0.08719169190826481
1999-10-03,0.030498981670061154,0.02986279257465707,0.0422240422240423,0.03200908059023844,0.015605132354641116,0.0563641174913998,-0.01128349788434413,-0.01128349788434413,0.05555555555555558,0.0,0.0,0.0,0.0,-5.9298245614035086,-0.2297628781684382,-0.10909536651139973,-0.19901112484548833,-0.21723044397462998,0.017937219730941756,-0.06910336950314111,-0.1320388349514564,0.06956521739130439,-0.014528944381384856,-0.2313253012048193,0.013157894736842035,-0.002054199257328082
1999-12-31,0.016552201195711325,-0.025513758272379006,0.020431328036322416,0.010228772547294263,0.011495561119963638,0.12875751503006017,0.36091298145506423,0.36091298145506423,0.26315789473684204,0.38888888888888884,0.7317073170731707,-0.675,11.153153153153154,-0.2775800711743772,-0.2154989384288747,0.02421574023115003,0.10956790123456783,0.08035111411208629,0.017621145374449254,0.006134969325153339,0.26746209296544876,0.6016260162601625,-0.004837595024187791,0.025078369905956244,0.06493506493506485,-0.03538912200142508
2000-04-02,-0.016963157383104943,-0.06773299973192748,-0.1411825104817318,-0.1858464888405008,0.14639360864183648,-0.042387927208166865,0.2368972746331237,0.2368972746331237,0.29166666666666674,0.24,-0.16744913928012517,-0.5879120879120879,0.14158636026686433,1.6995073891625614,-0.7415426251691475,-0.08731864588930682,0.08011126564673154,0.09812500000000002,0.1428571428571428,-0.10304878048780475,-0.18415375563836045,0.045685279187817285,0.1659722222222222,0.08868501529051986,0.0,0.1451083388049903
2000-07-02,0.5843757725587144,0.5159589763251222,0.7008070140480223,0.6338593206739771,0.46967020023557127,0.6317497103128622,-0.025423728813559365,-0.025423728813559365,-0.4193548387096775,-0.4193548387096775,-0.6635338345864661,18.92,-1.5935064935064935,-0.5985401459854014,7.324607329842932,0.204297909920518,-0.04172031934071596,-0.025611838360842354,-0.10227272727272729,0.05370496261046909,0.06899038461538454,0.043689320388349495,-0.0722652372443916,-0.06039325842696641,0.03658536585365857,-0.07217603211009171
2000-10-01,0.04506303832230674,0.08548305513404153,0.014351824732001583,0.010312653462105192,0.08007747278434518,0.023292146001988367,0.1834782608695653,0.1834782608695653,0.22222222222222232,0.16666666666666674,4.930167597765363,0.1987951807228916,-1.6323851203501094,0.13181818181818183,-0.15660377358490563,0.08017599608897585,-0.005643644181671514,0.0204439252336448,0.08016877637130793,0.2032258064516128,0.08005396896784345,0.04186046511627928,0.033383265568157405,0.0034877927254608476,0.0235294117647058,0.07439165701042882
2000-12-31,0.0006569517439083405,0.001106710158434332,0.006814506814506904,-0.029406999351911822,-0.005936186000494725,0.5285218598195698,-0.9742836149889786,-0.9742836149889786,-0.8181818181818181,-0.7619047619047619,0.24823363165332069,-0.7805695142378559,3.326989619377162,-0.028112449799196804,-0.18046234153616703,0.007694048427246081,-0.29837837837837833,-0.2844876931883228,-0.003906250000000111,-0.0675603217158176,-0.024151571934207916,0.0401785714285714,-0.006626630772416653,-0.3743793445878848,0.13793103448275867,0.031420765027322384
2001-04-01,0.048821247388839195,0.08791528480828537,-0.00206493059538837,-0.09239629413237627,0.10400597163473502,-0.30582039407972395,54.142857142857146,54.142857142857146,6.75,4.999999999999999,-0.3154716981132075,2.203562340966921,-0.8104758096761295,-1.3181818181818181,0.07006369426751591,-0.09319559847293957,0.06163328197226514,0.06719999999999993,0.10196078431372557,-0.0891316848763658,0.14870919564753593,0.04721030042918439,0.052741296643735724,0.07936507936507953,-0.010101010101010055,0.19867549668874163
2001-07-01,0.0510726682979572,0.048133490212856955,0.09926428325094849,0.1020783520323707,0.003831417624521105,0.005362982341399647,-0.052331606217616566,-0.052331606217616566,-0.06451612903225812,-0.033333333333333326,0.0,0.0,0.0,0.5454545454545454,0.10119047619047628,0.036651807825656135,0.10341074020319296,0.11169415292353824,0.003558718861209842,-0.059343434343434365,0.0507057949479941,0.04508196721311464,-0.04495049504950499,0.1301470588235294,-0.020408163265306145,-0.048967723175341704
2001-09-30,0.050485909964538056,0.020461271558322336,0.04104575163398683,0.0880340453938584,0.06061966771441396,0.02758261774655213,0.13285948605795506,0.13285948605795506,0.13793103448275867,0.13793103448275867,0.4222712238147739,0.13105639396346302,0.15822784810126578,4.067226890756302,0.46563706563706564,-0.08958432871476352,0.09404801052285428,0.09575185434929212,0.06737588652482263,-0.09328859060402683,-0.20735372105356187,0.04313725490196085,0.009537632179141609,0.11450878334417691,-0.01041666666666663,-0.06206812205711487
2001-12-31,0.008941916198526023,-0.07745387269363468,0.047714716223003606,0.046092491755502785,-0.03191151566469097,0.14332742466447201,-0.05550193050193053,-0.05550193050193053,-0.06060606060606066,-0.06060606060606066,-0.041085271317829464,0.4431179775280898,1.3351548269581057,-2.429519071310116,-0.4541622760800843,0.08055628443977958,0.28704538623384446,0.2775384615384615,-0.029900332225913595,0.012583271650629113,-0.053300624442462086,0.041353383458646586,-0.04046005339905523,0.4092235843549328,-0.09473684210526312,-0.11813795801277871
2002-03-31,0.05524480882690974,0.13658536585365844,0.03748801534036428,0.07983870967741935,0.07549335811512603,-0.0677740863787375,0.20388349514563098,0.20388349514563098,0.22580645161290325,0.19354838709677424,-0.3637833468067906,-0.47639902676399026,-0.8361934477379095,-1.3433874709976799,0.2857142857142858,-0.009713453132588645,0.027557216254086914,0.01300578034682065,0.07876712328767121,0.021198830409356884,-0.21908127208480577,0.04693140794223827,0.019263698630137105,0.03024026512013256,-0.011627906976744207,0.05256542954310217
2002-06-30,0.030303030303030276,0.06752503576537916,0.09684872008132328,0.10781451558150579,-0.04289925790383242,-0.045735329056783125,-0.16935483870967738,-0.16935483870967738,-0.1578947368421053,-0.1351351351351351,0.6264294790343075,0.7518587360594795,2.8380952380952382,-1.4594594594594594,-0.10210210210210213,-0.10299166257969594,0.001818181818181941,-0.01949595815501659,-0.03492063492063491,-0.16893342877594852,-0.15113122171945692,0.04482758620689653,-0.07097858042839145,0.004825090470446325,-0.03529411764705881,-0.03638406967760066
2002-09-29,0.05421913174215365,0.057357276869471896,0.09204650770915834,0.12771955629098497,0.006532129580456791,0.08614465330511645,0.200817577925396,0.200817577925396,0.21875,0.1875,-0.095703125,-0.5793103448275863,0.16501240694789088,-5.25,0.48327759197324416,-0.17495899398578452,0.03266787658802173,-0.004364694471386876,0.013157894736842035,-0.14470284237726094,-0.19367448471926085,0.04290429042904309,-0.04543399638336354,0.008403361344537785,-0.012195121951219412,-0.062395218310372424
2002-12-31,0.0329797664675997,0.04693705111956059,0.018632102765883563,0.008369110374436106,0.05260380942331033,-0.1751289398280802,0.048085106382978804,0.048085106382978804,-0.02564102564102566,0.05263157894736836,0.0,-0.2635561160151324,2.2417465388711397,-0.8200692041522492,0.05862457722660652,0.0314777998674618,0.03602811950790863,0.015586945932781093,0.051948051948051965,0.01812688821752273,-0.005729396209784188,0.04113924050632911,0.019180677243665567,0.11865079365079367,-0.0864197530864198,0.03824924201197222
2003-03-30,0.14177237035119505,0.2551148056979138,0.06358403393168222,0.010724872002155772,0.24526315789473685,0.18452132833124923,0.8940316686967114,0.8940316686967114,1.0,0.8999999999999999,0.003455723542116651,2.2243150684931505,-0.9172141918528253,0.8269230769230769,0.10117145899893498,-0.029232251847092883,0.17451229855810002,0.17505995203836933,-0.0277777777777779,-0.07715133531157259,-0.08865248226950351,0.045592705167173175,0.09061338289962828,0.24902447676481043,-0.05405405405405406,0.24185698240359432
2003-06-29,1.3476798669891172,0.1170626627656497,0.9218800071212392,0.18145462301375703,1.829046411463994,0.172199413489736,-1.769774919614148,-1.769774919614148,-1.631578947368421,-1.631578947368421,-0.08179078777442961,-4.0355815188528945,29.61904761904762,-0.35789473684210527,0.05899419729206956,0.056915949702184054,-0.6822531142805561,-0.6420408163265305,1.8571428571428572,0.08681672025723475,-0.16488326848249013,0.043604651162790775,0.2008947592671495,-0.514626526554956,-0.27142857142857135,-0.054507084715104015
2003-09-28,-0.033800640602617116,-0.04826732673267331,-0.045372017192826464,-0.022430834499255314,-0.02491391821519018,0.2512758931251877,-1.622389306599833,-1.622389306599833,-1.6041666666666665,-1.6041666666666665,0.3469292076887014,-0.9814555633310007,-0.5391394504924831,-5.754098360655738,-0.2648401826484018,0.013149655604257848,-0.2835227272727273,-0.23375142531356907,-0.005555555555555647,-0.6449704142011834,0.7781013395457193,0.04178272980501396,0.009224764945893194,-0.11644236395552954,-0.13725490196078427,-0.02646514890631979
2003-12-31,-0.027345116527011992,-0.10058366347113434,-0.002503541832437395,0.0921975992613111,-0.04602296770804448,0.13291746641074864,-0.731096196868009,-0.731096196868009,-0.7241379310344827,-0.7586206896551724,0.5301079011486252,7.481132075471699,0.5143419572553432,-0.8448275862068966,-0.05590062111801242,0.0027812113720644405,-0.4567803330689928,-0.4375,-0.04469273743016744,0.008333333333333304,0.0956436292171634,0.04010695187165769,-0.019159782035507167,-0.4271523178807948,0.0,-0.17647058823529405
2004-03-28,0.047219010918432947,0.18990619010793175,0.03585742635900235,0.04142537092615295,0.05615124585098741,-0.11852322462233522,2.8785357737104826,2.8785357737104826,2.875,3.2857142857142856,-0.6398999090081893,-5.139043381535039,-1.2939647168059425,5.166666666666667,-0.3651315789473685,0.11556240369799697,-0.6627737226277373,-0.656084656084656,0.054970760233918003,0.16528925619834722,0.6908819133034378,0.04370179948586106,0.008781362007168392,-0.6289017341040463,-0.06818181818181823,0.1425389755011135
2004-06-27,-0.019036871672840516,0.03662154906891968,0.00028173775849449356,0.021147055242115576,-0.033932916232186305,-0.01705774004965166,0.2282282282282282,0.2282282282282282,0.22580645161290325,0.26666666666666683,1.2684775742261527,-0.180596613813491,-1.5476942514213519,-0.436036036036036,-0.32435233160621757,-0.00939226519337022,4.1731601731601735,4.153846153846154,-0.02328159645232808,-0.05910165484633578,2.522277227722772,0.041871921182266236,-0.015278024515899657,3.8629283489096577,0.04878048780487809,0.015176830966304733
2004-09-26,0.018906144496961597,0.06465857980100864,0.011078563917680695,0.0032196518006200048,0.02515553556704897,0.04538047906143072,0.16695773663988822,0.16695773663988822,0.18421052631578938,0.1578947368421053,0.441381230854915,-1.0121351262709084,3.608996539792387,-4.872204472843451,1.8588957055214723,-0.10429447852760743,0.13807531380753146,0.13283582089552226,0.02724177071509648,-0.08291457286432158,-0.8449954823812871,0.04018912529550822,0.006314270250766585,0.1306854580397181,0.0,0.061239884789466625
2004-12-31,0.011903885329995312,0.016309496377090005,0.02897151134717535,0.04829826855263675,-0.0015354693417954923,0.16312056737588643,-0.15414546542951213,-0.15414546542951213,-0.1777777777777778,-0.15909090909090906,0.15726429675425035,-73.67567567567568,-0.1619119119119119,-1.046204620462046,-0.030042918454935674,-0.16749688667496887,0.23014705882352926,0.22661396574440063,0.008839779005524795,-0.1917808219178081,-0.2723445595854922,0.03863636363636358,-0.013087128002868376,0.22549575070821537,0.0,-0.03050080775444275
2005-04-03,-0.00605575498851918,0.06698745402327799,-5.4145760386981046e-05,0.09411142187618116,-0.010925920501479225,-0.12282229965156799,-0.8934890304317056,-0.8934890304317056,-0.8918918918918919,-0.8918918918918919,-0.4701168614357262,-0.0011156563778356166,-0.755747984472977,4.928571428571429,-0.1836283185840708,-0.03627524308152574,-0.17393903167961755,-0.17937701396348016,-0.00766703176341732,-0.044067796610169574,-0.23008455718736087,0.04157549234135649,-0.004904632152588628,-0.18770226537216828,0.0,-0.02479504099180152
2005-07-03,-0.08628950258266566,-0.20730526763157275,-0.15168853672183813,-0.22046428077932845,-0.032636379790321635,-0.05087464670384234,10.50498338870432,10.50498338870432,10.749999999999998,10.749999999999998,0.20006301197227483,-3.552122114668652,12.28606356968215,-0.3975903614457831,-0.1355013550135501,0.06208769887466059,0.069464544138929,0.08115183246073321,-0.02428256070640189,0.07092198581560294,0.28612716763005785,0.0399159663865547,0.05878057685286597,0.060899260102447395,0.023255813953488413,0.0168819629553687
2005-10-02,-0.01766271688908272,-0.023977601048461583,-0.07368241877486759,-0.09620668261987064,0.022639603232917027,-0.018993963782696133,-0.5411492925209356,-0.5411492925209356,-0.5319148936170213,-0.5319148936170213,-0.20897873457600424,-1.213274981765135,-0.8286713286713286,0.585,-0.2484326018808778,-0.04092071611253201,-0.17185385656292285,-0.1561743341404359,0.02262443438914019,-0.01655629139072845,-0.10606741573033707,0.03838383838383819,0.04120689655172427,-0.16630901287553645,0.022727272727272707,0.07991665546444415
2005-12-31,0.06545045902322766,0.278564453125,0.19298970966556417,0.39485167933317,-0.017662819764395987,0.1151858232832883,0.7193203272498427,0.7193203272498427,0.6818181818181819,0.6363636363636362,0.5721871888483239,4.320793433652531,-3.3233082706766917,-5.063091482649842,1.343065693430657,-0.12685714285714278,-0.0016339869281044583,0.0014347202295552641,-0.015486725663716672,-0.1447811447811448,0.0477626948215184,0.03696498054474717,-0.07799304520616002,0.01415701415701398,-0.022222222222222254,-0.08340075932034607
2006-04-02,-0.039178326883000936,-0.1069553179301127,-0.16535099541761333,-0.3084223847019123,0.06067624605726296,-0.06863826969763853,0.5047584187408491,0.5047584187408491,0.5135135135135136,0.5555555555555558,-0.16381676166350012,-1.6981617174444015,-3.026352288488211,-0.5170807453416149,0.2768135291499778,0.10034904013961587,0.4599018003273323,0.5042979942693409,0.06516853932584277,0.11417322834645671,0.11036468330134364,0.045028142589118136,0.10416666666666674,0.483502538071066,0.022727272727272707,0.29130169077205137
2006-07-02,-0.012473552350853012,0.09565682213016169,-0.00666666666666671,0.019365660262275153,-0.016089873435906288,-0.07259083728278037,-0.4125516905862321,-0.4125516905862321,-0.4107142857142857,-0.4107142857142857,0.2984094925523857,-1.2041981218928375,-0.43223819301848054,-2.52411575562701,-0.33042872080864416,-0.04361617763679615,-0.09865470852017943,-0.08666666666666667,-0.011603375527426296,-0.10247349823321561,-0.3526361279170268,0.043087971274685666,-0.0035783994795054452,-0.07570573139435421,-0.022222222222222254,0.07488037019508864
2006-10-01,-0.026580008964589896,-0.05544713860564965,-0.09725737906690513,-0.11802543006731492,0.017856882127056828,0.04590750361979379,0.3921325051759834,0.3921325051759834,0.4242424242424241,0.39393939393939403,-0.2195216799533346,-1.3101893597835887,0.025316455696202445,-0.21518987341772156,-0.3872982821447163,0.051824212271973424,0.15049751243781095,0.16788321167883224,0.029882604055496476,0.0669291338582676,0.15220293724966627,0.04130808950086062,0.045870062030688885,0.16149930587690897,0.022727272727272707,0.07093586419451103
2006-12-31,0.05757701339964094,0.21249451202190017,0.11848841097934293,0.20923790140208043,0.023611429882947066,-0.048045602605863214,1.810529446757882,1.810529446757882,1.8085106382978728,1.8695652173913042,0.1150971599402093,0.26453488372093026,-0.16637272192827746,-1.8736559139784945,0.5522514868309261,0.03192747339377222,0.5010810810810811,0.5419642857142857,0.041450777202072464,0.0,-0.11297798377752033,0.03966942148760344,-0.0319962540970814,0.5928286852589641,-0.04444444444444451,0.002695171531679641
2007-04-01,-0.03791460940289282,-0.09823425419071763,-0.1261298557924515,-0.3781382953854785,0.015835645617870542,0.06706586826347305,-0.6410202137792359,-0.6410202137792359,-0.6363636363636365,-0.6363636363636365,-0.7222966934763182,8.818390804597701,0.13963328631875882,0.023076923076922995,0.3639846743295019,-0.007639419404125269,-0.04717320849837958,-0.031847133757961776,0.025870646766169125,-0.04428044280442811,-0.36446766819072496,0.04610492845786962,0.05611093195743311,-0.03351675837918955,0.0,0.4501138952164012
2007-07-01,-0.0007240932994215799,-0.01688830101329808,0.11354125542834592,0.13795955191339004,-0.0606169296987088,-0.11143177809844473,-0.6264740566037736,-0.6264740566037736,-0.625,-0.625,1.9485116653258245,-1.1695153359868884,-0.31724422442244227,-1.5323308270676692,-0.1420545746388443,0.019245573518090753,-0.06046863189720342,-0.05921052631578938,-0.04849660523763333,-0.007722007722007707,0.050359712230215736,0.04407294832826758,-0.059847328244274856,-0.04865424430641829,0.0,-0.13606660383286218
2007-09-30,-0.012436256261152301,0.005237614722983119,0.0026235552719280353,-0.05338266384778012,-0.021793403236702202,0.08173944424395518,-0.3993685872138911,-0.3993685872138911,-0.38888888888888884,-0.38888888888888884,0.27639836289222375,-1.0649171270718232,0.28459214501510566,-2.3361581920903953,0.22123479887745567,-0.06948640483383683,-0.1395816572807722,-0.1500317863954227,-0.007135575942915473,-0.023346303501945553,-0.011741682974559797,0.04221251819505101,-0.009418642416369027,-0.14363438520130567,-0.023255813953488413,0.06192952470998958
2007-12-31,0.057213610932770775,0.11971797323135758,0.182083922677982,0.5239391401451703,-0.024020417354751578,0.07339449541284404,2.5795006570302235,2.5795006570302235,2.727272727272727,2.6363636363636367,-0.19474134245404018,-60.5531914893617,-0.9529633113828786,0.6807610993657505,0.3044810417464574,-0.0267857142857143,-0.43945769050958394,-0.4525056095736725,-0.014373716632443578,-0.019920318725099584,0.13564356435643576,0.0405027932960893,-0.07672131147540973,-0.46569250317662014,0.04761904761904767,-0.26525580439695906
2008-03-30,0.028472776486101914,0.08883860914854114,0.016871410338225923,-0.007007098694756131,0.03702507306568226,-0.0794094794094794,0.022026431718061623,0.022026431718061623,0.0,0.02499999999999991,-0.13166976373772232,0.9592711682743837,-5.24,-2.7522012578616355,-0.408984145625367,-0.07047539616346965,-0.057547956630525476,-0.09153005464480868,0.03645833333333326,-0.056910569105691144,0.6608544027898866,0.04295302013422808,0.008522727272727071,-0.06242568370986912,-0.045454545454545525,0.09652311707680838
2008-06-29,-0.01716575284690003,-0.04626453117954954,-0.02339674445969797,0.06968914306798268,-0.012578429772905908,0.02371708305199194,-0.002873563218390829,-0.002873563218390829,0.0,0.0,0.5414246407826353,-0.3683442742523705,-4.274764150943396,-0.14357501794687721,-0.5926477893691009,-0.13234634365186182,0.20707964601769913,0.18496240601503744,-0.009045226130653283,-0.1637931034482758,-0.07716535433070881,0.041184041184041176,0.004577464788732444,0.17438173747622066,0.023809523809523725,-0.10838610957623152
2008-09-28,-0.01086555379135734,-0.008715134324063234,-0.040946241741470324,-0.07286681326262234,0.011506857546305316,-0.012861736334405127,-0.17939481268011526,-0.17939481268011526,-0.1707317073170731,-0.1707317073170731,-0.21618405394684648,-0.6804272517321016,-0.14368023046453005,-1.3730092204526403,0.5426829268292683,-0.039813857290589394,0.16422287390029333,0.15101522842639614,0.011156186612576224,-0.030927835051546393,-0.20591581342434573,0.0395550061804697,0.022783035401331864,0.16792656587472998,-0.023255813953488413,0.06917099680602545
2008-12-31,-0.03558382285312667,-0.10680739005121609,0.11830478663260613,0.25605729433102353,-0.14522907848815625,0.03115342854756542,-0.8832309043020193,-0.8832309043020193,-0.8823529411764706,-0.8823529411764706,0.5113866396761133,1.5112917795844627,-0.05256518082422201,0.9258426966292135,0.6774703557312254,-0.0990845449649973,-0.2103274559193954,-0.22601984564498345,-0.1454363089267804,-0.10638297872340419,-0.2320916905444126,0.038049940546967864,-0.113776559287183,-0.22422561257512708,0.0,-0.28887997146424116
2009-03-29,0.10602080109403689,0.25947163153496144,0.17006815458358293,-0.13584360768632675,0.046893460282160015,-0.11979588530698204,9.259398496240602,9.259398496240602,9.25,9.0,-0.4731290808638875,3.9043165467625895,-5.276520195295162,-2.0210035005834306,-0.4123468426013195,-0.10041841004184093,0.021531100478468845,-0.015669515669515688,0.04694835680751175,0.0535714285714286,0.16977611940298498,0.036655211912943964,-0.05336426914153136,0.013706793802145345,-0.023809523809523836,0.45745814784626004
2009-06-28,0.13346402889402276,0.31882107901867185,0.21783936886911714,0.11863753213367612,0.04623682681935115,0.010766540903653254,-0.17149138878710146,-0.17149138878710146,-0.1707317073170731,-0.15000000000000002,0.43438195106450594,-0.048481736834384614,-0.023559937727036795,-2.1394285714285717,0.7995188452285484,-0.05780730897009978,-0.050741608118657244,-0.1070911722141823,0.04596412556053808,-0.10169491525423724,-0.04944178628389151,0.017679558011049812,-0.07679738562091498,-0.04056437389770717,-0.07317073170731703,0.17892019789201985
2009-09-27,0.014030529858833463,0.031222921034241846,-0.013928308630295372,-0.08108315140373057,0.049428149934169774,0.05799344501092496,0.27288810260946494,0.27288810260946494,0.2647058823529411,0.2647058823529411,-0.09149313247673907,-0.9770292145224697,-1.1943027210884354,0.9959879638916751,0.8868092691622103,0.0959097320169251,0.08470394736842102,0.024311183144246407,-0.12218649517684899,0.05031446540880502,0.16359060402684555,0.017372421281215855,0.034955752212389335,0.08762254901960764,-0.052631578947368474,0.12224492774777396
2009-12-31,0.5071340608943056,-0.1641819364631899,0.632415649485635,0.5515588529509836,0.3606118778058256,0.4230272782032527,-0.7334954829742877,-0.7334954829742877,-0.7906976744186047,-0.7674418604651163,0.17654230675445004,13.654362416107382,0.4956236323851204,-2.1336683417085425,-0.5328294756731223,0.1280566280566282,-0.06216830932524631,-0.11392405063291144,0.36141636141636146,0.2814371257485031,0.04470079307858699,0.01707577374599789,-0.09705002137665664,-0.02704225352112677,-0.11111111111111105,-0.461305846393965
2010-04-04,-0.0837571437292497,-0.19059510296740712,-0.14262507856950446,-0.3035862995298858,-0.003943830959628469,0.012880208018382966,1.6414602346805736,1.6414602346805736,1.7777777777777777,1.5,-2.3181347150259066,-3.1511335012594457,0.17446964155084133,-0.9029255319148937,-0.11071789686552069,0.05989731888191652,-0.1689571544058206,-0.1767857142857142,-0.0035874439461883734,-0.21962616822429915,0.009661835748792313,0.018887722980063026,0.08712121212121215,-0.17834394904458595,0.0,0.16225025653407377
2010-07-04,-0.020716200355691328,0.023739883003445872,-0.00797859679523183,-0.047947847554389744,-0.03591385137019154,0.034447761194029924,0.22161895360315897,0.22112537018756173,0.24,0.24,-1.7661949685534593,-1.0384287843304236,0.3581438804110868,-1.538812785388128,0.06708357021034672,-0.15500538213132398,-0.0457198443579766,-0.045553145336225676,-0.0324032403240323,-0.15568862275449102,-0.041695146958304896,0.01853759011328515,-0.015461672473867538,-0.07751937984496127,0.0625,0.07530511555440156
2010-10-03,0.00180037787000642,0.058472436938611816,-0.008119547378422687,-0.020623151412017315,0.013836347019285267,-0.06671668494257521,-0.6501010101010101,-0.6503637833468068,-0.6451612903225806,-0.6451612903225806,0.37143443463985215,9.74792243767313,-0.4214629672093556,1.5338983050847457,0.15929675013319122,0.007643312101910826,-0.29255861365953106,-0.2954545454545454,0.016744186046511622,0.042553191489361764,0.03495007132667616,0.018200202224469164,0.011944260119442607,-0.2987012987012986,0.0,0.08075344119777816
2010-12-31,0.01880207925188726,0.11793525485773437,0.03291822694417834,0.1835594903193778,0.0020311519370115327,0.08595634159915888,2.3371824480369514,2.341040462427746,2.2727272727272725,2.1818181818181817,-0.0635941942241508,0.4548969072164948,-0.5723345223939754,-2.4749163879598663,-0.20266544117647056,0.07901390644753481,0.35446685878962536,0.3774193548387097,0.0045745654162854255,0.061224489795918435,0.5279117849758788,0.01787487586891756,-0.016393442622950838,0.32570806100217853,0.02941176470588225,-0.0554587299459266
2011-04-03,-0.00029741454459675243,-0.0367797843487464,-0.02178943128272859,0.01964416791918633,0.02566818124879,-0.06030408291099598,-0.23114186851211072,-0.23114186851211072,-0.2222222222222221,-0.19999999999999984,-0.25822946628315757,-1.1284322409211691,4.935125115848008,1.2789115646258504,-0.579250720461095,0.11833626244874051,0.022340425531914843,0.025761124121779888,0.0373406193078325,0.11538461538461542,-0.15561569688768617,0.019512195121951237,0.026000000000000023,0.0279375513557929,0.0,-0.055355791067373206
2011-07-03,0.004836988859024505,0.03845889705377381,0.024065579422158034,0.04456480751431213,-0.01760911321571723,0.029208580778087523,0.17461746174617465,0.17461746174617465,0.1785714285714286,0.1785714285714286,0.27057302886686774,-0.5020689655172415,-0.3881948782011243,-3.354228855721393,3.241095890410959,0.06181246726034573,0.010405827263267442,0.009132420091324311,-0.005267778753292429,0.02298850574712641,0.030982905982906095,0.019138755980861344,-0.022308858566168488,0.020783373301359154,0.0,-0.005809876790543789
2011-10-02,0.0011893884093334695,0.03716685404404463,-0.012474751253085947,-0.08581930360014445,0.017698714978356955,0.012305699481865329,0.43218390804597706,0.43218390804597706,0.45454545454545436,0.45454545454545436,-0.24737199050525605,-0.40443213296398894,0.02986217457886675,-0.74218089602705,0.19702842377260987,-0.07301430685742483,0.325437693099897,0.32579185520361986,0.033539276257722905,-0.0674157303370787,-0.09015544041450785,0.018779342723004522,0.016614975631368933,0.31480031323414237,0.0,0.1345088161209067
2011-12-31,-0.04145167540228012,-0.07976790154944846,-0.002092763394632713,0.007646467547386626,-0.08725443379568443,-0.02599895306229283,-0.6150347779561263,-0.615569823434992,-0.6041666666666666,-0.625,0.185176841630998,3.181395348837209,0.5489467162329615,-1.2737704918032786,-0.045062061521856434,0.03672166045769032,-0.11266511266511281,-0.11774744027303752,-0.06917164816396248,0.0,-0.229498861047836,0.018433179723502446,-0.04794072782741332,-0.11614055985705773,0.0,-0.08676731793960912
2012-04-01,-0.012334975159838724,-0.04962929600886923,-0.03202664616961315,-0.03473582956286292,0.012969947682199834,-0.08007882479398065,0.24669909659485745,0.24843423799582465,0.26315789473684204,0.33333333333333326,-0.47272381676487363,-0.4983314794215795,-0.43888000000000005,0.4850299401197604,-0.17095224639728734,0.11755646817248455,-0.023642732049036774,-0.03288201160541582,0.019266055045871422,0.20481927710843384,0.2668144863266815,0.019909502262443368,0.025635156786449897,-0.02695417789757415,0.0,-0.015413789750072904
2012-07-01,-0.015300269814684131,0.071122614512513,0.00857792678862035,0.13670923451686723,-0.04454934178918035,-0.022590068159688448,0.8132664437012262,0.8132664437012262,0.8333333333333335,0.7916666666666667,0.44953136265320826,-2.966740576496674,-0.15369261477045904,-1.3911290322580645,0.03306066802999319,0.02664216812126785,0.09506726457399095,0.08599999999999985,-0.04230423042304221,0.004999999999999893,0.06009334889148188,0.01952085181898844,-0.029680874804731028,0.09903047091412742,-0.02857142857142847,-0.057681860832633824
2012-09-30,-0.0013071394974896178,-0.027873734365693847,-0.023259882777189156,-0.05412689135658155,0.027103473418230717,-0.07179385003652783,-0.013833384568091023,-0.014140793114048589,-0.022727272727272707,0.0,0.24421785625466308,-0.7215332581736189,0.10882749326145547,14.206185567010309,0.4866380732431541,0.05458612975391497,-0.027846027846027854,-0.03314917127071826,0.042293233082706605,0.10447761194029881,-0.02476609796367657,0.019147084421235805,0.028518859245630024,-0.001890359168241984,-0.02941176470588236,0.027723913840993708
2012-12-31,0.017496974310389213,0.0750608293801529,0.03614361913860353,-0.01757577838041946,-0.005422077524693147,0.04092730394962785,0.9685162094763091,0.9688182101652636,1.0,0.9767441860465116,0.05056965820507697,-28.68016194331984,0.8939532057125494,2.9884745762711864,1.3055925432756323,0.053033517182859535,0.5080033698399324,0.5066666666666668,0.018935978358882055,0.009009009009008917,0.09424379232505653,0.018787361229718025,-0.022584973166368538,0.5593434343434343,-0.030303030303030276,0.09433962264150941
2013-03-31,0.008611502814884986,0.05451436945371646,0.004331540530157607,-0.03759740032845316,0.012183115924193855,-0.07203739345614513,-0.564528899445764,-0.5657269559708584,-0.5581395348837209,-0.5529411764705883,-0.5736301369863014,-2.598654380576276,-1.0696293919460933,-2.4031956484786674,-0.794590432187891,0.09226430298146648,0.06815642458100557,0.06321112515802763,0.025663716814159132,0.0714285714285714,-0.28313563692625066,0.02011735121542335,0.0036604895904825963,0.10040485829959511,-0.03125,0.09566635601118367
2013-06-30,-0.04302607285029725,-0.05138736624307094,-0.04028841648258119,-0.1486040010165922,-0.04502127659574473,-0.03903703703703709,4.125454545454545,4.141867250182349,4.2631578947368425,4.2105263157894735,0.7090584560464079,-1.0764867337602928,-10.294930875576037,-1.0738946093276802,0.14151827553889418,0.07451125046108453,0.7044979079497908,0.7063020214030915,0.023295944779982758,0.04583333333333339,0.0028776978417266452,0.019720624486442073,-0.0020515158422611535,0.7634289919058133,-0.032258064516129115,0.11419214902394415
2013-09-29,-0.02126746033958793,-0.03149670383331982,-0.03179616971242949,-0.13121535181236677,-0.007358651508014291,-0.025437447005318692,-0.8162468960624335,-0.8160862472515782,-0.8049999999999999,-0.803030303030303,0.5425587467362925,-1.7308612440191387,0.39588497768963804,-1.6295081967213116,-0.1576354679802956,-0.008582217645039525,-0.011966861000306861,-0.013937282229965153,0.013490725126475533,-0.027888446215139417,-0.43113342898134865,0.01933924254633368,0.01416171767930563,0.0010431879824743806,-0.033333333333333326,0.11477975417970843
2013-12-31,-0.01948484796690997,-0.05472268907563027,-0.017351569977461456,0.146910126147352,-0.02131616411650783,-0.013841651506762642,-0.008494208494208455,-0.01002699575780952,0.0512820512820511,0.0,-0.02064996614759651,-1.1309328968903438,0.020067483573077638,-1.3411458333333333,0.06384015594541914,0.047783933518005695,-0.1322981366459628,-0.1293286219081271,-0.005823627287853572,0.032786885245901676,0.060529634300126256,0.01897233201581039,-0.0018018018018018944,-0.11108795331388077,0.0,-0.1757918164697827
2014-03-30,-0.0017024886549177332,0.02754071545409298,-0.018233994197798475,0.06094325087734309,0.019159448019185676,-0.08942893808148866,-0.0930685358255452,-0.0927152317880795,-0.12195121951219512,-0.07692307692307698,-0.49274109920497755,-2.225,-0.6286559888579387,4.183206106870229,0.31103985341273477,0.03469927296761388,-0.004652827487473088,0.0024350649350648457,0.020083682008368298,0.039682539682539764,0.18549346016646862,0.020170674941815347,0.020983754512635455,0.02391559202813598,-0.0344827586206895,-0.03149017489925621
2014-06-29,0.004679642391506755,0.008547747997162292,0.02043951354811191,-0.11504638967325531,-0.0146073628309481,0.12507707213952268,0.2503220266208672,0.24989265779304426,0.2777777777777779,0.25,0.39250425894378194,14.377551020408163,-0.043600562587904346,-0.19882179675994105,0.1900768693221524,-0.01852443308847007,-0.515282272563826,-0.5133603238866397,-0.009023789991796538,-0.038167938931297773,-0.012036108324975037,0.019771863117870714,-0.01922651933701669,-0.5163727959697733,0.0,0.1396645648350705
2014-09-28,-0.007241674970453915,-0.022303429581210232,-0.027170276825290607,-0.09198650743003012,0.017681677606253166,-0.03225553902763645,-0.08447802197802201,-0.08416351769151498,-0.08695652173913049,-0.06666666666666676,0.09175434303890384,0.6821499668214996,0.41519607843137263,-2.78125,-0.28449794480328827,-0.03709729905629677,0.007418397626112849,0.01331114808652245,0.024006622516556275,-0.02777777777777768,0.8893401015228426,0.01938851603281133,0.025011266336187665,0.01278409090909105,0.0,0.07674357333734805
2014-12-31,-0.01218473173749135,0.012546721182024045,0.0493783380078876,0.08589357429718869,-0.08574396060932454,0.06124099991910037,-0.5393848462115529,-0.5393848462115529,-0.5238095238095237,-0.5476190476190477,0.20999551770506497,-0.40276134122287965,0.01350883269830283,-1.9349845201238391,0.3717685679113665,0.02433254477864133,-0.11340206185567014,-0.12479474548440073,-0.059822150363783244,0.0,0.005373455131649774,0.019019751280175523,-0.0745218729391075,-0.13931743805516594,0.03571428571428559,-0.06753355704697972
2015-03-29,-0.05100606117891704,-0.14313195383175625,-0.04709580960963422,-0.06513799639406403,-0.05605811980196629,-0.1718249733191035,0.9348534201954397,0.9340390879478828,0.8999999999999999,1.0,-0.8733098721985553,-5.354029062087187,1.3861927546138073,-0.7571743929359823,0.0658091534549805,0.09633784229627174,0.04069767441860472,0.022514071294559068,-0.06018916595012902,0.16734693877551,0.2506680919294493,0.0201005025125629,-0.005225653206650915,0.015209125475285079,0.0,-0.08344579397210994
2015-06-28,0.0014815737051792066,0.04595190421293216,0.006931533642117849,0.19389773513994668,-0.006091762748127949,0.09103460972017663,0.10521885521885532,0.10568421052631582,0.13157894736842102,0.10526315789473673,4.980994152046784,-1.3193264563106797,-0.731452305929533,-0.5136363636363637,0.03003087285994943,0.034306349684020576,0.002394253790901857,-0.014678899082568808,-0.008234217749313766,0.09790209790209792,0.020085470085470236,0.019704433497536922,-0.0076408787010505685,-0.012306046013911276,0.0,-0.12392638036809811
2015-09-27,0.062090528226357966,-0.12982693609204288,0.10720613033362514,0.1533363707907054,-0.0008371453344097057,0.019741837509491322,-0.1888804265041889,-0.1888804265041889,-0.18604651162790697,-0.19047619047619035,0.2278171596186751,1.4907363420427555,-0.8576,-6.336448598130841,-0.15558583106267032,-0.05528076811172533,-0.022292993630573132,-0.059590316573556734,-0.0018450184501844769,-0.04458598726114649,-0.035190615835777095,0.019323671497584405,-0.05919153031761315,-0.055254604550379116,0.0,-0.24551820728291307
2015-12-31,-0.0199394850965956,-0.02659940890202439,-0.012338181853233432,0.05580894235949008,-0.03170352194859216,0.1621576900802515,-1.0807511737089202,-1.0807511737089202,-1.0857142857142856,-1.088235294117647,-0.06171610591280108,-0.5758153728781232,3.153558052434457,-1.9492119089316988,0.1748951274604711,0.02740991684631977,-0.14657980456026054,-0.1643564356435644,-0.03327171903881698,0.026666666666666616,0.08901432913590956,0.018957345971563955,-0.012020460358056373,-0.18291284403669728,0.034482758620689724,-0.07802734979271087
2016-04-03,-0.027057207691388974,-0.0572093872705689,-0.028117466792891066,-0.022585802238171415,-0.025510282915372606,-0.07417954011532712,-18.53488372093023,-18.53488372093023,-17.333333333333332,-17.333333333333332,-0.6494801612561001,-2.9581834532374103,5.3246167718665465,-2.992619926199262,-0.2966218071958253,-0.015287769784172567,0.10973282442748089,0.08767772511848348,-0.006692160611854736,0.01948051948051943,0.17982456140350878,0.019933554817275656,0.0015531969971525061,0.04561403508771944,0.03333333333333344,-0.03543624161073822
2016-07-03,0.047437841022776706,0.061673688798489,0.08043622341387002,0.11706977553506182,-0.00474091456840231,0.01091887735486341,-0.33057029177718833,-0.33057029177718833,-0.3265306122448979,-0.3265306122448979,1.165859564164649,-2.0741676234213546,-1.2773025377815796,-1.7870370370370372,0.33190160093713383,0.07579908675799096,-0.0653482373172829,-0.09368191721132912,-0.004812319538017418,0.08280254777070062,-0.020953024670496867,0.019543973941368087,-0.049625226156629565,-0.10268456375838908,0.0,-0.04961035346507103
2016-10-02,0.04554137514795675,-0.12188390922568137,0.06726336530597066,0.08286862519081595,0.008571109942806077,-0.007758423975051332,-0.3462109955423477,-0.3467062902426944,-0.33333333333333337,-0.36363636363636365,0.31330352152040253,-0.06348867037195383,-1.8349614395886888,-2.5494117647058823,-0.386103781882146,0.0,-0.10395584176632944,-0.12499999999999989,0.008704061895551174,0.00588235294117645,0.07939247497411128,0.019169329073482455,-0.03535490889311943,-0.13163799551234123,0.0,-0.18903287209898234
2016-12-31,-0.03819424984587794,0.011636061401002484,-0.026587360335803667,-0.10483615754193154,-0.05945630025115711,0.044614794940590174,-0.3484848484848485,-0.3479909021986354,-0.36363636363636354,-0.33333333333333326,0.2709087039795701,-0.2908011869436202,0.3719211822660098,-1.3804100227790432,0.23925501432664764,-0.09705715902659884,0.1919917864476386,0.15934065934065922,-0.04122722914669219,-0.10526315789473684,0.02046690118324279,0.018808777429467183,-0.02227234282492252,0.17657192075796724,0.0,0.13008937437934476
2017-04-02,-0.016496227019782705,-0.07884669696269475,-0.015548955052963054,-0.20089988751406074,-0.01860840065162994,-0.06222939751963019,2.6290697674418606,2.6290697674418606,2.714285714285714,2.642857142857143,-0.7339249832551908,-2.5358867074348246,1.2087073608617596,1.9181636726546905,0.5633911368015414,0.028831087433406344,0.03359173126614978,0.007109004739336511,-0.02100000000000013,0.07189542483660127,-0.12065183328110318,0.019692307692307676,-0.0020184544405996707,0.018301610541727742,0.0,0.15274005432177673
2017-07-02,-0.001338989477675634,0.014131222476169158,-0.0015903596939239595,0.09322715572715579,-0.0011465731154274295,0.00915564598168861,-0.015379685998077486,-0.015379685998077486,0.0,0.0,1.0465701699181875,-1.3642078792958927,-0.3901646006909165,-2.006155950752394,-0.3628296771013064,0.007919585744745827,0.16500000000000004,0.14588235294117635,0.0020429009193054792,0.030487804878048808,-0.008909479686386335,0.01931200965600488,0.0,0.1502516175413371,-0.032258064516129115,-0.07234927234927235
2017-10-01,0.021316104842250105,0.10735193074068983,0.010722445227237642,0.038076668383489,0.041152686403508776,0.021091811414392092,-0.07582167263260653,-0.07614708753660915,-0.07692307692307698,-0.07843137254901966,0.5030750307503076,0.7238204833141542,-0.4241919360213262,-1.131883072739633,0.07504835589941972,0.035660320338470886,0.19456366237482126,0.193018480492813,0.038735983690112,0.03254437869822491,-0.10068320747932391,0.018946121965660145,0.019647500722334454,0.1781250000000001,0.03333333333333344,0.06671148961601658
2017-12-31,-0.0020563342646862104,0.021096522796654416,-0.09816194018425628,0.07832157918985017,0.17340793154517042,0.04062879708383971,3.3218309859154926,3.3233532934131738,3.291666666666667,3.4468085106382977,0.378887070376432,0.5951268357810413,0.958912037037037,-8.407216494845361,-0.5170924793091041,0.042602859644003344,1.0514970059880238,1.153184165232358,0.17566241413150152,0.005730659025787732,-0.1235505797680927,0.01859384079023818,0.17568716350240865,1.1511936339522548,0.0,-0.0530849499264654
2018-04-01,-0.041822616227291554,-0.15327775212075545,-0.06062451942760705,-0.10063430505800774,-0.01576260728109047,-0.0581624461796687,-0.7098745315300635,-0.7099560045624898,-0.7087378640776699,-0.7177033492822966,-0.7057863501483679,-3.0228081188533165,2.1669128508124076,-1.6854558107167712,0.8002980625931446,0.016232857542681334,-0.0253940455341507,0.02717825739408486,0.0008347245409014992,-0.1367521367521367,-0.5374087591240876,0.0193953223046206,0.02723547842853713,0.01800246609124523,0.0,-0.05850159011907419
2018-07-01,0.002235559983476243,0.07084828477106364,0.008355479961730694,0.1750776539375114,-0.005784794255100922,0.04339067100573368,0.0873350182532997,0.08735955056179767,0.10000000000000009,0.10169491525423746,0.9404942007060011,-1.1524775007758352,-0.8220149253731344,-0.5989847715736041,0.16349337748344372,-0.01349490498485273,-0.00688828990715773,0.042023346303501796,-0.007506255212677226,-0.013201320132013028,-0.03451676528599623,0.019026301063234552,-0.007977475363679098,0.025678294573643345,0.032258064516129004,-0.08868813825608801
2018-09-30,0.017323311916595863,0.11473608020802617,0.013884203424137542,-0.09774225649956458,0.022084324572214653,-0.012475865141838738,0.0625,0.06277447687935944,0.06060606060606055,0.06153846153846132,0.3661642411642412,0.9701492537313432,-0.2631027253668763,1.1443037974683543,0.30131625755958735,0.12311557788944705,0.01718938480096499,0.06348020911127716,0.03613445378151248,0.13043478260869557,0.08171603677221673,0.018671059857221284,0.004730368968779652,0.05408597071327348,0.0,0.23549693991897258
2018-12-31,-0.05014359084355147,0.20063487482865594,-0.005292545724891573,0.0980594905731913,-0.1109381791668419,0.05106030982102583,-1.095770539620807,-1.095527467185221,-1.1,-1.1014492753623188,-0.09853528628495345,-0.7369146005509641,3.556899004267425,-3.872491145218418,-0.6651175505740843,0.08003977131493922,-0.5185294989623481,-0.5231741573033708,-0.07380373073803737,0.041420118343195256,0.020774315391879128,0.019407008086253397,-0.064030131826742,-0.5341698409141833,0.03125,0.09335100816298048
2019-03-31,-0.025096912596755727,-0.09285742899491245,0.0062614985783575605,-0.07643292108732502,-0.07256296623401204,-0.061458109751735046,-10.857868020304569,-10.880407124681934,-10.857142857142856,-10.714285714285714,-0.6416965604557924,-10.88219895287958,0.32152333385359766,-1.325935059597205,0.6473469387755102,-0.04188722669735323,0.07389162561576357,0.044182621502209196,-0.07443082311733795,0.03693181818181812,1.070305272895467,0.019037546271813754,-0.04879275653923554,0.025012025012025152,0.0,-0.0177397741050348
