Quarter end,Assets,Current Assets,Liabilities,Current Liabilities,Shareholders equity,Revenue,Earnings,Earnings available for common stockholders,EPS basic,EPS diluted,Cash from operating activities,Cash from investing activities,Cash from financing activities,Cash change during period,Cash at end of period,Price,ROE,ROA,Book value of equity per share,P/B ratio,P/E ratio,Cumulative dividends per share,Equity to assets ratio,Net margin,Asset turnover,Current ratio
1993-12-31,0.006851192107426796,-0.00867597133157294,-0.008045843945357678,-0.0002472799208704801,0.03798233942179752,-0.044555726759116565,-0.26186830015313933,-0.26186830015313933,-0.28260869565217395,-0.24705882352941178,0.32899999999999996,0.06211180124223592,0.811623246492986,-5.25,0.004975124378109541,0.05219364599092291,-0.009210930303960696,0.028183716075156573,0.04761904761904767,-0.0531561461794019,0.10569105691056913,0.9354838709677418,0.04412955465587043,0.012642225031605614,0.016528925619834656,-0.008466173442147729
1994-03-31,0.006851192107426796,-0.00867597133157294,-0.008045843945357678,-0.0002472799208704801,0.03798233942179752,-0.044555726759116565,-0.26186830015313933,-0.26186830015313933,-0.28260869565217395,-0.24705882352941178,0.32899999999999996,0.06211180124223592,0.811623246492986,-5.25,0.004975124378109541,0.05219364599092291,-0.009210930303960696,0.028183716075156573,0.04761904761904767,-0.0531561461794019,0.10569105691056913,0.9354838709677418,0.04412955465587043,0.012642225031605614,0.016528925619834656,-0.008466173442147729
1994-06-30,-0.007115638852165818,-0.04984779299847797,-0.02532531948415706,-0.005688844917140723,0.02925067008507165,0.0,0.0,0.0,0.0,0.0,0.32899999999999996,0.06211180124223592,0.811623246492986,-5.25,-0.02103960396039606,-0.00790797987059666,-0.009210930303960696,0.028183716075156573,0.04132231404958686,-0.0531561461794019,0.10569105691056913,0.0,0.04614191547111268,0.012642225031605614,0.016528925619834656,-0.04438461538461547
1994-09-30,0.06254160955551202,0.0827993592310774,0.05771418308088361,0.09166666666666656,0.07167119565217384,0.096761188012364,0.6431535269709543,0.6431535269709543,0.696969696969697,0.640625,-0.5553047404063205,0.2962962962962963,-1.1117256637168142,-2.0980392156862746,0.02359882005899716,0.032608695652173836,-0.009210930303960696,0.028183716075156573,0.09126984126984117,-0.00877192982456132,0.10569105691056913,0.6000000000000001,0.02891030392883631,0.012642225031605614,0.016528925619834656,-0.008130081300813052
1994-12-31,0.007555653840483512,0.008414239482200658,-0.007641365257259336,0.0031901560897800163,0.0359218172213418,0.037495404974880575,-0.05303030303030298,-0.05303030303030298,-0.0535714285714286,-0.05714285714285716,0.1489001692047378,-0.16842105263157892,-4.336633663366337,-5.375,-0.10086455331412103,0.07789473684210524,-0.009210930303960696,0.028183716075156573,0.043636363636363695,-0.010619469026548756,0.10569105691056913,0.3750000000000002,0.03818443804034577,0.012642225031605614,0.016528925619834656,0.005193962019152787
1995-03-31,0.01690017192815607,0.017329910141206772,-0.0029660050193931475,-0.03566155593412834,0.05242223355430897,-0.01830636589110668,-0.15866666666666662,-0.15866666666666662,-0.16981132075471705,-0.18181818181818177,0.840942562592047,-0.5081374321880652,1.771513353115727,-1.3020408163265307,0.033882783882783984,0.06640625,-0.009210930303960696,0.028183716075156573,0.0662020905923344,0.02146690518783534,0.10569105691056913,0.2727272727272727,0.04857737682165175,0.012642225031605614,0.016528925619834656,0.05498143064750538
1995-06-30,0.011727040541026579,-0.022803064443443044,0.0032036613272310444,0.018490166058179325,0.026165326097490116,0.021896053897978884,-0.25198098256735346,-0.25198098256735346,-0.26136363636363635,-0.24691358024691368,-0.16159999999999997,2.2095588235294117,-0.5396145610278373,-4.108108108108108,-0.10186005314437552,0.06959706959706957,-0.009210930303960696,0.028183716075156573,0.03267973856209161,0.003502626970227851,0.10569105691056913,0.2142857142857144,0.02084712111184639,0.012642225031605614,0.016528925619834656,-0.04056018979107667
1995-09-30,0.008604444444444415,0.050175244419848664,-0.011005930656934337,0.005203515263644709,0.04108036641798085,0.06275017659524362,0.8983050847457628,0.8983050847457628,0.9538461538461538,0.9344262295081966,-0.6784351145038168,-0.2096219931271478,-0.8232558139534883,0.9086956521739131,-0.2164694280078896,0.03253424657534243,-0.009210930303960696,0.028183716075156573,0.05063291139240489,-0.0017452006980803736,0.10569105691056913,0.17647058823529416,0.0418152350081038,0.012642225031605614,0.016528925619834656,0.04474754726011021
1995-12-31,-0.0053583389149364224,0.005006147900930902,-0.029521997347633055,-0.047739560565972616,0.03265602322206096,0.006979062811565351,-0.0669642857142857,-0.0669642857142857,-0.07086614173228356,-0.05932203389830493,1.3382789317507418,-0.26086956521739135,1.3026315789473686,-1.1799544419134396,0.04971680302076775,0.1470425649530127,-0.01487449643631844,0.023350253807106647,0.03915662650602414,0.09265734265734271,0.10569105691056913,0.16666666666666674,0.04573739887990036,0.01373283395755287,0.008130081300812941,0.05535196213162319
1996-03-31,-0.004182172603225287,-0.020973520929826073,-0.027508763590992857,-0.07598453732785693,0.03030569219957835,-0.0553355335533553,-0.09090909090909094,-0.09090909090909094,-0.09322033898305071,-0.09009009009009017,0.6890862944162437,-0.23725490196078436,2.257142857142857,3.481012658227848,0.21223021582733814,0.035180722891566374,0.004718464926077415,0.04265873015873023,0.04057971014492745,-0.0031999999999999806,0.0017301038062282892,0.14285714285714302,0.0416542695626303,0.036945812807881895,0.008064516129032251,0.05953845040873884
1996-06-30,-0.013061892728761126,-0.035347674729983014,-0.021994134897360684,0.023009543731206783,-0.0005968113223633331,-0.0008151857458950085,-0.2710526315789473,-0.2710526315789473,-0.28037383177570097,-0.28712871287128716,0.27873779113448527,1.2544987146529563,0.33684210526315783,-0.8531073446327684,0.02571711177052416,0.008379888268156499,-0.003443957420162791,0.03139866793529977,0.0,-0.0321027287319422,-0.04317789291882557,0.125,0.013139103113396056,0.02494061757719712,0.008000000000000007,-0.05701215348900723
1996-09-30,0.015650919581680522,0.04191727583973348,0.008995502248875464,0.0182747603833866,0.024739805493942946,0.03764568764568765,0.7671480144404332,0.7671480144404332,0.805194805194805,0.8055555555555556,-0.15217391304347827,-0.8107183580387685,-0.014435695538057791,9.01923076923077,0.2512054001928641,0.03785780240073877,0.0009425070688029447,0.02859778597785989,0.03342618384401108,0.03814262023217241,0.009476534296029016,0.1333333333333333,0.014378347899633548,0.031286210892236266,-0.007936507936507908,0.023242343059879822
1996-12-31,-0.0015622780854992468,-0.012344582593250442,-0.021235760277365068,-0.0005020080321285203,0.024891774891774965,0.02684488374705163,-0.035750766087844776,-0.035750766087844776,-0.028776978417266008,-0.03076923076923077,-0.18295218295218296,2.710843373493976,0.27962716378162455,-1.7792706333973127,-0.1564547206165703,0.1258896797153024,0.009730069052102941,0.03587443946188351,0.03504043126684642,0.08945686900958472,0.0929816718819847,0.1078431372549018,0.03168426903835453,0.03258426966292127,0.008000000000000007,-0.011887913954146567
1997-03-31,-0.023293029871977233,-0.022659832748853526,-0.04402555506357142,-0.04269211451531896,0.0033303549671026556,-0.0405819295558959,-0.06673728813559321,-0.06673728813559321,-0.06666666666666676,-0.0634920634920636,0.176420695504665,-0.237012987012987,-0.3184183142559833,-1.5714285714285714,0.10598446779351312,0.1521137890161992,0.02113770593720865,0.043290043290043156,0.0078125,0.11290322580645151,0.1120654396728018,0.09734513274336298,0.028556034482758674,0.032644178454842354,0.007936507936507908,0.02091091377828702
1997-06-30,0.00287638813034774,-0.00763639709264885,0.025474756831866507,0.022822665267576037,-0.024773316062176143,0.020180139094744032,-0.30646992054483546,-0.30646992054483546,-0.6587301587301587,-0.652542372881356,0.35039653929343917,0.7361702127659575,0.7404580152671756,-1.3060344827586206,-0.029326724494010747,0.10219478737997267,0.008219178082191636,0.01825726141078854,-0.025839793281653756,0.09354413702239794,0.060316292754689194,0.08870967741935498,-0.03143006809848081,0.006322444678609207,0.015748031496062964,-0.02974186307519644
1997-09-30,0.07580598315422593,0.011218245874281552,0.13066202090592327,0.25955373172608365,0.005229951851236869,0.04548502458649972,0.779050736497545,0.779050736497545,0.8372093023255816,0.7804878048780488,-0.3742658836091831,1.7058823529411766,-1.6824561403508773,3.098591549295775,-0.12382978723404259,0.10174237710018663,0.02838164251207731,0.018744906275468542,0.013262599469495928,0.13132530120481922,0.07734998265695459,0.0962962962962961,-0.06354786371011367,0.01884816753926688,-0.007751937984496138,-0.19715153267784846
1997-12-31,0.002801025917926525,-0.00495094893187864,0.004223021172173658,-0.03889228263082878,0.0007432488231893242,0.030571886691608707,-0.03771849126034954,-0.03771849126034954,-0.03797468354430378,-0.0273972602739726,-0.4343003412969283,-0.384963768115942,-1.0244215938303343,1.59106529209622,-0.3661971830985915,0.026828579497317318,0.03317674691720485,0.014399999999999968,0.002617801047120505,0.013844515441959526,-0.008048937540244716,0.08783783783783794,-0.0014438348252959754,0.014388489208633004,0.0,0.03529941467807296
1998-03-31,0.03301362948006048,-0.003224914770109666,0.04051827015968623,-0.0330508474576271,0.022115860703086243,-0.07882999688828962,-0.08126195028680694,-0.08126195028680694,-0.0921052631578948,-0.08450704225352101,1.2096530920060333,-0.49263622974963184,31.421052631578945,-1.2108753315649867,0.12183908045977021,0.1358635863586357,0.020176186416595687,-0.006309148264984188,0.02872062663185382,0.13235294117647056,0.09866926322622538,0.07453416149068315,-0.005494505494505586,0.019250253292806496,-0.0234375,0.030790641036792188
1998-06-30,0.008795934323690302,-0.022277685339249453,0.02293828509011475,0.013365468886941345,-0.012110447279186198,0.04458957324625601,-0.2861602497398543,-0.2861602497398543,-0.2753623188405796,-0.27692307692307694,0.08191126279863492,0.3860667634252539,-0.15097402597402598,-0.46540880503144655,0.05806010928961758,0.04527845036319622,0.014763231197771676,-0.00873015873015881,-0.012690355329949221,0.016697588126159735,0.020384047267355987,0.07514450867052025,-0.022099447513812098,0.010934393638170947,-0.016000000000000014,-0.0351025229938402
1998-09-30,0.0614544984822063,0.1644133497210929,0.11025093432995203,0.1319999999999999,-0.013239620791108186,0.025115877977794465,0.7011661807580174,0.7011661807580174,0.72,0.7021276595744683,-0.2485804416403785,-0.756020942408377,-1.0860420650095601,10.658823529411764,0.6397675919948353,-0.07852675469075743,0.02113642602250887,-0.0048038430744595795,-0.005141388174807249,-0.06660583941605847,-0.10017371163867983,0.07526881720430101,-0.07136485280999094,0.017699115044247815,-0.024390243902439046,0.028596414516834257
1998-12-31,0.008579512610666695,-0.026794413770704795,-0.022553498437124286,-0.012892751408652425,0.062199768096736774,0.04458464773922177,-0.02142245072836335,-0.02142245072836335,-0.023255813953488413,-0.025000000000000022,-0.33333333333333337,0.6952789699570816,-20.044444444444444,-1.4500504540867811,-0.17559055118110234,0.03343388637506273,0.006720430107526987,-0.0032180209171359664,0.07235142118863047,0.038123167155425186,0.005791505791505891,0.07000000000000006,0.06468139609349977,0.01642512077294689,-0.01666666666666672,-0.0141132460465907
1999-03-31,-0.00838587071279906,-0.019272484565326264,-0.018596871002656723,-0.020414086687306487,0.007797270955165692,-0.07076706261324739,-0.08931698774080565,-0.08931698774080565,-0.09523809523809523,-0.07692307692307698,1.0680100755667508,1.562025316455696,-0.4422403733955659,-1.3609865470852018,0.07688634192932198,0.1177329117003163,0.00614152202937257,0.0032284100080710587,0.009638554216867545,0.04237288135593231,0.08893154190658992,0.06542056074766345,0.01834586466165411,0.010456273764258617,-0.008474576271186418,0.001207312866505772
1999-06-30,-0.023119277218385914,-0.033772862611654575,0.005363946260276808,0.06281481481481488,-0.06707930367504833,0.023724406889827687,-0.601923076923077,-0.601923076923077,-0.631578947368421,-0.5972222222222222,0.16747868453105963,-0.4713438735177866,1.7531380753138075,-0.7577639751552795,0.017294900221729526,0.022415669205658295,-0.06449044585987274,-0.07562349155269499,-0.06682577565632464,0.012646793134598155,-0.003525264394829586,0.06140350877192979,-0.05493207324276439,-0.0714957666980246,-0.008547008547008517,-0.09086993970714896
1999-09-30,0.09999065798897644,0.04120443740095081,0.1454500124657192,0.1778645107332033,0.024382152927516998,0.04962962962962969,1.7705314009661834,1.7705314009661834,2.035714285714285,1.7586206896551726,-0.29733959311424096,5.007476635514019,-2.2910334346504557,-5.384615384615385,-0.07454228421970355,0.004044274159216821,-0.012482269503546028,-0.023498694516971397,0.03069053708439906,0.07582515611061558,0.07370283018867929,0.06611570247933884,-0.06375000000000008,-0.016210739614994862,-0.008620689655172376,-0.11605873993368088
1999-12-31,0.01916543992752806,0.020970742431929645,0.014278251784781482,-0.08157790927021691,0.02825453367875652,0.06744631515273714,-0.018308631211856996,-0.018308631211856996,-0.02352941176470591,-0.025000000000000022,-0.882702301410542,-0.7022401991288114,-0.5791642142436728,-0.5380116959064327,-0.03721149317004235,0.10048759804960761,-0.002585463947141653,-0.024955436720142554,0.032258064516129004,0.06799336650082921,0.10049423393739687,0.0620155038759691,0.014686248331108098,-0.02059732234809475,0.0,0.11168274383708465
2000-03-31,-0.02088830865809288,-0.07073049527911213,-0.016266094420600896,-0.09002663001460354,-0.02936776631761273,-0.07602946732149607,-0.3312611012433393,-0.3312611012433393,-0.3373493975903613,-0.33333333333333337,7.905063291139241,-0.6332288401253918,-2.5804195804195804,0.012658227848101333,-0.03913894324853229,-0.17588133307647846,-0.06509216589861755,-0.09323583180987205,-0.02644230769230782,-0.20186335403726718,-0.17589820359281427,0.058394160583941535,-0.012499999999999956,-0.08937960042061,0.0,0.02121095256459693
2000-06-30,-0.029929927090130204,-0.10258467023172901,-0.04423890755202653,-0.049844236760124616,-0.0033257624918884288,-0.012470612286619609,-0.31474103585657376,-0.31474103585657376,-0.4545454545454546,-0.6538461538461539,0.25302061122956654,1.3447293447293447,0.3097345132743363,5.8625,-0.2795315682281059,-0.26344086021505375,0.02310536044362288,0.014112903225806495,-0.0024691358024691024,-0.24319066147859913,-0.20163487738419617,0.05517241379310356,0.027648234510326386,0.024249422632794504,-0.008695652173913104,-0.055513595166163165
2000-09-30,0.02687606012750776,0.11917767404906154,0.02264116492445334,-0.021758569299552888,0.03442662977130295,0.03188075768553977,1.2383720930232558,1.2383720930232558,1.8666666666666667,3.5555555555555554,-0.3868406125921724,-0.2891859052247874,-1.0756756756756758,-2.0673952641165756,0.41413427561837457,-0.03205331640748976,-0.006925624811803699,0.003976143141153132,0.04207920792079212,-0.029562982005141403,0.014410314751611697,0.05882352941176472,0.013938411669367934,0.0,0.0,0.1440423830467814
2000-12-31,0.04875687067467882,0.14260360280415307,0.0627594518591259,0.1231972374568353,0.02407553107789151,0.02136623532952142,0.033766233766233666,0.033766233766233666,0.03488372093023262,0.024390243902439046,0.09528214616096209,-0.611965811965812,2.9464285714285716,1.3993174061433447,0.7026486756621688,0.19573770491803266,0.01091570648878104,0.013861386138613874,0.030878859857482066,0.147019867549669,0.18542056074766355,0.05246913580246915,-0.019501278772378727,0.030439684329199412,-0.01754385964912264,0.017300131061598778
2001-03-31,-0.0267481330617787,-0.09599254426840631,-0.03952286950312911,-0.09232299484582696,-0.0033804548248309585,-0.06590060891769789,-0.2520938023450586,-0.2520938023450586,-0.2584269662921348,-0.25,0.29729729729729737,0.5947136563876652,-5.239819004524887,-1.5163584637268848,-0.21309069562665106,-0.05100082259391281,0.022495500899819998,0.0341796875,0.0023041474654377225,-0.07967667436489612,-0.07505518763796915,0.05278592375366564,0.024453863710466317,0.04595185995623652,-0.008928571428571397,-0.004036760285149765
2001-06-30,-0.04054129464285716,-0.0645189003436426,-0.02147105125065596,-0.019127316198445876,-0.07415972864631515,0.007465040479444962,-1.3583426651735722,-1.3583426651735722,-1.393939393939394,-1.4126984126984128,0.30403645833333326,0.8480662983425415,-0.09605122732123794,-0.48347107438016534,-0.1398731816486386,-0.10257151112395269,-0.21795247873276613,-0.22379603399433423,-0.08505747126436769,-0.10414052697616061,-0.14251619502216162,0.0473537604456824,-0.045830681094844006,-0.2207112970711298,-0.009009009009009028,-0.04630907209382529
2001-09-30,0.03559484688981307,0.09909082560382032,0.03561692809581274,0.06500101564086935,0.03555370524562873,0.01920267167605938,-4.45,-4.45,-4.192307692307692,-4.038461538461538,-0.3364952571143285,-0.4588938714499252,-0.7703659976387249,-2.5653333333333332,0.25455333911535116,0.13522215067611065,-0.012378094523631034,-0.02068126520681257,0.04271356783919611,0.2408963585434174,0.3813121272365807,0.05053191489361719,0.007004669779853145,-0.01342281879194629,-0.00909090909090915,0.03201012749796539
2001-12-31,0.16177585577490095,0.09884692513368987,0.2208941054630189,0.5134465000953652,0.05162016563479943,0.06522629531026003,0.17663043478260865,0.17663043478260865,0.1807228915662651,0.17721518987341778,0.39051918735891644,13.143646408839778,-10.210796915167094,-0.48892674616695064,0.10369858278603528,0.07373794668179245,0.03380174705658945,0.004968944099378758,0.06024096385542177,0.02934537246049662,0.08981001727115712,0.04810126582278462,-0.08678370321298445,0.0312925170068028,-0.01834862385321101,-0.2738981862788049
2002-03-31,-0.013632408392149298,-0.04311459204623225,-0.030891033117732336,-0.046628859483301865,0.02370211789892185,-0.048351437085456084,-0.20015396458814472,-0.20015396458814472,-0.20408163265306123,-0.20430107526881724,0.21969696969696972,-0.7794921875,-1.3491487580240022,-1.44,-0.04134043219542749,0.1035393555203381,0.03783982365907401,0.014833127317676276,0.027272727272727115,0.04166666666666674,0.05599577390385635,0.04589371980676349,0.04316285817918031,0.03825857519788922,-0.028037383177570097,0.003620127911186266
2002-06-30,-0.0007841599686335687,-0.03321678321678323,-0.012728400014588415,-0.1603436880370126,0.023676152065128075,0.02717171717171718,-0.12415784408084696,-0.12415784408084696,-0.14102564102564097,-0.41891891891891897,0.02528837622005331,-0.8015943312666076,0.39568345323741005,-3.772727272727273,0.11956876837634756,0.08760172331258964,0.34053097345132755,0.33739342265529815,0.026548672566371723,0.05789473684210544,0.03326663331665847,0.1131639722863742,0.029554937413073468,0.3748411689961879,-0.019230769230769273,0.15149693399062159
2002-09-30,0.02633902295467916,0.1148282097649187,0.0199852234946436,0.02888853904282107,0.03888807821392093,0.06165798013570667,0.6087912087912088,0.6087912087912088,0.6417910447761195,1.418604651162791,-0.13024664647338813,-0.1294642857142857,-0.699885452462772,2.4863387978142075,0.37233732127224983,-0.07812499999999989,0.04040137311856351,0.041894353369763326,0.0474137931034484,-0.101492537313433,-0.29823287339627214,0.043568464730290524,0.018912529550827673,0.05545286506469482,-0.019607843137254943,0.08342904876266055
2002-12-31,0.014145758661887609,0.04630244046302434,-0.00018108724783605368,-0.028153928544105256,0.04192710162230484,0.0193590218599482,0.020491803278688492,0.020491803278688492,0.027272727272727115,0.019230769230769162,0.15223880597014916,0.6000000000000001,2.0973282442748094,-0.6841692789968652,0.08568998511588344,0.04058247791835767,0.003045685279187804,0.03409090909090917,0.05349794238683114,-0.006644518272425071,-0.042428423594342735,0.03976143141153088,0.033476963871395427,0.02626970227670755,0.010000000000000009,0.0766191210485736
2003-03-31,0.005678337495876651,0.01930801212035793,-0.016228356154459167,-0.02936314256474848,0.04644108924238344,-0.031712857791912796,-0.1479250334672021,-0.1479250334672021,-0.1504424778761061,-0.14150943396226412,0.041882556131260795,0.5448717948717949,-0.06592729513247075,0.00992555831265518,0.07971014492753614,-0.027529249827942248,0.00328947368421062,0.036348267117497945,0.05078125,-0.0769230769230771,-0.06592219020172918,0.040152963671128195,0.04714560615779351,0.029010238907849928,0.00990099009900991,0.05021931787664502
2003-06-30,0.023967387484478575,0.05219495333563784,0.01332940569997798,0.002270884022708808,0.042576489533011186,0.024774774774774855,-0.24980361351139047,-0.24980361351139047,-0.26041666666666663,-0.5164835164835164,-0.18731869042685456,0.07468879668049788,-0.0554089709762533,-0.019656019656019708,0.07237438781062933,0.0622788393489031,-0.038335435056746636,-0.00897226753670477,0.04646840148698894,0.010869565217391353,0.009641342074816706,0.03676470588235281,0.023583460949464063,-0.008291873963515717,0.0,0.0497783839072623
2003-09-30,0.15535624399395953,0.02976346911957961,0.20367005813953498,0.36041430652209105,0.07321141727418756,0.11675824175824179,0.8439790575916231,0.8439790575916231,0.8732394366197185,1.8636363636363638,-0.18103008669046405,9.231660231660232,-2.3680167597765363,-5.669172932330827,-0.31512178619756426,-0.0008882966910948031,-0.0010490427484919351,0.006584362139917754,0.08170515097690934,-0.04540023894862588,-0.0038197097020626902,0.04078014184397172,-0.0634350688210652,0.024247491638796026,-0.019607843137254943,-0.24301721338096782
2003-12-31,0.06665874524714832,0.09519555924200862,0.06535849056603782,0.047287651677373255,0.0691382188705314,0.08413284132841325,0.03236797274275971,0.03236797274275971,0.037593984962405846,0.031746031746031855,0.466376089663761,-0.8466037735849057,-1.4155181214905563,-1.4798711755233493,0.22079525808841693,0.07112691709268715,-0.006300866369125746,-0.00408830744071953,0.08045977011494254,-0.010012515644555742,0.006901840490797673,0.03918228279386704,0.009584664536741228,0.008979591836734802,-0.010000000000000009,0.0456934463155636
2004-03-31,0.00011139578923913263,0.0022720652490533233,0.00810427883253051,-0.033168626114613464,-0.015076459185871194,-0.014522350805536655,-0.15951595159515952,-0.15951595159515952,-0.1594202898550725,-0.16153846153846152,0.2645435244161358,-0.31857318573185733,1.423832923832924,-0.5279642058165548,0.08537325510823379,0.06349865117244247,-0.001849405548216554,-0.013957307060755375,-0.00911854103343468,-0.015170670037926715,-0.0019040365575019313,0.03770491803278686,-0.015506329113924133,-0.006472491909385036,-0.010101010101010055,0.03661914042465897
2004-06-30,0.05903319224771675,-0.005173215531271813,0.11788846413312348,0.30100452329201666,-0.05543406953859609,-0.005142374702586494,-0.10078534031413611,-0.10078534031413611,-0.5517241379310345,-0.6880733944954128,-0.18636668905305576,3.9169675090252705,-1.2331474911302585,-0.7535545023696683,0.019384902143522842,0.05346341463414639,0.05029115934356798,0.0024979184013322886,-0.04907975460122693,0.06290115532734264,0.007249141549027005,0.03791469194312791,-0.1125040180006428,0.02687296416938101,-0.020408163265306145,-0.2353057589550761
2004-09-30,0.03777520684335989,0.09354367513876727,0.02700528036208194,-0.011062446380999735,0.06256511170274348,0.06033019595741407,0.45633187772925754,0.45633187772925754,0.48076923076923084,1.1470588235294117,-0.20841931489888565,-0.8483847283406755,-2.676086956521739,6.625,0.14499908575607967,0.0044452676421558035,0.02091733870967749,-0.0033222591362126463,0.07096774193548372,0.05676328502415462,-0.051136363636363535,0.03805175038051756,0.03042375950742482,0.0063441712926251,-0.01041666666666663,0.10571946169772262
2004-12-31,0.06467577656537671,0.12182090190211592,0.0564097541866615,0.09136151949593652,0.08306552644479548,0.05151338766006974,0.018990504747626202,0.018990504747626202,0.025974025974025983,0.013698630136986356,0.07455683003128266,0.3438256658595642,-0.3904020752269779,0.7831021437578816,0.22580645161290325,-0.004794394246726896,0.012095778820044423,-0.007499999999999951,0.09789156626506035,-0.07085714285714273,-0.04870259481037931,0.03665689149560114,0.024956063268892992,0.009456264775413503,-0.021052631578947323,0.02796957284961965
2005-03-31,0.0006980581292042043,0.028338731186892785,0.02776490219708916,0.05936493327197412,-0.05803661235163948,-0.01141710489897596,-0.15644923982344283,-0.15644923982344283,-0.15189873417721522,-0.14864864864864868,0.28335759340126154,0.14234234234234244,1.5191489361702128,-0.5523338048090523,-0.07868681605002603,0.0024087455994070694,0.020243902439024408,-0.011754827875734675,-0.052126200274348444,-0.08733087330873324,-0.03608896349139734,0.03536067892503536,-0.06275720164609067,0.004683840749414747,-0.010752688172043001,-0.029257741347905264
2005-06-30,-0.024557676453801802,-0.058450280209346506,-0.006674784647995313,-0.011176052444514695,-0.0668980245595302,-0.0020298173164414735,-0.12965116279069766,-0.12965116279069766,-0.11940298507462699,-0.4126984126984127,-0.20680529300567108,0.15772870662460559,0.4721283783783783,-2.0789889415481833,-0.09657805429864252,0.008872458410351225,0.013626583791537028,-0.000849617672047609,-0.05933429811866864,0.06469002695417791,-0.02612102742707867,0.0382513661202184,-0.04866447127698492,-0.0062160062160061536,0.0,-0.047848012196552214
2005-09-30,0.00615989728086852,0.011559840621771844,0.07543700340522141,-0.15915172331163385,-0.1684499628082623,0.0375227942207883,0.3553774215096861,0.3553774215096861,0.38983050847457634,1.0810810810810811,0.034795042897998174,1.138964577656676,-0.6465863453815262,-0.8843338213762811,-0.012365002347785259,0.02033711982411135,0.0627358490566039,-0.006802721088435382,-0.15538461538461534,0.08481012658227849,0.008046490835941,0.03684210526315801,-0.18884615384615389,-0.014073494917904772,0.010869565217391353,0.2029806626431827
2005-12-31,1.205311278389817,0.28501264345458077,0.4799147193549067,-0.026075805072670266,3.569875455859079,0.23957277090515783,0.2548053228191227,0.2548053228191227,-0.07317073170731703,-0.06493506493506496,0.18608935974205432,-1.743949044585987,2.6607142857142856,-20.063291139240505,0.23866877971473843,0.026396121386245364,-0.3781624500665779,-0.17380136986301364,2.5974499089253187,0.2147024504084014,0.009756097560975618,0.035532994923857864,1.255571360834519,0.0015860428231562196,-0.18279569892473124,0.31944302242244293
2006-03-31,-0.0021974480303540433,0.007190160832544867,0.015547441090888237,-0.022531089978054086,-0.02092932213087606,-0.05927905328025307,-0.13157894736842102,-0.13157894736842102,-0.11842105263157887,-0.125,0.33553398058252437,-1.1755136986301369,0.1046563192904657,-0.42961487383798136,0.1099027635619243,0.04531140657802668,-0.24946466809421852,-0.13367875647668404,-0.019240506329113893,-0.7089337175792507,0.05401844532279321,0.034313725490195957,-0.019129703594702563,0.014251781472684133,-0.14473684210526316,0.03041825095057038
2006-06-30,-0.0038686849407584267,-0.08589141461581817,0.022318042641647162,-0.002893778376490519,-0.03254183070866146,0.03431884057971013,-0.14156490275893263,-0.14156490275893263,-0.16417910447761186,-0.5555555555555556,-0.07240476882814773,-0.4,1.0939381774387797,-3.3073341094295694,-0.22847262247838618,-0.06711297071129707,-0.18640038040893958,-0.11602870813397126,-0.0005162622612288059,-0.04950495049504944,-0.06708333333333327,0.03672985781990534,-0.02936133733390478,-0.006245120999219367,-0.10769230769230775,-0.08321409744709696
2006-09-30,0.009978260068536082,0.04837847835915987,0.006168683968291067,0.030272704528396366,0.014386087620016585,0.05285281919067364,0.42149631190727077,0.42149631190727077,0.4999999999999998,1.8214285714285712,-0.07429467084639496,2.6422764227642275,-0.5187883435582822,-1.0126135216952574,0.0037352457791721694,0.05938284894151402,-0.1332554061952076,-0.07171853856562926,0.016528925619834656,0.05902777777777768,0.09870477891916041,0.03542857142857159,0.004857584455729702,0.017282010997643482,-0.08620689655172398,0.017578445868243753
2006-12-31,0.0018314617399615152,-0.032031678820669596,-0.017750832923698723,0.5198640116561437,0.02430539231817974,0.05003992547245151,0.06078576723498896,0.06078576723498896,0.059523809523809534,0.06329113924050622,-0.17033525228581103,-0.609375,0.6438247011952192,-70.24,-0.2576659720154808,0.06892464013547839,0.03776129467296041,0.032069970845481244,0.029471544715447218,0.05245901639344264,0.060162601626016166,0.034216335540838694,0.02307185234014497,0.014671814671814554,0.018867924528301883,-0.3631740393929609
2007-03-31,-0.01168973051711586,-0.07999513953582571,-0.037630671708185015,-0.01191921774142013,0.016859433327213846,-0.05226869455006333,-0.12229210342417884,-0.12229210342417884,-0.1235955056179775,-0.11904761904761907,0.8163265306122449,2.1885714285714286,0.18565196316044585,-0.4263431542461005,-0.1991177060356928,0.0038022813688212143,0.024691358024691246,0.03248587570621453,0.019743336623889274,-0.024922118380062308,-0.043711656441717706,0.033084311632870955,0.029639175257731853,0.011415525114155223,0.0185185185185186,-0.06883001647864118
2007-06-30,0.01708979697114854,0.05798186140706174,0.029250747519103282,-0.0065974580382264225,0.004423314175668658,0.030919011447523292,-0.09713375796178347,-0.09713375796178347,-0.08974358974358987,-0.3513513513513513,-0.1950561797752809,1.3333333333333335,-0.8058053965658217,-2.3695871097683785,0.34051076614922393,-0.009627525252525193,0.021559923906150802,0.03283173734610112,0.013552758954501476,-0.02875399361022357,-0.05052125100240579,0.03615702479338845,-0.012307050479766435,0.017306245297215916,0.0181818181818183,0.06493329703239858
2007-09-30,0.026729172402799817,0.04789646706337658,0.04055912650517857,0.00511117622163626,0.011968244457759125,0.04810087173100874,0.35758377425044086,0.35758377425044086,0.3661971830985915,0.9166666666666667,-0.09826912339475158,-0.6781874039938556,2.8357894736842106,-1.5352941176470587,-0.13597310422114306,0.048764940239043764,0.021725636250775837,0.027814569536423805,0.01766953199617949,0.03289473684210531,-0.02491554054054057,0.034895314057826754,-0.013938753959873318,0.01775147928994092,0.0,0.04256679023392551
2007-12-31,0.019039822727818123,0.0706059884044159,0.027163357790245923,0.01959577638142118,0.01012448378454378,0.06812218426654781,0.06203312763884372,0.06203312763884372,0.07216494845360821,0.06521739130434767,0.2820433436532508,0.18377088305489253,-0.16218441273326012,-1.9931318681318682,0.1562905317769132,0.08706883452362879,0.026731470230862753,0.02448453608247414,0.019239793524167048,0.07006369426751591,0.039844088349935136,0.033718689788053924,-0.008352966373955883,0.014534883720930258,0.01785714285714257,0.05002452182442374
2008-03-31,0.0069528604372546265,-0.04517804154302674,-0.0044906641455920715,-0.006861717335366446,0.01972363465849969,-0.05154113557358053,-0.17125382262996947,-0.17125382262996947,-0.16346153846153855,-0.16326530612244905,0.049746438058440035,-0.33467741935483875,0.8879790370127743,-3.2295988934993085,-0.30136474107309774,-0.04556891249650552,0.00591715976331364,0.0012578616352201255,0.028545119705340793,-0.06547619047619035,-0.08871303623490223,0.032618825722273925,0.013390928725702134,-0.004297994269340855,0.0,-0.03853339560952829
2008-06-30,-0.00971768508648263,-0.04766529407194464,-0.0173841933101192,-0.009755941528324263,-0.001365158286510848,0.03924155793383188,0.11291512915129154,0.11291512915129154,0.12643678160919536,-0.14634146341463417,-0.057740970784449064,2.9515151515151516,-0.4467383761276891,-0.7369727047146402,-0.1134599946481134,-0.03602811950790874,0.05470588235294094,0.05402010050251249,0.004923903312443967,-0.060509554140127375,-0.05987202925045698,0.036101083032491044,0.008312020460358172,0.04028776978417259,0.01754385964912286,-0.038256011658974964
2008-09-30,-0.023008222679037682,0.022598409137262854,0.021732127036967475,0.23525421538859104,-0.07097015569689469,0.03573779742311678,0.11007957559681691,0.11007957559681691,0.12244897959183687,0.47142857142857153,-0.206298828125,-0.6840490797546013,-0.5170899968642207,-3.8042452830188678,0.35888922426803505,0.01504102096627169,0.03346346904629116,0.023837902264600697,-0.05701559020044533,0.010169491525423568,-0.05007292173067579,0.03484320557491283,-0.050306489114352204,0.0006915629322268302,0.01724137931034475,-0.17211769162773083
2008-12-31,-0.017173849686164977,0.016195300969324755,-0.003494620124282366,-0.028764938155382946,-0.033301322759518026,-0.07527467538363752,0.4946236559139785,0.4946236559139785,0.5272727272727271,0.5339805825242718,-0.265149184866195,-0.36165048543689315,-0.4675324675324676,-0.031959629941127,0.25566414926699244,-0.05912288579553959,0.16621694549379384,0.15366705471478448,-0.015588096362777581,-0.003355704697986517,-0.0885363357215968,0.03367003367003352,-0.01691520142443803,0.15687629578438145,0.0,0.04621720561317866
2009-03-31,-0.042440855471094996,-0.1360942100098136,-0.05578041159641933,-0.11609811259793756,-0.02622893033391016,-0.09578750981932438,-0.47781774580335734,-0.47781774580335734,-0.47619047619047616,-0.4683544303797469,0.7928003348681456,1.2281368821292777,4.9,-2.059079061685491,-0.2156377144878825,-0.14969774101177213,0.027764923646460105,0.016145307769929396,-0.021113243761996192,-0.13804713804713808,-0.27344188658057267,0.032573289902280145,0.01652705456191983,0.01732377538829155,0.0,-0.022598046362443447
2009-06-30,0.018414592696098797,-0.004680116321337691,0.0015917341524713802,-0.05872856316062014,0.038239407651172286,-0.010805234294401944,-0.05434366628396481,-0.05434366628396481,-0.05681818181818188,-0.33333333333333326,0.16647209899603088,0.863481228668942,-0.25258371227780074,-1.2846595570139459,0.07825890843482175,-0.05463049579045842,-0.014407924358396995,-0.022840119165839057,0.0372549019607844,-0.03125,-0.0587326120556414,0.034700315457413256,0.02048997772828498,-0.0017615971814445297,-0.016949152542372947,0.05742840095465396
2009-09-30,0.02631403291479084,0.11924218215019411,-0.005297348537652957,-0.07206886508527233,0.05729092378643075,0.08722142935558241,0.3383245649534601,0.3383245649534601,0.33734939759036164,0.8928571428571428,-0.08827061649319456,-0.6538461538461539,-0.22483407079646023,3.360230547550432,0.3164609914243881,0.08034830793587977,-0.011877569666514431,0.00101626016260159,0.05812854442344051,0.040322580645161255,0.11740558292282421,0.0335365853658538,0.03164556962025311,0.025882352941176467,-0.0344827586206895,0.20609394837071515
2009-12-31,-0.02231520223152017,-0.11241179589672468,-0.07018527342545622,-0.1743042477505754,0.02882453458044787,0.061594385823193765,0.4088297550650135,0.4088297550650135,0.4234234234234233,0.4056603773584906,-0.2768386388583973,-6.354497354497354,1.6903317873706745,-2.4302709847984136,-0.3438195106450588,0.09452280637479382,-0.04993065187239942,-0.020304568527918843,0.0352836087539079,0.0348837209302324,0.08670095518001464,0.032448377581120846,0.05288766659614974,-0.033830275229357776,0.01785714285714257,0.07497076023391824
2010-03-31,-0.017051879993791208,-0.012453471807361782,-0.0020046423296053995,-0.01706369319141743,-0.03215466876466044,-0.08793456032719837,-0.4451599055591329,-0.4451599055591329,-0.44303797468354433,-0.4429530201342282,0.49058894960534305,-1.3339920948616601,-0.5764487468505504,-1.3553604436229205,0.18619854721549634,0.03430962343096233,-0.023844282238442815,-0.0031088082901555847,-0.02415875754961172,0.0,0.05814739688979054,0.03142857142857136,-0.01567209162145866,-0.011869436201780381,0.01754385964912286,0.004678489827004695
2010-06-30,-0.036199299174349164,-0.1260120986505351,0.007853442677419942,0.043399793743554405,-0.08000903206382659,-0.013140056314527082,-0.15473887814313347,-0.15473887814313347,-0.1477272727272727,-0.1325301204819277,-0.32525458248472505,1.3180473372781063,0.16374452097683156,-3.626788036410923,-0.41232904674423354,-0.1635922330097087,-0.01445663010967102,-0.009355509355509328,-0.06808134394341303,-0.14232209737827717,-0.16166134185303527,0.033240997229917024,-0.04694835680751175,-0.031231231231231282,0.01724137931034475,-0.1623348494693524
2010-09-30,0.04306712854601624,0.09125758705143228,0.056313967602235726,0.13829173873651257,0.02847091548719627,0.06319349043643663,0.41006864988558345,0.41006864988558345,0.42666666666666675,0.41666666666666674,-0.2598853003320254,-0.4077855775366943,-0.4885660478880818,-0.8633663366336634,-0.09586662035428972,0.18282066163668031,-0.003034901365705611,-0.009443861490031513,0.0436432637571158,0.26637554585152823,0.13643292682926833,0.03217158176943702,-0.013279074748340114,-0.021698698078115308,0.016949152542372836,-0.041370394311570635
2010-12-31,0.004345809771714171,0.06508587041373937,-0.013207359804797814,-0.014435600578871166,0.02400763662397587,0.06087864029420542,0.08179162609542345,0.08179162609542345,0.09345794392523343,0.08823529411764719,0.17332789559543227,-0.3394396551724138,-0.14413466596528146,-3.3405797101449277,0.24817518248175174,0.022734707229309814,-0.09081684424150183,-0.10487288135593209,0.024090909090909163,-0.020689655172413834,0.032863849765258246,0.03116883116883118,0.020186672454959753,-0.10899873257287707,0.0,0.08078219824679689
2011-03-31,0.016868618411743252,-0.0007329363261566746,-0.006526739505462897,-0.03913219044822147,0.042026598719781205,-0.052325853749941476,-0.13801380138013797,-0.13801380138013797,-0.1367521367521367,-0.1351351351351352,0.4098018769551617,0.3507340946166395,1.187461585740627,-1.4690402476780187,-0.09325946445060018,0.012793858947705017,0.02287946428571419,0.01893491124260338,0.046604527296937315,-0.010563380281690127,0.1175324675324676,0.030226700251889005,0.02574468085106374,0.012091038406828014,0.016666666666666607,0.03993012228599957
2011-06-30,0.0133003266489915,0.007151370679380209,0.018044742858796647,0.04271251193887293,0.008513620301480618,0.03114186851211076,-0.12634876435781417,-0.12634876435781417,-0.12871287128712872,-0.125,-0.05177514792899407,0.3442028985507246,-0.1750491711154819,-0.41254125412541254,-0.060420909708078785,0.01989578398863112,0.0021822149481725006,0.009291521486643584,0.025021204410517583,-0.02491103202846967,-0.015107495642068702,0.032396088019559954,-0.00435594275046669,0.0042164441321150825,0.0,-0.034077273818094556
2011-09-30,-0.012554750856498598,0.05257168866636319,0.008954842011001718,0.02473161616531705,-0.03542282672974573,0.05067114093959724,0.204780876494024,0.204780876494024,0.2272727272727273,0.22619047619047628,-0.4365574622984919,-0.22821203953279423,-0.8572888283378747,-5.573033707865169,0.29407514450867045,-0.05016256386437534,-0.014153511159499144,-0.010356731875719394,-0.03723624327678954,-0.07299270072992703,-0.07905604719764014,0.031379514505624595,-0.023749999999999938,-0.025892232330301024,0.016393442622950838,0.027080745341614865
2011-12-31,-0.016879304918128835,0.022745945945946033,-0.022146147669160232,0.0652173913043479,-0.01451474465084912,0.009946616781493889,-0.44113756613756616,-0.44113756613756616,-0.4537037037037037,-0.44660194174757284,0.5357637286571297,-0.289871944121071,3.479713603818616,0.02211302211302213,0.23227247347850355,0.043031784841075726,-0.14025400331308668,-0.13953488372093026,-0.015900300816501955,0.08267716535433078,0.04035874439461873,0.02985074626865658,0.0023474178403755097,-0.1479885057471264,0.0,-0.03979196903725202
2012-03-31,0.002188949527588857,-0.022958860090482425,-0.010300960942790094,-0.09693877551020413,0.015055134765230127,-0.08768918003162407,0.4266272189349112,0.4266272189349112,0.44067796610169485,0.4385964912280702,0.14663461538461542,0.34098360655737703,0.8433670751198721,-1.5084134615384617,-0.09583144540099686,0.019690576652601877,-0.03917790622992934,-0.0418918918918918,0.020960698689956425,0.036363636363636376,0.18165024630541882,0.029542920847268617,0.013199914839258975,-0.04553119730185495,0.016129032258064502,0.08187429147247749
2012-06-30,-0.017540210244790355,-0.05184351739657267,-0.007089204611622213,-0.07422688076122508,-0.02797824254960546,-0.03763494107160548,0.5060141020323516,0.5060141020323516,0.5294117647058825,0.5121951219512195,0.04114255765199171,-2.4596577017114916,0.3450867052023121,-2.0520094562647753,0.11150087697318978,-0.026819923371647514,0.13502673796791442,0.1283497884344147,-0.03336184773310513,-0.04561403508771922,0.015112037519541488,0.030319436924743037,-0.010926665265812097,0.13515901060070679,-0.015873015873015928,0.02421702177203411
2012-09-30,0.027555125374308043,0.10104974897307173,0.040038704569778094,-0.0003613442004255507,0.013556329702548942,0.06715035504785427,-0.22500688515560452,-0.22500688515560452,-0.23076923076923084,-0.22580645161290325,-0.30279385854517993,-1.61892797319933,-0.7354963472281908,0.946067415730337,0.19522091974752032,0.029606299212598275,-0.01590106007067138,-0.018750000000000044,0.021681415929203363,0.0625,-0.08316221765913767,0.02942722017866517,-0.012959422137242438,-0.005447470817120714,-0.016129032258064502,0.1013982039331589
2012-12-31,0.029546391145649276,0.06122533576521305,0.02311812799548907,0.05349827295365084,0.037045677226706486,0.06924152562804387,0.44171997157071785,0.44171997157071785,0.45999999999999996,0.4479166666666665,0.3895306859205776,1.189445196211096,-0.32168968318440294,0.548498845265589,0.25292342512259536,0.04634444784337721,0.21244763614602036,0.2127388535031849,0.03897791251624083,0.02422145328719716,0.06718924972004481,0.028586013272077437,0.00817907877744295,0.2237871674491394,0.0,0.007327897615853063
2013-03-31,-0.005518108975504421,-0.05089644935744697,-0.019316616147699084,0.04506290507053001,0.008803107331923687,-0.07111612175873727,-0.36751294059649986,-0.36751294059649986,-0.36986301369863006,-0.3669064748201438,0.0033775006495193605,0.43263288009888745,1.7904191616766467,-1.5719612229679343,-0.1154598825831703,0.06826487355649768,0.003948667324777944,0.0031512605042016695,0.005835764902042628,0.03040540540540526,-0.13064008394543536,0.027791563275434417,0.014730999146029156,0.007033248081841359,0.0,-0.09180327868852456
2013-06-30,0.0009487461457187152,-0.012675940406617792,-0.008766753772233016,0.09576098059244131,0.011833263959089013,0.0027672589571803297,-0.26929072486360095,-0.26929072486360095,-0.2717391304347826,-0.28409090909090906,0.13723459347488354,-0.3011216566005177,0.148068669527897,-1.092568448500652,0.012083049693669246,0.07854406130268199,-0.14995083579154378,-0.14554973821989525,0.012847078325735728,0.0721311475409836,0.06397103198551601,0.028971511347175127,0.01115085209341471,-0.14666666666666672,0.0,-0.09893953068592054
2013-09-30,0.013370385529537732,0.09720716965402243,0.02487456416361944,0.10586942770582941,0.0003379172543489517,0.026627935124667212,0.6144000000000001,0.6144000000000001,0.6268656716417911,0.6507936507936509,-0.5346083788706739,-0.47777777777777775,-0.6370093457943925,1.464788732394366,0.029426601647889683,-0.010403450900786537,0.004048582995951344,0.009803921568627416,0.007774140752863978,-0.024464831804281384,0.14634146341463428,0.02862505865790732,-0.012692467748647629,0.013392857142857206,0.0,-0.007887817703768563
2013-12-31,0.012768821966341992,0.0434997340627612,0.0066381778201882735,-0.07496161603997953,0.018961035146209948,0.05069559066257967,0.13247439709283126,0.13247439709283126,0.1376146788990824,0.13461538461538458,0.6139921722113504,0.1229314420803782,0.7157569515962925,3.611428571428571,0.13181966677556356,0.032179487179487154,-0.06394009216589858,-0.05946601941747576,0.02192448233861155,0.025078369905956244,0.010885700148441257,0.02737226277372251,0.006322444678608985,-0.05580029368575623,-0.016393442622950838,0.12809187279151946
2014-03-31,0.0018890762417178575,0.023992427276368078,0.005041970627430059,0.04526963257070338,-0.0013981377381878657,-0.07724416517055654,-0.2389148191365228,-0.2389148191365228,-0.24193548387096775,-0.23728813559322026,0.24552894816611093,-0.05052631578947364,0.1320528211284513,0.5526641883519208,0.18083417520565748,-0.025214259098248704,-0.0036923076923077724,-0.003870967741935405,0.0007945967421534306,-0.04587155963302747,0.02985805188448354,0.026642984014209725,-0.003141361256544406,0.004665629860031162,0.0,-0.020360219263899748
2014-06-30,0.007465240193579525,0.12412003128777638,0.015501120892339681,0.05006538389688031,-0.0009670761103333092,-0.0749550075392772,-0.011498658489842883,-0.011498658489842883,-0.010638297872340274,-0.011111111111111072,0.0966171817960575,0.5620842572062084,0.4612937433722164,-0.6999201915403033,0.04595453434368135,0.028414882772680894,0.05929586164298972,0.05569948186528495,-0.0015879317189362308,0.025641025641025772,0.02281368821292773,0.02768166089965396,-0.008193277310924452,0.08513931888544879,-0.033333333333333326,0.07057211373758143
2014-09-30,-0.04216516712184437,-0.07938767118954992,-0.03952079687710319,-0.049071932633576454,-0.04564105527783402,0.09328005047849408,-0.22838309422256686,-0.2516479255525398,-0.23655913978494636,-0.2247191011235956,-0.19374167776298268,-1.3136976579134139,0.8196661828737299,-3.851063829787234,-0.1252629118953026,0.0078057241977451675,-0.08746355685131202,-0.08466257668711663,-0.044135188866799235,0.009374999999999911,-0.05762081784386608,0.026936026936026813,-0.004236390595212858,-0.08987161198288163,0.0,-0.03189333333333333
2014-12-31,-0.013894618006556558,0.1398632631325798,0.0013594192336798816,0.06488728134451693,-0.02909696465066991,-0.030348210850327018,0.19195979899497484,0.22901554404145075,0.19718309859154926,0.18840579710144922,-0.05450041288191576,-3.9660633484162897,-0.7427716849451644,-1.669776119402985,0.09591236975687956,0.07855913449717233,-0.08242811501597436,-0.08847184986595169,-0.02911813643926786,0.13003095975232193,0.18195266272189348,0.026639344262295195,-0.0159540523292917,-0.0768025078369905,-0.017241379310344862,0.07040546496253874
2015-03-31,-0.03908617893338617,-0.04870697450117545,-0.05449888734937225,-0.06649683766690095,-0.021829635289164706,-0.10014384207132587,-0.09232715008431702,-0.11720067453625638,-0.09411764705882353,-0.08536585365853655,0.03406113537117905,-0.3585049580472921,0.8124031007751937,-0.7632311977715878,0.020721599219892806,-0.016300011398609482,-0.029944289693593307,-0.026470588235294246,-0.0265638389031706,0.013698630136986356,0.0909470171047142,0.02554890219560879,0.017725897103328947,-0.024617996604414216,0.0,0.019042717447246504
2015-06-30,-0.011012929882309841,-0.06070591217286614,-0.016460174371271674,-0.06558765408864209,-0.00500534009213649,-0.05280564436115087,-0.7580120761727822,-0.7511938872970392,-0.7792207792207793,-0.76,0.12274774774774766,0.40428061831153395,0.8716852010265184,-9.994117647058824,-0.18258896584666828,-0.06546929316338346,-0.20890165111270642,-0.20543806646525675,-0.0048415492957746276,-0.04054054054054068,-0.021032504780114647,0.025690930323083006,0.006159728122344887,-0.2106179286335944,0.0,0.005252525252525286
2015-09-30,-0.0017761303525232197,0.20151116508129263,-0.002016705545940245,0.059650889560255216,-0.0021147407039523447,-0.03823324022346364,3.9923224568138194,3.867562380038388,4.470588235294118,4.055555555555556,-0.11283851554663993,-0.5376799322607959,-0.5495886654478976,-1.5683453237410072,0.12563915266617975,-0.08518288902665849,0.10435571687840284,0.10646387832699622,-0.0048651039363113435,-0.08169014084507042,0.1812499999999999,0.02542694497153697,-0.0002111040743085768,0.1521499448732082,-0.0350877192982455,0.13384244372990373
2015-12-31,-0.0009437976250338265,0.020409882088714193,0.007992640738339052,0.015395824753698495,-0.010580056833689233,0.0234767350396321,0.2326028450595925,0.23895899053627767,0.24731182795698903,0.23076923076923084,0.2662521198417185,0.6355311355311355,-0.10908168442415023,0.953970080552359,0.22037637897469176,0.03361344537815136,0.11339359079704203,0.12371134020618557,-0.0048888888888888316,0.039877300613497146,-0.05191798941798931,0.024426350851221246,-0.00971283783783794,0.15406698564593313,-0.036363636363636376,0.00496277915632759
2016-03-31,-0.012660384225238741,-0.055850551627369516,0.012178154126958107,-0.02171403612766354,-0.039608619458687655,-0.0685781850428614,-0.1422333125389894,-0.14481222151495865,-0.13793103448275856,-0.1339285714285715,-0.2683035714285714,2.2967525195968643,0.04271070615034178,-1.8881036513545348,-0.16037434861214506,0.03802779963283487,0.08708487084870842,0.07798165137614665,-0.02456453774006251,0.04424778761061954,-0.06731775374956417,0.02384393063583823,-0.02771855010660973,0.11028192371475942,-0.018867924528301883,-0.03492063492063502
2016-06-30,-0.002917464002258674,-0.015589940845645023,0.02214174857734097,-0.01871990305195015,-0.031189281430043736,0.022024754046334527,-0.29054545454545455,-0.2973576479344995,-0.29000000000000004,-0.2886597938144331,0.26266015863331305,-0.5951086956521738,0.9961769524849808,-0.47413793103448276,-0.10044331855604816,0.03524507326932813,0.17311608961303482,0.16170212765957448,-0.01602564102564108,0.05932203389830515,-0.03627524308152574,0.02364149611856048,-0.010964912280701733,0.17251680358476484,-0.019230769230769273,0.0031980994152047693
2016-09-30,0.014999685376289928,0.04111657095494636,0.013578586612294385,0.05300617484562875,0.016061805688774244,0.02583529996273759,0.3910814966683751,0.4041313559322033,0.39436619718309873,0.3913043478260869,-0.269147136989611,0.7793624161073827,-0.8612859097127223,-1.44640605296343,0.04984511405237968,0.06491763270286754,0.02893518518518512,0.01098901098901095,-0.0046533271288971,0.08266666666666667,-0.08226620100892512,0.023095484315753145,-0.016629711751662946,0.01146496815286624,0.0,-0.011294289097367849
2016-12-31,-0.0930697519431507,-0.2729237155611157,-0.09705815214289792,-0.1083299898151292,-0.0892863272802169,0.02046252572950724,1.9016212232866616,1.9475669558657112,2.04040404040404,2.0,-0.008264462809917328,-1.0471475719000471,7.347140039447732,-4.968926553672317,-0.18843884120171672,-0.017417210954508988,0.5056242969628795,0.4746376811594204,-0.0486208508648901,-0.01231527093596052,-0.03044397463002113,0.02257412398921832,0.002480270574971799,0.45214105793450887,0.019607843137254832,-0.18461538461538451
2017-03-31,0.009040185246896204,0.01223994994525257,0.00401333565074502,0.006611055345955519,0.014700339238597815,-0.07421689606074988,-0.6797460317460318,-0.6849244944970565,-0.681063122923588,-0.6770833333333333,0.01333333333333342,-19.02,-0.6219281663516067,-0.8334519572953737,-0.03867129400099156,0.02180758017492712,0.008965259618976429,0.004095004095004073,0.01523341523341526,0.07481296758104738,-0.30527692978630616,0.022075782537067434,0.0062977957714800414,-0.01300954032957502,0.019230769230769162,0.005649079200090501
2017-06-30,0.019603526094283286,0.023527139269847508,0.017075051539902075,0.03878687848153506,0.02496285289747391,0.03037487984620313,-0.1217287866772403,-0.12591389114541018,-0.125,-0.11827956989247324,0.2131578947368422,0.035516093229744694,0.39312499999999995,0.05982905982905984,-0.042633659962179826,0.007989043597351975,0.03258052573121062,0.031810766721044104,0.028557599225556674,-0.009280742459396807,0.015693659761456313,0.022243713733075543,0.0058113544926239324,0.018453427065026506,0.018867924528301883,-0.014717447477811452
2017-09-30,0.020306297028387377,0.0604665207216728,0.043448660023519325,0.017014233697451253,-0.006632357204987005,0.03569873748367436,0.2880361173814898,0.2969330855018588,0.29761904761904767,0.29268292682926833,-0.015455531453362203,0.35798499464094324,-0.22655899506505162,1.1975806451612905,-0.09786317112587539,0.02456974637681153,0.02545715310147001,0.02213438735177853,-0.0014117647058824456,-0.0023419203747072626,0.0006180469715699743,0.021759697256385824,-0.026444444444444493,0.00690250215703192,0.0185185185185186,0.042759407069555166
2017-12-31,0.03087479955393113,0.11097665148063784,0.06653716116021124,0.07756151542767875,-0.012878981356488794,0.04455653635981505,-0.12548194882579744,-0.12826943747760655,-0.11926605504587162,-0.12264150943396224,0.014596529881575337,-0.5378847671665351,-0.9118329466357309,-5.418348623853211,0.4792993630573248,-0.011271963752900849,-0.35699300699300696,-0.3604021655065739,-0.007068803016022529,-0.009389671361502372,-0.029030265596046934,0.02129629629629637,-0.042456060260214534,-0.3586118251928021,-0.018181818181818188,0.03094587206123567
2018-03-31,-0.0179637408799469,-0.1042480938040623,-0.034759395464594056,-0.07237140181834656,0.003751478415138898,-0.06404139120436902,0.006412825651302523,0.0016440608302508153,0.01041666666666674,0.021505376344086002,-0.0898479913137894,-1.0828351836037575,36.0921052631579,-1.8745847176079735,-0.28336921420882666,-0.06259081256287014,-0.004893964110929905,-0.014510278113663788,0.006644518272425293,-0.056872037914691864,0.42684478371501267,0.020852221214868516,0.022407628128724655,-0.012692050768203123,0.0,-0.034365719134492934
2018-06-30,-0.04871792810105413,-0.16595135908440628,-0.05756017458191087,-0.08055745498355638,-0.037227285280309275,0.013635526073336957,-0.24691358024691357,-0.25153877718506357,-0.24742268041237114,-0.2421052631578947,0.2523113629585445,0.0,0.21692089393401925,0.30911680911680905,-0.5176492677431468,-0.10420889471801609,-0.020218579234972722,-0.02822085889570547,-0.02734559170202744,-0.11055276381909551,-0.10922871154703517,0.02131438721136769,0.011424574492888917,-0.03991880920162372,0.0,-0.09281634446397191
2018-09-30,0.0010988082157044055,0.0011149228130360456,0.0077796628303299364,0.03481248007932858,-0.0010900120475015873,0.011331273101860218,0.6916975145425701,0.7176535087719298,0.726027397260274,0.6944444444444444,-0.15051202667301744,-9.917525773195877,-0.6128844191808774,-0.9912948857453754,-0.009342156481121022,0.0894449620657527,0.048522030117122306,0.045454545454545414,-0.002423654871546277,0.12146892655367236,0.11911911911911899,0.02086956521739136,-0.0018441678192716582,0.03594080338266381,0.0185185185185186,-0.032570529119748115
2018-12-31,0.04430091185410334,0.04647477083868767,0.05016986168405735,0.06937029431895958,0.03357837506700356,0.04481725584182139,-0.0015629884338855815,-0.0012767315671879942,-0.007936507936507908,0.0,0.12335295766750765,3.4450867052023124,-1.3885542168674698,-48.958333333333336,0.4522593320235757,0.07135003054367761,0.07127659574468082,0.07608695652173902,0.030126336248785357,0.07304785894206534,0.02683363148479434,0.020442930153321992,-0.009468822170900726,0.07006802721088445,0.0,-0.021401752190237766
2019-03-31,-0.016283037020867197,-0.08673406737341904,-0.0451013806250361,-0.09207283899254326,0.020040748286719756,-0.05596972129831401,-0.14057608015028178,-0.14317673378076068,-0.1439999999999999,-0.14754098360655732,-0.12228599950087349,-1.1490247074122237,-5.908914728682171,-1.8323197219808862,-0.2591991341991342,0.1018360132284184,0.019364448857994043,0.026936026936027035,0.017924528301886733,0.07042253521126751,0.023954703832752555,0.02003338898163598,0.03753788761949184,0.020343293070565815,0.0181818181818183,0.005883105256426546
