Quarter end,Assets,Current Assets,Liabilities,Current Liabilities,Shareholders equity,Revenue,Earnings,Earnings available for common stockholders,EPS basic,EPS diluted,Cash from operating activities,Cash from investing activities,Cash from financing activities,Cash change during period,Cash at end of period,Price,ROE,ROA,Book value of equity per share,P/B ratio,P/E ratio,Cumulative dividends per share,Equity to assets ratio,Net margin,Asset turnover,Current ratio
1993-12-31,0.10079026749432862,,0.12776266011813897,,0.019340615292113394,0.1370597243491578,0.2577962577962578,0.2577962577962578,0.27419354838709675,0.27419354838709675,-0.15211267605633805,-0.7095679012345679,-1.169109947643979,-1.6666666666666665,1.0344827586206895,-0.19318181818181823,-0.006254886630180034,-0.038590604026845665,0.12380952380952381,-0.1629629629629631,-0.021495327102803663,inf,0.01542529748788013,-0.02376760563380287,0.037735849056603765,
1994-03-31,0.10079026749432862,,0.12776266011813897,,0.019340615292113394,0.1370597243491578,0.2577962577962578,0.2577962577962578,0.27419354838709675,0.27419354838709675,-0.15211267605633805,-0.7095679012345679,-1.169109947643979,-1.6666666666666665,1.0344827586206895,-0.19318181818181823,-0.006254886630180034,-0.038590604026845665,0.12380952380952381,-0.1629629629629631,-0.021495327102803663,inf,0.01542529748788013,-0.02376760563380287,0.037735849056603765,
1994-06-30,0.025568439170214674,,0.029190207156308823,,0.013468344475029426,0.1370597243491578,0.2577962577962578,0.2577962577962578,0.27419354838709675,0.27419354838709675,-0.15211267605633805,-0.7095679012345679,-1.169109947643979,-1.6666666666666665,-0.3389830508474576,-0.059859154929577496,-0.006254886630180034,-0.038590604026845665,0.025423728813559254,-0.1629629629629631,-0.021495327102803663,inf,-0.01215277777777779,-0.02376760563380287,0.037735849056603765,
1994-09-30,0.029457877884509154,,0.02141468435498628,,0.05674653215636827,0.06750841750841752,0.07107438016528933,0.07107438016528933,0.07594936708860756,0.07594936708860756,0.08720930232558133,0.32624867162592985,-0.8173374613003096,-1.0333333333333334,0.017094017094017033,0.12359550561797761,-0.006254886630180034,-0.038590604026845665,0.04958677685950419,0.09734513274336298,-0.021495327102803663,0.0,0.026801405975395376,-0.02376760563380287,0.037735849056603765,
1994-12-31,0.0028314635663571064,,-0.01379986004198741,,0.0573710299247292,0.04841507648635868,0.5570987654320987,0.5570987654320987,0.5764705882352943,0.5764705882352943,-0.5569136745607334,-0.6225961538461539,0.5932203389830508,6.5,0.12605042016806722,-0.016666666666666607,-0.006254886630180034,-0.038590604026845665,0.06299212598425208,-0.06451612903225812,-0.021495327102803663,1.0,0.05434317501069752,-0.02376760563380287,0.037735849056603765,
1995-03-31,0.03760347372248729,,0.024352861035422446,,0.07813178227276674,0.04362214199759329,-0.39841427155599607,-0.39841427155599607,-0.4104477611940298,-0.4104477611940298,0.8913793103448275,1.424628450106157,-1.6702127659574468,0.19999999999999996,0.13432835820895517,0.08813559322033893,-0.006254886630180034,-0.038590604026845665,0.06666666666666665,0.02586206896551735,-0.021495327102803663,0.0,0.03896103896103886,-0.02376760563380287,0.037735849056603765,
1995-06-30,0.04706343152816994,,0.042144638403990076,,0.06135759723005063,0.09469587777457478,0.0016474464579900872,0.0016474464579900872,0.0,0.0,0.2415679124886052,0.16987740805604212,-1.7301587301587302,-2.111111111111111,-0.13157894736842102,0.024922118380062308,-0.05861526357199043,-0.038590604026845665,0.0625,-0.04201680672268915,-0.021495327102803663,0.5,0.013671875,-0.0586113615870153,0.036363636363636154,
1995-09-30,0.038687194833832095,,0.03243731886947976,,0.05652074956376607,0.02132982225148128,0.02796052631578938,0.02796052631578938,0.025316455696202445,0.025316455696202445,0.39207048458149774,0.3622754491017963,-0.3913043478260869,-3.4,0.36363636363636354,0.08814589665653494,-0.06686167989970748,-0.038590604026845665,0.05228758169934644,0.026315789473684292,0.08882521489971351,0.0,0.01734104046242768,-0.056513409961685857,0.01754385964912286,
1995-12-31,0.014557309930435691,,-0.0016481677010635742,,0.059744363061898564,0.009281938893902275,0.06400000000000006,0.06400000000000006,0.07407407407407396,0.04938271604938271,-0.49841772151898733,-0.5065934065934066,1.5357142857142856,-1.375,-0.09999999999999998,0.05865921787709505,-0.16032243618450515,-0.1500872600349039,0.0,0.00427350427350448,0.06929824561403497,0.3333333333333335,-0.014772727272727382,-0.1553299492385788,0.01724137931034475,
1996-03-31,0.062438113031293874,,0.07826243970387181,,0.020870036590323826,0.020564567633158726,-0.048120300751879674,-0.048120300751879674,-0.05747126436781613,-0.03529411764705881,0.6729758149316509,0.7071269487750558,0.14084507042253525,0.2777777777777777,-0.14197530864197527,0.04221635883905006,-0.03733333333333333,-0.028747433264887046,0.08074534161490665,0.042553191489361764,0.2001640689089419,0.0,0.018454440599769528,-0.024038461538461564,-0.016949152542372947,
1996-06-30,0.018815833435911866,,0.03686514676682373,,-0.03126244524093991,0.06145181476846062,0.23854660347551349,0.23854660347551349,0.23170731707317072,0.23170731707317072,-0.033940917661847925,-0.14090019569471623,2.049382716049383,0.17391304347826098,-0.19424460431654678,-0.0582278481012658,0.04321329639889204,0.03594080338266381,-0.02298850574712641,-0.12653061224489792,-0.06698564593301437,0.25,-0.04907512268780678,0.039408866995074066,0.0,
1996-09-30,0.033398346479797114,,0.0238106224908865,,0.06187050359712232,0.05400306567621738,0.02423469387755106,0.02423469387755106,0.06930693069306937,0.06930693069306937,0.48275862068965525,0.7258921791951405,-0.8987854251012146,-0.2962962962962963,-0.1696428571428571,0.1370967741935485,0.0371747211895912,0.03265306122448974,0.06470588235294117,0.16355140186915884,0.06520146520146519,0.0,0.027788805081381485,0.028436018957346043,0.0,
1996-12-31,0.032853420630678754,,0.015684860503898612,,0.08201058201058209,0.04866316142745264,0.14196762141967612,0.14196762141967612,0.13888888888888884,0.11111111111111094,-0.5107503290917068,-0.5406951165860097,-0.6,-4.210526315789474,0.6559139784946237,0.2576832151300237,0.03737839221710182,0.049407114624505866,0.07734806629834257,0.18072289156626486,0.16781292984869345,0.19999999999999996,0.04750869061413665,0.03917050691244239,0.01724137931034475,
1997-03-31,0.08423486796358293,,0.10133126248058577,,0.038284930526566896,0.031043311286537145,-0.16575790621592146,-0.16575790621592146,-0.1707317073170731,-0.1499999999999999,0.9560538116591928,0.842911877394636,11.8,1.1147540983606556,0.8376623376623376,0.0770676691729324,0.003948667324777944,-0.0018832391713747842,0.03589743589743599,0.0,-0.014723203769140158,0.0,-0.04240412979351038,-0.005543237250554278,0.0,
1997-06-30,0.06464025772580828,,0.054898563571529335,,0.09241284245591874,0.1575788929125712,0.3346405228758169,0.3346405228758169,0.3333333333333335,0.3333333333333335,-0.09766162310866577,0.08160083160083165,-1.125,-1.751937984496124,-0.34275618374558303,0.08376963350785327,0.003441494591937211,0.016981132075471805,0.08910891089108919,0.04421768707482987,0.0334728033472802,0.16666666666666674,0.02618405852907202,-0.0022296544035674826,0.016949152542372836,
1997-09-30,0.0610518057773668,,0.052328024139643325,,0.08506834910620409,0.07552735073292816,0.138099902056807,0.138099902056807,0.13235294117647056,0.13235294117647056,0.13363821138211374,0.08121095627102348,1.5,-1.2164948453608249,0.11290322580645151,0.3317230273752012,0.02596766291033803,0.03896103896103886,0.08181818181818179,0.224755700325733,0.23192596876807414,0.0,0.022514071294559068,0.022346368715083775,0.016666666666666607,
1997-12-31,-0.001901241087932437,,-0.015698159776414644,,0.03493555577090812,0.0966508767555887,-0.09466437177280551,-0.09466437177280551,0.058441558441558294,-0.10389610389610393,-0.5665620797848498,-0.5893333333333333,-1.425,0.23809523809523814,0.1256038647342994,0.10761789600967364,-0.025787965616045905,-0.014285714285714346,0.03361344537815136,0.02393617021276606,0.00798122065727691,0.1428571428571428,0.0366972477064218,-0.051366120218579225,0.049180327868852514,
1998-03-31,0.04908989893645166,,0.03772332540516632,,0.07795308769137121,-0.04903000909366473,0.14163498098859306,0.14163498098859306,0.01840490797546024,0.14492753623188426,1.0020682523267839,1.237012987012987,-2.8823529411764706,-4.8076923076923075,-0.424892703862661,0.10152838427947586,0.03480392156862755,0.0652173913043479,0.0772357723577235,0.06493506493506485,0.0642757335817421,0.0,0.027610619469026654,0.04377880184331784,0.015625,
1998-06-30,0.04476275738585489,,0.043778760904713776,,0.04716817234190418,0.06390947485855447,0.024146544546211457,0.024146544546211457,0.024096385542168752,0.018987341772152,-0.05526859504132231,-0.14271891630382194,-0.34375,-1.7878787878787878,0.5820895522388059,0.1417244796828543,-0.012316437707247885,0.008503401360544283,0.04528301886792452,0.060975609756097615,0.03238512035010932,0.125,0.0024112986565623107,0.002207505518763808,0.0,
1998-09-30,0.006082769108222585,,0.008460006468415493,,0.000290335960182464,0.021122013332334655,0.09837398373983741,0.09837398373983741,0.09411764705882364,0.12422360248447206,0.19464188080918543,-0.023702031602708784,-17.476190476190474,0.39743589743589736,0.5141509433962264,-0.08940972222222221,0.0014388489208634336,0.015177065767284947,0.0,-0.12873563218390793,-0.12674862229758366,0.0,-0.00584192439862552,0.009911894273127775,0.01538461538461533,
1998-12-31,0.015234941999256346,,-0.0031057997434339457,,0.06028942239913748,-0.017751045257830222,-0.4189489267209474,-0.4189489267209474,-0.4193548387096774,-0.3867403314917127,-0.8947368421052632,-0.7560693641618497,-1.1647398843930636,-2.238532110091743,-0.42056074766355145,0.05624404194470922,-0.09626436781609193,-0.08139534883720922,0.057761732851985714,0.0554089709762533,0.011650485436893065,0.11111111111111116,0.044244728655374876,-0.058887677208287914,-0.030303030303030276,
1999-03-31,0.08422445675934354,,0.09889942431425669,,0.050330452465683795,0.05294600851318054,0.34140127388535024,0.34140127388535024,0.34259259259259256,0.2702702702702702,9.769565217391305,11.957345971563981,52.64912280701754,-1.4962962962962962,0.36021505376344076,0.0893501805054151,-0.06942236354001063,-0.06690777576853535,0.04778156996587013,0.030000000000000027,0.13771593090211143,0.0,-0.031115524660708216,-0.06025492468134408,0.0,
1999-06-30,0.04734140520275942,,0.054991448513890484,,0.02885546205972145,0.08134751773049653,0.06457739791073114,0.06457739791073114,0.0620689655172415,0.06382978723404253,-0.06055712555510695,-0.619239209948793,-1.0948332243296273,-1.671641791044776,-0.17786561264822132,-0.03479701739850871,-0.05751708428246016,-0.06201550387596899,0.02931596091205213,-0.08009708737864074,-0.00716997047659218,0.09999999999999987,-0.01776563033823042,-0.05672009864364991,-0.015625,
1999-09-30,0.013932967753347958,,0.019643639550168013,,-0.00021713169037018698,0.03967993703679418,-0.33987511150758254,-0.33987511150758254,-0.3441558441558442,-0.33999999999999997,-0.053717232488182165,0.13544668587896247,-1.1379310344827587,1.7111111111111112,-0.5865384615384616,-0.18969957081545075,-0.16978851963746233,-0.17355371900826444,-0.0031645569620254443,-0.21108179419525064,-0.17459643160577742,0.0,-0.013913043478260834,-0.1751633986928104,0.0,
1999-12-31,-0.0040536934791979284,,-0.004239776552316887,,-0.0035834509718752905,0.012048952813525027,-0.9486486486486486,-0.9486486486486486,-0.9504950495049505,-0.9393939393939394,-0.6616712079927338,-0.6916243654822335,0.0,-1.459016393442623,0.6511627906976745,-0.2658898305084746,-0.21615720524017457,-0.22750000000000004,-0.0031746031746030523,-0.2642140468227425,-0.14565105506948006,0.09090909090909083,0.000705467372134061,-0.2361331220285262,0.015873015873015817,
2000-03-31,0.027800962420270636,,0.04300982465225345,,-0.010607381575123531,-0.0017453094807704517,-13.263157894736842,-13.263157894736842,-13.799999999999999,-11.666666666666668,1.4322147651006714,1.3251028806584362,-4.725,-1.5714285714285714,-0.22535211267605637,-0.2135642135642135,-0.5162488393686165,-0.5242718446601942,-0.009554140127388644,-0.2090909090909091,-0.004819277108433884,0.0,-0.03736341205498761,-0.5290456431535269,0.015625,
2000-06-30,0.05797784350092727,,0.07883159331944989,,0.0024599794389779106,0.03203246955978778,-0.6974248927038627,-0.6974248927038627,-0.703125,-0.703125,0.2737306843267109,0.41828908554572264,-1.5033557046979866,-0.34375,-0.19090909090909092,0.2238532110091742,-0.8809980806142035,-0.8843537414965986,0.0,0.22988505747126453,1.5369249394673123,0.08333333333333348,-0.05272793848407187,-0.8810572687224669,-0.015384615384615441,
2000-09-30,-0.005619361685998081,,-0.01585170981144135,,0.02369702963044351,0.06001936108422079,-5.170212765957447,-5.170212765957447,-5.2105263157894735,-5.157894736842105,0.2348353552859619,0.10149750415973369,-2.3200000000000003,-5.904761904761905,1.1573033707865168,-0.0779610194902548,-0.8870967741935484,-0.8823529411764706,0.019292604501607746,-0.07476635514018692,7.004056311142925,0.0,0.029764205643602715,-0.888888888888889,0.015625,
2000-12-31,-0.04211178348501454,,-0.06711697083847501,,0.026762075134168173,0.007248858447488571,-0.18367346938775508,-0.18367346938775508,-0.17500000000000004,-0.16455696202531644,-0.56,-1.619335347432024,29.272727272727273,-2.0,-0.5364583333333333,0.224390243902439,22.714285714285715,21.499999999999996,0.025236593059936974,0.202020202020202,12.46847518259055,0.0769230769230771,0.07169669669669654,21.666666666666668,0.01538461538461533,
2001-03-31,0.018017032114290288,,0.01656966220167644,,0.021639138615931364,0.0051566838556127426,0.8041666666666667,0.8041666666666667,0.7878787878787876,0.7575757575757573,1.7456140350877192,-3.017682926829268,-1.0,-2.300970873786408,1.50561797752809,0.026560424966799445,2.8132530120481922,2.8666666666666667,0.01846153846153853,0.0,-0.9668857901726428,0.0714285714285714,0.003502626970227629,2.794117647058824,0.015151515151515138,
2001-06-30,0.019252005824464735,,0.01453265395573089,,0.031003785940857398,0.05006201375577857,0.19745958429561195,0.19745958429561195,0.18644067796610164,0.18965517241379315,0.011327330816148784,-0.07434270172257484,-inf,0.22388059701492535,0.7354260089686098,0.24191461836998696,0.6161137440758295,0.6551724137931034,0.0332326283987916,0.2184873949579833,-0.6818394492346769,0.0,0.011518324607329822,0.6085271317829459,0.02985074626865658,
2001-09-30,0.041084594954792664,,0.04726673777153745,,0.02593621807595614,-0.00134220981423816,-0.07039537126325945,-0.07039537126325945,-0.06428571428571417,-0.06521739130434778,0.22142446869615173,0.1762977473065621,2.149019607843137,-1.9329268292682928,-0.39534883720930236,0.08749999999999991,0.09775171065493637,0.11805555555555558,0.032163742690058506,0.051724137931034475,-0.3403361344537815,0.06666666666666665,-0.01449275362318836,0.110843373493976,0.01449275362318847,
2001-12-31,0.02433184137333999,,0.014786644321258313,,0.048207145621049996,0.07074888446857686,0.2935684647302905,0.2935684647302905,0.2900763358778624,0.2790697674418603,-0.7253703268281213,0.3458229253399945,-5.4321295143212955,-0.20261437908496727,-0.5213675213675213,0.1283524904214559,0.19056099732858423,0.19875776397515543,0.04249291784702569,0.09508196721311468,0.002547770700636942,0.0,0.023459383753501317,0.19088937093275482,0.0,
2002-03-31,0.06489606559735317,,0.0765781216255701,,0.03660749992309342,0.03861023246472861,0.41299117882919,0.41299117882919,-0.5266272189349113,-0.5272727272727272,2.905821917808219,-0.10847597442771706,-1.0567575161562237,-1.3032786885245902,0.3303571428571428,0.08828522920203752,0.17576664173522816,0.1735751295336787,0.040760869565217295,0.041916167664670656,-0.10832274459974589,0.0625,-0.026684912760862267,0.1730418943533698,0.0,
2002-06-30,0.05513246990087972,,0.07589828308454782,,0.002908270765943577,0.09194624383641115,-0.08967082860385922,-0.08967082860385922,-0.08750000000000002,-0.08974358974358987,0.2601928978518193,-0.002775850104094424,6.118811881188119,-1.0,0.0,0.12246489859594378,0.08333333333333326,0.06401766004415022,0.01305483028720622,0.08045977011494254,-0.07623797648735309,0.0,-0.049560632688927964,0.05900621118012417,0.014285714285714235,
2002-09-30,0.031030950933008894,,0.025192756945282335,,0.04678206835330667,0.0707455285992562,0.1128428927680798,0.1128428927680798,0.12328767123287676,0.12676056338028174,-0.08766742042094278,0.10160055671537926,-0.6738525730180807,inf,0.18120805369127524,-0.1097984711605281,0.10980622431004106,0.0975103734439835,0.04639175257731942,-0.12234042553191493,-0.20015426147319715,0.0588235294117645,0.015532544378698443,0.0733137829912025,0.014084507042253502,
2002-12-31,0.05272797826930531,,0.04803474763035709,,0.0651289009497964,0.05366741089886706,-0.14733893557422972,-0.14733893557422972,-0.14634146341463417,-0.1250000000000001,-0.32049571020019063,0.5855969677826911,-9.44136460554371,-1.2592592592592593,-0.03977272727272729,0.04449648711943799,0.004761904761904745,-0.005671077504725952,0.06403940886699533,0.0,-0.09112825458052065,0.05555555555555558,0.011653313911143437,-0.01912568306010931,0.01388888888888884,
2003-03-31,0.04346672171271848,,0.04123963905108008,,0.049256900212314214,0.06733636791712438,0.9152431011826545,0.9152431011826545,0.9142857142857146,0.8857142857142859,0.5925925925925926,-0.3759628154050465,-1.230613791361455,-10.142857142857142,0.37869822485207094,-0.0037369207772796065,0.1258557135334386,0.1216730038022813,0.05092592592592582,-0.0636363636363636,-0.05411140583554397,0.0,0.005399568034557323,0.09610027855153214,0.027397260273972712,
2003-06-30,0.08105835806132533,,0.07061487784792764,,0.10800283286118972,0.07389705882352948,-0.017838765008576285,-0.017838765008576285,-0.014925373134328401,-0.022727272727272707,0.32699083861874567,0.4522238774207279,-0.16538882803943045,-1.84375,-0.23175965665236054,0.27531882970742694,0.0869971936389149,0.10169491525423746,0.11013215859030834,0.21035598705501624,0.08020190689848583,0.05263157894736836,0.02506265664160412,0.08767471410419292,0.01333333333333342,
2003-09-30,0.056158627044760934,,0.05946505260651791,,0.04791581061954986,0.05463882232112294,0.11701012923506804,0.11701012923506804,0.11363636363636354,0.12403100775193798,0.05403611258629848,0.0001465416178194623,0.40944881889763773,-1.7407407407407407,0.22346368715083798,0.02941176470588225,0.08261617900172125,0.0923076923076922,0.05357142857142838,-0.07219251336898391,-0.11578400830737279,0.0,-0.007684247293049173,0.08761682242990654,0.0,
2003-12-31,0.00748115787780157,,-0.027588352736795718,,0.09587190937806334,0.029150165552165097,0.11882426516572853,0.11882426516572853,0.12925170068027203,0.12413793103448278,-0.5941554351933493,-0.5334798534798535,-0.8733705772811918,-3.45,-0.4474885844748858,0.09885714285714298,0.11168521462639114,0.14225352112676082,0.09227871939736354,0.04322766570605174,-0.051086318261890806,0.04999999999999982,0.0876451953537487,0.13426423200859294,0.013157894736842035,
2004-03-31,0.05407364186346464,,0.032815152565572436,,0.10161809724486148,0.034664395659853575,0.28563443264393507,0.28563443264393507,0.2831325301204819,0.28220858895705514,1.7948479205462444,1.1488693467336684,14.095588235294118,-2.1224489795918364,0.9090909090909092,0.10348413936557455,0.04183053271362169,0.08261405672009858,0.09827586206896566,0.011049723756906049,-0.07673267326732669,0.04761904761904767,0.044983818770226724,0.08238636363636354,0.0,
2004-06-30,0.03232742295433488,,0.03230609030903353,,0.032372153451946994,0.026552449471084927,-0.16021739130434787,-0.16021739130434787,-0.15962441314553988,-0.1578947368421052,-0.10438645197112717,0.09982461268634912,-0.7316122747199221,-1.1,-0.04761904761904767,0.020735155513666337,0.0017158544955386823,0.03075170842824604,0.03453689167974883,-0.0710382513661203,-0.1012064343163539,0.0,0.0,0.03324584426946631,0.0,
2004-09-30,0.04396981379150744,,0.030778208494852244,,0.07162832972103761,0.02111421274573866,0.006730520320993971,0.006730520320993971,0.005586592178770999,0.005681818181818121,-0.12696838189708615,-0.1502990033222591,-0.052631578947368474,-12.363636363636363,0.5681818181818181,-0.08402585410895658,-0.026378896882493952,0.011049723756906049,0.16236722306525042,-0.11470588235294121,-0.1461595824011932,0.045454545454545414,0.0266336327036234,0.017781541066892448,-0.012987012987012991,
2004-12-31,-0.07090296663548823,,-0.027157957734518456,,-0.15912575436307286,0.07485822306238177,0.06325533556184104,0.06325533556184104,0.12777777777777755,0.14124293785310726,-0.6429484448231786,-2.91992492962152,27.61111111111111,-2.16,-0.42028985507246375,0.13608870967741926,0.02920478536242066,0.021857923497267784,-0.15926892950391647,-0.023255813953488302,0.08646288209607,0.04347826086956519,-0.09502262443438925,-0.004991680532445919,0.026315789473684292,
2005-03-31,0.03136002048381381,,0.03321168186617229,,0.027039608953718375,-0.05522335561027081,-0.0019347037484884755,-0.0019347037484884755,0.019704433497536922,0.00990099009900991,1.6193317422434368,-1.4113717823395242,-0.8950786742551055,-0.7793103448275862,-0.16000000000000003,-0.035936113575865125,-0.01811965811965799,-0.036363636363636376,0.03416149068322971,0.1462585034013606,-0.08520900321543401,0.0,-0.004333333333333189,-0.04347826086956519,0.012820512820512775,
2005-06-30,0.04152748939243467,,0.03542692542885639,,0.055847246354914226,0.028151669625980924,-0.04458444390598493,-0.04458444390598493,-0.033816425120772875,-0.03431372549019607,0.16066818526955196,0.08376237623762384,0.3656668793873643,-1.9375,0.1785714285714286,0.08375517717441316,0.011142061281336879,-0.005549389567147567,0.0645645645645645,0.05044510385756684,0.09050966608084354,0.04166666666666674,0.014060930699698604,-0.010489510489510523,0.0,
2005-09-30,0.03769935858542084,,0.03698120245246228,,0.039352472945174855,0.009024818250187971,-0.22571645954856712,-0.22571645954856712,-0.21999999999999997,-0.2182741116751269,-0.3430590082428365,-0.20939155856020464,-0.6154205607476635,-5.3,-0.6515151515151515,0.06709129511677281,-0.038223140495867725,-0.060267857142857206,0.03808180535966166,0.0,0.038678485092667136,0.040000000000000036,0.001320567844173004,-0.06360424028268552,0.0,
2005-12-31,-0.013390689685775614,,-0.041477451553437295,,0.05111436193098706,-0.00648723257418915,-0.07762856207009494,-0.07762856207009494,-0.07692307692307698,-0.07792207792207795,-0.8623780123481378,-0.8587936214467298,-0.8869987849331713,-0.8992248062015504,-0.18840579710144922,0.13410266613609245,-0.12459720730397417,-0.10807600950118756,0.05434782608695654,0.09322033898305082,0.1683475562451513,0.03846153846153855,0.06561160567095281,-0.08018867924528295,-0.025316455696202556,
2006-03-31,0.019027864497899394,,0.011164012477425711,,0.03549733933688093,0.0,0.0,0.0,0.0,0.0,0.0,0.0,0.0,-4.846153846153847,0.8928571428571428,-0.029122807017543773,0.0,0.0,0.04123711340206193,-0.07751937984496127,0.0,0.0,0.016089108910891214,0.0,0.0,
2006-06-30,0.017883291273327773,,0.01905071169562156,,0.015495786094903874,0.030258405112531195,0.421875,0.421875,-0.6388888888888888,-0.6408450704225352,0.0,0.0,0.0,0.3999999999999999,0.6603773584905661,-0.04047705095771592,0.0,0.0,0.02970297029702973,-0.07843137254901955,0.0,0.03703703703703698,-0.0024360535931791105,0.0,0.0,
2006-09-30,0.012426922959199338,,-0.0036569729065347722,,0.045435435903025345,0.004288141535640166,0.022977022977022976,0.022977022977022976,0.03846153846153855,0.03921568627450989,5.61794500723589,0.9328968903436989,35.806451612903224,-1.4428571428571428,-0.17613636363636365,-0.09566854990583795,0.0,0.0,0.05889423076923084,-0.12158054711246202,0.0,0.03571428571428559,0.032661782661782546,0.0,0.0,
2006-12-31,-0.01834608136570226,,-0.037815733964864706,,0.019734588403508946,0.0,0.0,0.0,0.0,0.0,-0.5158539252132079,-2.0330228619813715,0.029214139643587433,1.870967741935484,-0.6137931034482759,-0.005830903790087438,0.0,0.0,0.04426787741203175,-0.06228373702422152,0.0,0.034482758620689724,0.03872302689920182,0.0,0.0,
2007-03-31,0.027183927810656927,,0.035265719599540946,,0.012268863377442818,-0.009936086793060905,-0.112548828125,-0.112548828125,-0.09259259259259267,-0.07547169811320764,1.872628726287263,-3.619672131147541,-0.11410729491910299,-1.4831460674157304,0.7678571428571428,-0.04356933389191464,0.0,0.0,0.022826086956521774,-0.08487084870848705,0.0,0.5,-0.01451337507114403,0.0,0.0,
2007-06-30,0.05306395758481286,,0.19032038590026823,,-0.20599948056445327,-0.002956493436042096,-0.2195323246217331,-0.2195323246217331,-0.20408163265306123,-0.20408163265306123,-0.10770440251572322,3.051314142678348,-3.3434796539570653,-0.046511627906976716,0.41414141414141414,0.02321506789312311,0.0,0.0,-0.1923485653560043,0.0,0.0,4.444444444444445,-0.24602945423043598,0.0,0.0,
2007-09-30,-0.06681819907372255,,-0.08022118466093364,,-0.028893855966853788,0.009167822846105622,0.05463517800493478,0.05463517800493478,0.10256410256410242,0.07692307692307687,-0.16528634361233485,-2.145041705282669,-3.683347005742412,-2.5365853658536586,-0.44999999999999996,-0.08005136986301375,0.0,0.0,0.00657894736842124,0.1411290322580645,0.0,0.0,0.04059747223286103,0.0,0.0,
2007-12-31,-0.041819429966184485,,-0.028907384649759837,,-0.07642358577069186,-0.025636187189993498,-0.21089572192513373,-0.21089572192513373,-0.20930232558139528,-0.19047619047619035,-0.7597635634367743,-0.8462835559152839,-0.8249261184143484,-0.6984126984126984,-0.24675324675324672,-0.12145183806421589,-0.14805725971370132,-0.2090545938748335,-0.048366013071895475,-0.12720848056537093,0.0,0.0,-0.03606919396393071,-0.1743589743589744,-0.038961038961038974,
2008-03-31,-0.006702718767081839,,0.004285426673185988,,-0.03766588998075171,-0.007912574353299173,0.013977128335451061,0.013977128335451061,0.0588235294117645,0.02941176470588225,3.0544815465729354,-2.1298815269855202,-0.4144353899883586,-2.4210526315789473,0.4655172413793103,-0.07733050847457612,-0.010081613058089411,-0.08922558922558921,-0.03708791208791218,-0.03238866396761131,-0.2948207171314742,0.0,-0.030927835051546393,-0.09813664596273297,0.013513513513513598,
2008-06-30,0.010557360232518409,,0.010145197319434196,,0.011769412161024118,-0.01374829192113558,-0.09983291562238927,-0.09983291562238927,-0.11111111111111105,-0.08571428571428563,0.036627654963155676,0.6664077669902913,-0.7624254473161034,-0.4814814814814815,0.16470588235294126,0.07405281285878296,-0.031522793404461735,-0.038817005545286554,0.014265335235378096,0.11715481171548103,0.17419962335216588,0.0,0.0011820330969265491,-0.05647382920110178,0.01333333333333342,
2008-09-30,-0.014528613120162404,,0.019143944602343144,,-0.11339090625325143,-0.3750777582989312,-4.174941995359629,-4.174941995359629,-4.21875,-4.21875,0.042860129625757803,0.173153111162899,-1.0271966527196652,-3.357142857142857,-0.33333333333333337,-0.027258150721539365,-0.9924887330996495,-0.9923076923076923,-0.11251758087201136,-0.041198501872659166,0.020850040096231037,0.0,-0.10035419126328216,-0.9927007299270073,-0.0921052631578948,
2008-12-31,-0.02087491147878706,,-0.02390986855831423,,-0.010632305309111412,0.5870322609836658,-1.232826658871675,-1.232826658871675,-1.2427184466019416,-1.2524271844660193,-0.7780673616680032,-0.7566547477155343,5.230769230769231,0.1212121212121211,-0.5606060606060606,-0.234065934065934,-11.333333333333334,-10.5,-0.012678288431061668,-0.13671875,0.0,0.0,0.01049868766404205,0.0,0.0,
2009-03-31,-0.001939672885674315,,-0.008792179662562738,,0.020876331459208197,-0.011204561653599399,0.45951035781544247,0.45951035781544247,0.3999999999999999,0.34615384615384603,3.890695573622403,2.3257142857142856,-1.2962962962962963,-36.567567567567565,45.37931034482759,-0.10329985652797702,0.12903225806451624,0.10526315789473673,0.014446227929374,-0.09049773755656121,0.0,0.0,0.02251082251082237,0.0,0.0,
2009-06-30,0.04789981938062371,,0.018027861240098364,,0.14447052262217364,0.03324491090479209,0.07569892473118278,0.07569892473118278,0.05714285714285716,0.05714285714285716,-0.28574067233099376,-0.13966617574864992,3.166666666666667,-0.8009118541033434,0.19479553903345725,0.19999999999999996,-0.4514285714285715,-0.45238095238095233,0.14873417721518978,0.17910447761194037,0.0,0.0,0.09229466553767995,0.0,0.0,
2009-09-30,0.05028395398059482,,0.027424342987869554,,0.11602030456852797,0.007757778707967011,0.07916833266693324,0.07916833266693324,0.08108108108108114,0.08108108108108114,0.2593741918800103,0.16547788873038516,5.67,-0.549618320610687,0.07342874922215303,0.05400000000000005,-21.0625,-21.956521739130434,0.12258953168044084,-0.08016877637130804,0.0,0.0,0.06279069767441858,127.6,0.0869565217391306,
2009-12-31,9.477538234392568e-05,,-0.017201566902618426,,0.04588457899716181,0.08010965580261953,0.13004816598740265,0.13004816598740265,0.17499999999999982,0.125,-0.8527720739219713,-0.9701346389228886,0.09445277361319349,-2.1440677966101696,-0.06840579710144923,0.07526881720430101,0.07268951194184847,0.13485477178423233,0.0503067484662576,-0.041284403669724856,-0.03220738413197177,0.06530612244897949,0.045587162654996405,0.12908242612752718,0.0,
2010-03-31,0.04985710224297102,,0.037529631416644005,,0.08052395365828202,-0.06017023022099166,-0.030819672131147557,-0.030819672131147557,-0.04255319148936165,-0.022222222222222254,8.344490934449093,42.36065573770492,1.0082191780821916,-0.5851851851851853,-0.034847542003733634,0.05529411764705894,-0.030493707647628265,0.021937842778793515,0.0829439252336448,0.004784688995215447,-0.07224025974025983,0.0,0.02929891873038004,0.045454545454545414,-0.013333333333333308,
2010-06-30,0.021269520022423993,,0.023899065874074976,,0.014988328101102733,0.005564799912709084,-0.2831529093369418,-0.2831529093369418,-0.28888888888888886,-0.2727272727272727,-0.2022388059701492,-0.097164461247637,-0.6043656207366985,-0.7678571428571428,-0.008381689232753065,0.10367892976588622,-0.09036445332001997,-0.06261180679785328,0.01833872707659112,0.01904761904761898,0.04374453193350836,0.0,-0.006099627245001571,-0.04084321475625807,-0.027027027027027084,
2010-09-30,0.02456202376189731,,0.007859399684044144,,0.06480982140024749,0.02257005669641643,0.23454459650778658,0.23454459650778658,0.25,0.25,-0.1143124415341441,-0.6444723618090452,4.224137931034483,-1.9230769230769231,0.007802340702210753,0.010101010101010166,-0.05598243688254678,-0.03053435114503822,0.07203389830508478,-0.009345794392523366,0.04107292539815588,0.0,0.03920900102284364,-0.017857142857143016,-0.01388888888888895,
2010-12-31,-0.03969652116269984,,-0.013715270974567928,,-0.09895429899302866,0.019127205199628516,0.143730886850153,0.143730886850153,0.125,0.125,-0.9970426700464723,-5.0630153121319195,1.26996699669967,2.25,0.02516129032258063,0.04200000000000004,-0.017441860465116088,-0.017716535433070835,-0.09486166007905128,-0.028301886792452824,0.041867954911433136,0.5363984674329503,-0.061679790026246684,-0.0013986013986012624,-0.014084507042253502,
2011-03-31,0.017768069483647952,,0.00689340061186372,,0.044917257683215084,0.013509995835068622,0.21290106951871657,0.21290106951871657,0.24444444444444446,0.22222222222222232,480.07142857142856,-1.4057109726047252,-0.42250654259959286,-1.8717948717948718,-0.021397105097545666,-0.03166986564299423,0.05857988165680461,0.05611222444889763,0.05240174672489095,0.06796116504854366,-0.0316846986089645,0.0,0.02657342657342654,0.04761904761904767,0.0,
2011-06-30,0.01307714820613115,,0.01661240998322966,,0.004572350726196772,-0.005342237061769617,-0.3243317718379719,-0.3243317718379719,-0.3214285714285715,-0.3090909090909092,-0.4690423162583519,-0.6995355484101464,-0.29632426988922456,0.7058823529411764,-0.03729903536977497,0.03716551040634286,0.027389603130240303,0.024667931688804545,0.024896265560165887,-0.01363636363636378,-0.02873104549082195,0.0,-0.008174386920980936,0.016042780748662944,0.014285714285714235,
2011-09-30,0.01543957152552311,,0.056274703876931786,,-0.08397511615087805,-0.01593203708007329,-0.3853996737357259,-0.3853996737357259,-0.368421052631579,-0.368421052631579,0.29809843400447433,5.099881093935791,-1.2493738819320215,-4.551724137931035,0.13760855043420173,-0.0793119923554706,-0.061479869423286204,-0.09444444444444444,-0.05161943319838069,-0.10138248847926268,-0.1101068200493015,0.0,-0.09787087912087922,-0.09736842105263166,0.0,
2011-12-31,-0.013524925150038558,,-0.017754777070063676,,-0.0016505338445403916,0.031461558646024734,0.7033842070338421,0.7033842070338421,0.7916666666666667,0.75,-0.994398965962947,-1.257504873294347,-3.133428981348637,-1.70873786407767,-0.08573106283029952,-0.04774260508562522,-0.030724637681159406,-0.04907975460122693,0.013874066168623411,0.00512820512820511,0.046168051708217916,0.10224438902743138,0.011800532927293439,-0.0451895043731777,0.0,
2012-03-31,0.01943254229839586,,-0.0011971492882573154,,0.07641173127593981,0.03314762522577519,0.0035060381768601268,0.0035060381768601268,-0.023255813953488413,0.0,271.46153846153845,-1.4625283875851627,3.353732347007398,-1.0205479452054795,0.0019267822736031004,0.15476839237057227,-0.10107655502392343,-0.11182795698924719,0.07684210526315804,0.1377551020408163,0.1765225066195939,0.0,0.05605718585402575,-0.11297709923664123,0.0,
2012-06-30,0.020193719605016813,,0.025813258088882574,,0.005791629335722526,0.012779474047079686,-0.5395962732919255,-0.5395962732919255,-0.5238095238095237,-0.5476190476190477,-0.39765669113495206,4.779050736497545,-0.9012974976830399,30.666666666666668,0.0608974358974359,0.029259084473808317,-0.13705921490352613,-0.14769975786924938,0.008797653958944274,-0.04484304932735428,0.12078019504876214,0.0,-0.014250089063056692,-0.153184165232358,0.014084507042253502,
2012-09-30,0.03126458030723178,,0.026916336019084275,,0.04263035663156556,0.05650239478738661,1.3355817875210794,1.3355817875210794,1.2999999999999998,1.4210526315789473,0.24255917506444802,0.17983574058340412,0.37089201877934275,1.8105263157894735,0.16132930513595167,-0.07244383310408065,0.1272166538164996,0.14488636363636354,0.050387596899224674,-0.07981220657276988,0.06626506024096379,0.0,0.011203469461510629,0.12398373983739841,0.01388888888888884,
2012-12-31,-0.03135390301886953,,-0.011081678489099023,,-0.08354438104537276,0.05030491312852381,-0.10072202166064981,-0.10072202166064981,-0.08695652173913049,-0.10869565217391308,-0.9507732930969446,-2.35837734037446,5.908675799086758,-1.4906367041198503,-0.06815816857440171,0.08452792881858628,-0.01641586867305056,-0.017369727047146344,-0.08210332103321039,0.030612244897959107,-0.07595731324544874,0.28959276018099556,-0.05396711937097931,-0.0452079566003617,0.027397260273972712,
2013-03-31,0.03740080283061675,,0.02792475895419977,,0.06372565340436154,-0.0278039482044653,0.23885989562424736,0.23885989562424736,0.2142857142857144,0.24390243902439024,26.666666666666668,-2.0083053543028804,-0.6359881031064112,4.259541984732825,-0.3847012841987716,0.06517775752051036,0.05076495132127956,0.04292929292929304,0.06432160804020115,0.1633663366336633,0.07269021739130421,0.0,0.025311673592746553,0.03409090909090917,0.01333333333333342,
2013-06-30,0.01267016373946106,,0.00957227886694989,,0.020986572349682264,0.035247453348958846,0.051847051198963046,0.051847051198963046,0.05882352941176472,0.05882352941176472,-0.4251488713474588,-0.3810024535576586,-0.6613708579210168,-0.806966618287373,-0.12068965517241381,0.07787762088147199,0.20450033090668418,0.20096852300242118,0.026440037771482405,0.012765957446808418,0.01583280557314759,0.0,0.00810611643330894,0.18315018315018317,0.013157894736842035,
2013-09-30,0.027980269946061176,,0.023005098770636057,,0.04118702003402874,-0.015739289446185967,-0.2840418977202711,-0.2840418977202711,-0.2777777777777778,-0.2777777777777778,0.47145266200915437,0.45328425821064555,0.2506702412868633,-1.300751879699248,0.04127966976264186,0.04009527590313611,-0.047252747252747196,-0.05040322580645151,0.04139834406623755,0.0126050420168069,-0.14900249376558594,0.0,0.012792397660818633,-0.04798761609907132,0.0,
2013-12-31,-0.004108711529281162,,0.02835806573607358,,-0.08878779848658835,0.021564594253865144,0.2900172117039588,0.2900172117039588,0.3076923076923077,0.2564102564102564,-0.7513097576948264,-1.1570231833235924,1.7717041800643085,-7.45,-0.2556987115956393,0.0370229007633589,0.03806228373702414,0.027600849256900206,-0.08127208480565373,-0.004149377593361092,0.07619047619047614,0.26140350877192975,-0.08480692890653196,0.04227642276422783,-0.025974025974025983,
2014-03-31,-0.003802000966888208,,-0.018766432292095514,,0.04024557718717192,0.01922577292803318,0.07171447631754502,0.07171447631754502,0.05882352941176472,0.10204081632653073,3.3489137590520075,3.1811414392059554,2.776488785769528,-1.8372093023255816,0.2876165113182423,-0.08317997791682008,0.008888888888888946,0.0020661157024794985,0.04615384615384621,0.0,-0.1211708645336963,0.0,0.04416403785488954,-0.0031201248049922414,0.01333333333333342,
2014-06-30,0.04677282709723052,,0.044006757361496396,,0.05445283136085477,0.007201121590619364,-0.08683473389355745,-0.08683473389355745,-0.07407407407407418,-0.09259259259259267,-0.4238570996064184,-2.9323442136498516,-1.3065738275650216,0.36111111111111116,0.3040330920372285,-0.008028904054596553,-0.03634361233480188,-0.04123711340206193,0.05514705882352944,-0.054166666666666585,-0.02323780015491872,0.0,0.007175226586102701,-0.03442879499217533,-0.013157894736842146,
2014-09-30,0.018595276728991417,,0.017531545530045323,,0.021519472102751402,0.005188231572287316,0.009202453987730008,0.009202453987730008,0.0,0.020408163265306145,0.6192853389385182,-0.21621621621621623,-1.4726118904475618,-2.207482993197279,-0.28152260111023,-0.012140833670578721,0.05028571428571427,0.04086021505376336,0.025261324041811806,-0.06167400881057272,0.013481363996827866,0.0,0.0029996250468691255,0.04213938411669371,0.0,
2014-12-31,-0.005338270462084349,,-0.006934973434365221,,-0.0009660721237725323,0.08604519418392398,0.25025329280648423,0.25025329280648423,0.26,0.24,-0.8895018659743631,-0.9759012539184952,-0.7406360424028269,-1.5014084507042254,0.19646799116997782,0.05858254813600983,0.02883569096844396,0.04338842975206614,-0.000849617672047609,0.032863849765258246,0.0007824726134584292,0.09596662030598035,0.004485981308411047,0.02799377916018675,0.01333333333333342,
2015-03-31,0.04238858986489635,,0.043469961291690895,,0.03944519816413128,-0.05426760944322084,-0.20151269584008646,-0.20151269584008646,-0.2063492063492064,-0.19354838709677413,10.323054331864904,55.61788617886179,1.212534059945504,-1.3876404494382022,-0.06365313653136528,0.02786377708978316,-0.046536224219989486,-0.0435643564356436,0.04336734693877542,0.027272727272727115,-0.03440187646598902,0.0,-0.0029772981019723366,-0.030257186081694476,-0.013157894736842146,
2015-06-30,0.09015762238334557,,0.09310527064658425,,0.021924769852400106,0.07925969807774802,0.22902571041948572,0.22902571041948572,0.24,0.24,-0.14550641940085596,-0.35381964388282594,-0.42610837438423643,-24.52173913043478,1.599014778325123,0.03426204819277112,0.034387132556849664,0.01656314699792949,0.023634881825590925,-0.008849557522123686,0.0542510121457489,0.0,-0.06233669279581955,0.02808112324492984,0.0,
2015-09-30,0.021525924611489167,,0.02413183952396447,,0.013886246908883404,-0.00179811860011736,-0.23396641893751724,-0.23396641893751724,-0.22580645161290325,-0.24193548387096775,0.10714827743208377,0.5840000000000001,0.8390557939914163,-1.4269870609981516,-0.2626990144048522,0.07244266472515482,-0.03163538873994631,-0.048879837067209775,0.01671974522292996,0.049107142857142794,0.009984639016897168,0.0,-0.007563694267515908,-0.03793626707132025,-0.013333333333333308,
2015-12-31,-0.0038650409219976867,,0.00158419616797012,,-0.023130528008576734,0.024195077553187394,0.18720804886812803,0.18720804886812803,0.16666666666666674,0.19148936170212782,-0.8171350239890336,-0.9092312008978676,-0.5414235705950992,-1.4314574314574315,0.15372750642673516,0.08689748811948417,-0.042081949058693335,-0.06423982869379008,-0.023492560689114983,0.0680851063829786,0.10190114068441058,0.11294416243654815,-0.019253910950661868,-0.04100946372239744,-0.027027027027027084,
2016-03-31,0.030258926265874786,,0.028520280987990088,,0.03710867835487153,0.028899914836894247,-0.2185230024213075,-0.2185230024213075,-0.2142857142857143,-0.2142857142857143,5.180659670164918,2.857805255023184,14.0,-1.4849498327759196,-0.06461675579322634,0.008744534665833692,-0.04161849710982646,-0.059496567505720965,0.04009623095429027,0.031872509960159334,0.03657694962042779,0.0,0.006543967280163709,-0.05921052631578949,0.0,
2016-06-30,0.040251809801572724,,0.04237187311351298,,0.03645550867074965,0.047107512370670346,-0.26065065840433777,-0.26065065840433777,-0.25,-0.25,-0.114251061249242,1.9627403846153846,-0.8878710771840543,4.186206896551724,-0.35826584087660795,0.032198142414860964,-0.15319662243667076,-0.15815085158150854,0.03855050115651504,-0.007722007722007707,0.06191744340878835,0.0,-0.00365704997968308,-0.16083916083916083,0.0,
2016-09-30,0.05202420661989726,,0.05908462582273355,,0.03308021185629517,0.019882116405753214,0.04085908852802511,0.04085908852802511,0.030303030303030276,0.030303030303030276,-0.03491715733260303,0.5350912778904666,-7.644478063540091,-1.1196808510638299,0.06458797327394206,-0.027894421115777,-0.0947293447293448,-0.10404624277456642,0.03489235337787666,-0.06225680933852129,0.12915360501567408,0.0,-0.01794453507340954,-0.10208333333333341,0.0,
2016-12-31,-0.005749417027554382,,-0.0026702749305489437,,-0.016998776977528496,0.03278854254422914,0.9285354806240564,0.9285354806240564,0.9411764705882353,0.9117647058823528,-0.37244608399545975,-0.7003171247357294,-1.0774134790528234,6.566666666666666,0.4748953974895398,0.027460660290034022,0.03147128245476005,0.02580645161290329,-0.017216642754662836,-0.008298755186721962,0.10716268739589108,0.07753705815279366,-0.011627906976744096,0.020881670533642538,0.0,
2017-03-31,0.041373120933363206,,0.032285175713479664,,0.07110630757436764,0.03133972853040978,0.10725469728601245,0.10725469728601245,0.10606060606060597,0.12307692307692308,1.5295048609541038,0.9476778365667256,12.329411764705883,-0.9559471365638766,0.014184397163120588,0.14054054054054044,0.1266209000762777,0.12578616352201255,0.07080291970802932,0.15899581589958145,0.08224674022066192,0.0,0.02857142857142847,0.12500000000000022,0.0,
2017-06-30,0.05398658450754801,,0.05439763660471275,,0.05498128571260952,0.044924624705379834,-0.13363186424699502,-0.13363186424699502,-0.136986301369863,-0.136986301369863,-0.17956739363603857,0.8711137941442801,-1.5922330097087378,-18.833333333333332,-0.2494172494172494,0.10110584518167465,0.10832769126608,0.1089385474860336,0.0545330606680301,0.028880866425992746,-0.05468025949953659,0.0,0.001225490196078427,0.11111111111111116,0.0,
2017-09-30,0.061128706070897154,,0.07164524846947207,,0.033131290663404256,0.02817263878165832,-0.39064200217627854,-0.39064200217627854,-0.38095238095238093,-0.39682539682539686,0.27453971020808376,-0.19591869656396188,-1.407973174366617,-2.194392523364486,0.39689440993788816,0.10712577714012417,-0.016493585827733748,-0.02015113350125952,0.03232062055591478,0.04912280701754401,-0.03431372549019607,0.0,-0.026519787841697284,-0.016363636363636358,0.0,
2017-12-31,-0.005943605102150862,,-0.00797049236575742,,-0.0004951880638146555,0.04829353043375839,1.572767857142857,1.572767857142857,1.5384615384615383,1.5789473684210527,-0.5297033934524318,-0.4910221687230414,-0.9397260273972603,-0.4444444444444444,0.22409959982214311,0.13455723542116638,0.09627329192546585,0.09768637532133684,-0.00125234815278652,0.10033444816053505,0.11573604060913723,0.11851851851851869,0.005448449287510426,0.09611829944547123,0.0,
2018-03-31,0.06794879745330884,,0.0546749352360727,,0.11183870411855934,0.04358268490687944,0.24587888252646195,0.24379663369772686,0.24242424242424243,0.24489795918367352,2.1753907669938206,3.297595585337012,-54.75757575757576,-3.2169014084507044,-0.2858699600435888,0.08071578145821445,0.14220963172804546,0.135831381733021,0.05830721003134798,0.0820668693009119,-0.05050045495905364,0.0,-0.00875364735306372,0.13659359190556497,0.0,
2018-06-30,0.049178701649371215,,0.05414268614622797,,0.06563856168629889,0.07912410330951136,-0.019220055710306383,-0.0269252232142857,-0.024390243902439046,-0.024590163934426257,-0.006238910194035885,-0.18572869852334217,-0.9985907553551296,-0.50571791613723,-0.19786368260427267,0.08226175797075919,0.1294642857142858,0.12989690721649483,0.06872037914691953,0.022471910112359605,-0.08289410637278394,0.0,0.018923465096719827,0.11869436201780403,0.0,
2018-09-30,0.050277306951699074,,0.04115789637418521,,0.07799432768525927,0.05959092042903458,0.31837546151661456,0.32143369175627234,0.3166666666666669,0.3193277310924372,-0.010367469185577738,-0.04235188105429155,-106.6,-0.10025706940874035,-0.22194039315155356,0.05712890625,0.2481335090030743,0.2645985401459854,0.08037694013303764,-0.01098901098901095,-0.09979101358411702,0.0,0.02971522905489077,0.24403183023872677,0.0277777777777779,
2018-12-31,0.022644185694179475,,0.06188690520654361,,-0.08744561001113094,-0.05422679441606437,-0.7148858250753986,-0.7201909515026581,-0.7215189873417722,-0.7197452229299364,-0.3695146083110231,-0.014820042342978068,-11.306818181818182,0.36285714285714277,-0.3887530562347188,0.0038491147036181506,-0.13124560168895139,-0.14574314574314573,-0.09235505387378129,-0.06944444444444442,-0.236796285548462,0.23746452223273407,-0.11142284569138272,-0.1353944562899786,-0.027027027027027084,
2019-03-31,0.04885238862050456,,0.027567131043060078,,0.1395424051451699,0.15742181180072423,3.074046089913109,3.155486622721985,3.1818181818181817,3.159090909090909,0.7248223022246838,-0.8344078319006686,-3.7699375229694967,-2.7547169811320753,1.116,0.011349693251533566,0.0846496557310652,0.09121621621621623,0.14584511023176927,0.11343283582089558,0.13460076045627378,0.007645259938837912,0.09291835814163285,0.07398273736128225,0.01388888888888884,
