Quarter end,Assets,Current Assets,Liabilities,Current Liabilities,Shareholders equity,Revenue,Earnings,Earnings available for common stockholders,EPS basic,EPS diluted,Cash from operating activities,Cash from investing activities,Cash from financing activities,Cash change during period,Cash at end of period,Price,ROE,ROA,Book value of equity per share,P/B ratio,P/E ratio,Cumulative dividends per share,Equity to assets ratio,Net margin,Asset turnover,Current ratio
1997-03-31,-0.03831933660803888,-0.1438660990712074,0.23445318084345956,0.23744207599629297,-0.08562132011155876,0.04447232678098434,-1.1276051188299818,-1.1276051188299818,-1.1304347826086956,0.0,-4.2669172932330826,-0.870701754385965,4.0,-0.9986653319986654,-0.2742998352553542,-0.08791208791208793,-0.4577020202020202,-0.055256064690027085,-0.0746268656716419,0.12096774193548376,-0.606957424714434,inf,-0.04916686223891098,2.121387283236994,0.0,-0.3081339712918659
1997-06-30,-0.03831933660803888,-0.1438660990712074,0.23445318084345956,0.23744207599629297,-0.08562132011155876,0.04447232678098434,-1.1276051188299818,-1.1276051188299818,-1.1304347826086956,0.0,-4.2669172932330826,-0.870701754385965,4.0,-0.9986653319986654,-0.2742998352553542,-0.08791208791208793,-0.4577020202020202,-0.055256064690027085,-0.0746268656716419,0.12096774193548376,-0.606957424714434,inf,-0.04916686223891098,2.121387283236994,0.0,-0.3081339712918659
1997-09-30,0.01743786901002342,0.02832711794176368,0.060220034742327844,0.09706411024565598,0.007421967668688856,0.04447232678098434,-1.1276051188299818,-1.1276051188299818,-1.1304347826086956,0.0,-4.2669172932330826,-0.870701754385965,4.0,-0.9986653319986654,-0.000504477235464762,0.03614457831325302,-0.4577020202020202,-0.055256064690027085,0.0,0.12096774193548376,-0.606957424714434,inf,-0.009872886585215346,2.121387283236994,0.0,-0.06266817553124604
1997-12-31,-0.020971659919028385,-0.028828894831312457,-0.12561441835062803,-0.12561441835062803,0.004810603512076961,0.006006406833956257,-0.335243553008596,-0.335243553008596,-0.33333333333333326,0.0,-0.8515535097813579,-0.2401628222523745,-0.3642857142857143,64.0,-0.03280757097791798,0.06976744186046524,-0.4577020202020202,-0.055256064690027085,0.016129032258064502,0.06474820143884896,-0.606957424714434,inf,0.02629938925588937,2.121387283236994,0.0,0.11069675099938281
1998-03-31,0.1280015438480413,0.09112854556427274,1.104153653966271,1.104153653966271,-0.081288292209314,0.1959665649462652,-11.612068965517242,-11.612068965517242,-11.25,0.0,10.705426356589147,0.36964285714285716,-1.3820224719101124,-2.4942307692307693,0.050684931506849384,-0.010869565217391353,-0.4577020202020202,-0.055256064690027085,-0.09523809523809534,-0.027027027027027084,-0.606957424714434,inf,-0.18545057080398353,2.121387283236994,0.0,-0.481436749679944
1998-06-30,-0.10976146250855412,-0.16333655973451322,-0.42589981447124303,-0.42589981447124303,0.04547939215043173,-0.19846904814732635,-0.7550771730300568,-0.7550771730300568,-0.7560975609756098,-3.5,-0.8397350993377484,4.647979139504563,-0.5588235294117647,-6.244530244530244,-0.25299559197864285,0.27472527472527464,-0.4577020202020202,-0.055256064690027085,0.01754385964912286,0.41666666666666674,-0.606957424714434,inf,0.17429551215148353,2.121387283236994,0.0,0.4573318427426869
1998-09-30,-0.02133150308853804,-0.017601123827624687,-0.09811271975180968,-0.09811271975180968,-0.0006274181742130791,0.09771626297577862,-1.1044776119402986,-1.1044776119402986,-1.1,-1.1,1.21900826446281,-0.906971375807941,-6.4,-1.0130061349693251,0.004404920212766061,-0.31034482758620685,0.12456344586728751,-0.055256064690027085,-0.017241379310344862,-0.32352941176470595,-0.606957424714434,inf,0.02120365667851698,2.121387283236994,0.024096385542168752,0.08927315732276431
1998-12-31,0.04561265709156204,0.08537662446902461,0.1850365486598824,0.1850365486598824,0.011684280283213111,0.11297440423654015,4.857142857142857,4.857142857142857,5.0,5.0,1.74487895716946,-1.0794044665012408,-0.5802469135802469,26.77358490566038,0.12180388911874229,-0.36250000000000004,-0.04244306418219468,-0.055256064690027085,0.01754385964912286,-0.35507246376811585,-0.606957424714434,inf,-0.0324505781424842,2.121387283236994,0.03529411764705892,-0.08409871181666129
1999-03-31,0.07898266888447703,0.11287635137753327,0.2764876632801161,0.2764876632801161,0.022684961732055475,0.11396850572108308,1.0460704607046072,1.0460704607046072,1.0,1.0,-0.2578018995929444,-12.1875,1.8529411764705883,-0.5658967391304348,0.04713432175260013,0.03921568627450989,-1.2172972972972973,-1.2225392296718973,0.034482758620689724,0.022471910112359605,-0.606957424714434,inf,-0.05217167823181701,2.121387283236994,0.022727272727272707,-0.12818376958318656
1999-06-30,0.020388880600725967,0.03342618384401108,0.0070115595982565004,0.0070115595982565004,0.0251483279395901,-0.0743415031018001,-0.017218543046357615,-0.017218543046357615,0.0,0.0,1.6462522851919563,0.2039106145251397,-1.041237113402062,2.8622848200312987,0.17385178923640465,0.2264150943396226,2.2587064676616917,2.2051282051282053,0.016666666666666607,0.18681318681318682,-0.606957424714434,inf,0.004609544468546556,2.121387283236994,0.03333333333333344,0.02623842422460676
1999-09-30,0.027096837077830394,0.05114555256064679,0.03500188182160335,0.03500188182160335,0.024334100624794575,0.06668863985937157,-0.005390835579514808,-0.005390835579514808,0.0,0.0,-1.0055267702936097,-0.016241299303944357,-0.5,-1.1774716369529985,-0.026284205472875688,0.3538461538461537,0.3221374045801526,0.2959999999999998,0.032786885245901676,0.33333333333333326,-0.606957424714434,inf,-0.0026990553306340814,0.2870370370370372,0.0,0.015612690682518027
1999-12-31,-0.008256227758007162,-9.616001025702925e-05,-0.06963636363636361,-0.06963636363636361,0.013418940609951857,-0.09280049438665161,-0.35636856368563685,-0.35636856368563685,-0.33333333333333326,-0.33333333333333326,-24.3125,-0.14622641509433965,-29.5,-0.8949771689497716,-0.002834956243066733,-0.03409090909090917,0.019630484988452768,0.012345679012345734,0.015873015873015817,-0.06249999999999989,-0.2870981946279172,inf,0.021921515561569516,0.04172661870503602,-0.021505376344086002,0.07474790212255833
2000-03-31,0.05583464905985358,0.07020355826254199,0.1777408637873754,0.1777408637873754,0.016313988849467886,-0.006130790190735702,0.15578947368421048,0.15578947368421048,0.0,0.0,-0.02680965147453085,0.6077348066298343,-0.38596491228070173,4.521739130434782,-0.015698393077873907,0.8705882352941179,-0.0939977349943375,-0.09756097560975618,0.015625,0.8370370370370368,0.7856701667696107,inf,-0.037473516949152574,-0.04972375690607744,-0.05494505494505497,-0.09133258972508362
2000-06-30,-0.03027007431575135,-0.03747191852628429,-0.16950136895378742,-0.16950136895378742,0.022036592587974857,0.05803061457619374,0.1384335154826959,0.1384335154826959,0.25,0.25,-1.022038567493113,0.1477663230240549,-3.342857142857143,1.3385826771653542,-0.03729750094185613,-0.14465408805031443,-0.06499999999999995,-0.05574324324324331,0.01538461538461533,-0.15725806451612911,-0.059149083362158406,inf,0.053927637914431115,-0.050872093023255904,0.0,0.15900064986641627
2000-09-30,0.04443925233644852,0.06581813655318358,0.11888111888111896,0.11888111888111896,0.021713937175968256,0.04329518462535087,0.1903999999999999,0.1903999999999999,0.19999999999999996,0.19999999999999996,-223.625,-0.28742514970059885,-1.3902439024390243,-3.143097643097643,0.08302895903991647,-0.24264705882352944,-0.014705882352941235,-0.012522361359570633,0.030303030303030276,-0.25358851674641136,-0.20294117647058818,inf,-0.021668189531392712,0.004594180704441175,-0.023255813953488413,-0.04744252694536166
2000-12-31,0.007963849492192754,0.02119769920289638,0.10633928571428575,0.10633928571428575,-0.024923885141185598,0.06933664493428537,0.2983870967741935,0.2983870967741935,0.3333333333333335,0.3333333333333335,-0.33352049410443574,-0.30042016806722693,55.28125,-1.743912018853103,-0.057031014754591935,-0.0873786407766991,0.19402985074626855,0.18297101449275366,0.0,-0.11538461538461553,-0.08717712177121772,inf,-0.03268845897264849,0.15701219512195097,0.023809523809523725,-0.07694823244710425
2001-03-31,-0.003883882995250554,0.006204431736954952,-0.1125817125332903,-0.1125817125332903,0.03734655768818684,0.0333881738120585,0.21532091097308492,0.21532091097308492,0.1875,0.25,1.654591406908172,0.13213213213213204,-1.0216546363131593,-3.9704329461457233,0.17965257376421007,0.25531914893617014,0.20113636363636367,0.21133231240428807,0.04411764705882337,0.26086956521739135,0.03688731682668012,inf,0.04137931034482767,0.15810276679841917,0.04651162790697683,0.13384822504074267
2001-06-30,0.035380879174743196,0.04915889974994325,0.02719170607493626,0.02719170607493626,0.03803818573494255,0.021633264656302664,0.07155025553662697,0.07155025553662697,0.10526315789473673,0.0,-0.41478895588702,0.039787798408488007,-0.20512820512820518,-0.47280483469605405,0.08028801905689997,0.3220338983050848,0.1589403973509933,0.1567635903919089,0.028169014084507005,0.26436781609195403,0.04873294346978563,inf,0.0025165562913906925,0.13310580204778133,0.022222222222222143,0.02140357455318087
2001-09-30,0.03772245056056467,0.04593467309463195,0.03957503320053113,0.03957503320053113,0.03712758699113028,-0.03776698139151158,-0.10015898251192368,-0.10015898251192368,-0.09523809523809523,-0.10000000000000009,-0.18980477223427328,0.13265306122448983,4.580645161290323,-0.17532029669588667,0.061290969229227166,-0.019230769230769273,0.07020408163265301,0.0721311475409836,0.041095890410958846,-0.045454545454545525,-0.16356877323420072,inf,-0.000528471396485708,0.07228915662650626,0.0,0.006118266083392054
2001-12-31,0.02117203052422023,0.028717178517789543,-0.044285470958950746,-0.044285470958950746,0.042240008771448956,0.05201486138896838,0.2217314487632509,0.2217314487632509,0.21052631578947367,0.22222222222222232,0.7469879518072289,0.23198198198198194,-0.09248554913294793,0.8152085036794767,0.10483071256551924,0.1568627450980391,0.05110602593440139,0.06829765545361877,0.026315789473684292,0.10952380952380958,0.06333333333333346,inf,0.020621282220753656,0.07397003745318353,-0.010869565217391353,0.076378120344188
2002-03-31,0.05884861407249464,0.07966873914466222,0.0776153983247192,0.0776153983247192,0.053309838781790075,0.08421624558543872,0.08098336948662332,0.08098336948662332,0.04347826086956519,0.2272727272727273,-0.13026819923371646,0.20475319926873858,1.7707006369426752,-0.07837837837837835,0.08744710860366722,0.09604519774011289,0.021044992743105784,0.0257633587786259,0.0512820512820511,0.06866952789699576,0.013584117032392706,inf,-0.005180676078228252,0.03400174367916309,0.0,0.0018926019039011699
2002-06-30,0.050879312659417364,0.05961484659143901,0.08186554204911922,0.08186554204911922,0.04152309612983762,0.027896099557337406,0.08762541806020074,0.08762541806020074,0.12500000000000022,-0.03703703703703709,0.6215859030837005,-0.5462822458270107,-0.9149425287356322,0.6710654936461389,0.13437880753055853,0.04123711340206193,0.0255863539445631,0.026046511627906943,0.03658536585365857,-0.012048192771084487,-0.042783505154639134,inf,-0.008983205311808407,0.03709949409780777,-0.01098901098901095,-0.02055373858125642
2002-09-30,0.0330863566683699,0.03791062509626175,-0.0030574027363754475,-0.0030574027363754475,0.04442260206650195,0.055821889981311434,0.05166051660516602,0.05166051660516602,0.03703703703703698,0.03846153846153855,-0.5797337679978267,1.8561872909698995,5.513513513513513,-0.726820707809301,0.03236088975122997,0.01980198019801982,0.05474705474705477,0.05893019038984604,0.04705882352941182,-0.016260162601625994,-0.04577275175013473,inf,0.011035207566999494,0.04552845528455274,0.011111111111111072,0.041106537321166314
2002-12-31,0.1037820841208994,0.12532858475366737,0.2960975235758645,0.2960975235758645,0.046205756782812246,0.10820378636293682,0.13157894736842102,0.13157894736842102,0.1428571428571428,0.11111111111111094,1.4996767937944409,-0.41920374707259955,-1.0871369294605808,2.5867237687366167,0.11243119881863328,0.2233009708737863,0.04073587385019728,0.02482876712328763,0.04494382022471921,0.16942148760330578,0.1151241534988714,inf,-0.05210498960498955,0.017884914463452528,0.0,-0.13177758730334277
2003-03-31,0.08190896869598618,0.10741466355210605,0.18716356107660448,0.18716356107660448,0.0428706202417779,0.04638888888888881,-0.08837209302325577,-0.08837209302325577,-0.12499999999999989,0.03333333333333344,0.05715024566847693,0.7862903225806452,-5.523809523809524,-0.01582089552238808,0.09946901586918488,0.1587301587301586,-0.004419191919191934,-0.026733500417710943,0.032258064516129004,0.10954063604240294,0.07489878542510109,inf,-0.036189170664839065,-0.01909854851031323,0.0,-0.06716346613165192
2003-06-30,0.05976154551640489,0.06535569693464427,0.08425930539638249,0.08425930539638249,0.04941829886605098,0.08216087071940525,0.2908163265306123,0.2908163265306123,0.3214285714285714,0.12903225806451601,-0.20743639921722112,-0.12076749435665912,-0.2421052631578947,-0.23172581134364578,0.06950580358367864,0.2602739726027399,0.04502219403931518,0.02145922746781115,0.05208333333333348,0.21974522292993637,0.2156308851224107,inf,-0.009671454985066053,0.01869158878504673,0.0,-0.017445036187354934
2003-09-30,0.06279835850478777,0.06490707031998477,0.09076286764705888,0.09076286764705888,0.050599414618499594,0.08193303078621361,0.057531840140535806,0.057531840140535806,0.05405405405405417,0.05714285714285716,-0.26388888888888884,0.16046213093709882,0.6111111111111112,-0.3695223055665219,0.04097393267651883,0.22282608695652173,0.04126213592233019,0.014285714285714235,0.02970297029702973,0.164490861618799,0.1336173508907823,inf,-0.01148930058882669,0.01070336391437321,0.0,-0.02369618845766308
2003-12-31,0.06535243823958181,0.06708350201670332,0.0580155887929219,0.0580155887929219,0.0686753425180322,0.03157238408343721,0.08430232558139528,0.08430232558139528,0.07692307692307687,0.08108108108108114,1.1174004192872116,0.17256637168141586,5.767241379310345,1.9899812147777083,0.11768910359105811,0.24444444444444446,0.02622377622377625,0.012427506213753103,0.06730769230769229,0.20627802690582953,0.15066621113768375,inf,0.0030509952055790546,0.01966717095310133,0.0,0.008576817680344462
2004-03-31,0.06855529667024185,0.08016355895288552,0.022339917171073642,0.022339917171073642,0.08927774305865555,0.03230946755316233,0.18881654538491,0.18881654538491,0.1428571428571428,0.30000000000000004,0.31247524752475253,-0.13584905660377355,-0.5732484076433121,0.2663874345549737,0.133346564346829,0.12321428571428572,0.07722884724588308,0.07855973813420625,0.09009009009009006,0.05390334572490718,0.04483372921615203,inf,0.019409038238702214,0.08753709198813064,-0.01098901098901095,0.056563161609033186
2004-06-30,0.07606313020604993,0.08174627952960756,0.1104662485880108,0.1104662485880108,0.061585115974100546,0.07148560174588803,0.089561855670103,0.089561855670103,0.10416666666666674,-0.019230769230769273,-0.3592335546167773,0.05676855895196509,-0.20298507462686566,-0.4135935174466677,0.06899503842786259,-0.09538950715421302,0.035846072746441804,0.03566009104704104,0.04958677685950419,-0.17107583774250434,-0.2111395282750781,inf,-0.013498152884342085,0.04979536152796715,-0.011111111111111072,-0.025882510102528178
2004-09-30,0.07843809973089177,0.08653614892491213,0.10410747483250904,0.10410747483250904,0.06713813656156398,0.05399900645802291,0.09846244825547013,0.09846244825547013,0.09433962264150941,0.0980392156862746,0.1476336237344007,-0.15392561983471076,0.9700374531835205,0.2918781725888324,0.0833803534700861,0.06678383128295251,0.03969465648854964,0.03809523809523796,0.047244094488189115,0.017021276595744705,-0.02809798270893371,inf,-0.010370156992654422,0.06302794022092262,-0.022471910112359605,-0.015907844212835864
2004-12-31,0.10377086502231903,0.10786700903134405,0.0979127616990183,0.06287130285605369,0.10643901027347713,0.04105198661450715,0.13620457604306857,0.13620457604306857,0.12068965517241392,0.1428571428571428,0.44809191629052103,0.35286935286935295,0.8250950570342206,0.508404278541803,0.11609152918248711,0.1647446457990116,0.0406265296133137,0.03952011291460833,0.09774436090225547,0.11297071129707104,0.05337286879169767,inf,0.002328627565128638,0.07212713936430326,-0.034482758620689724,0.042328595317725703
2005-03-31,-0.10432785408691736,-0.11120102299746248,0.06227032032176849,0.011956001912960312,-0.1796223158004865,0.1556501267656647,0.13503909026297078,0.13503909026297078,-0.44615384615384623,-0.40625,-0.2275432133748937,0.3357400722021662,-21.048958333333335,-3.210564399421129,-0.22993436897880537,0.35785007072135766,0.11006585136406377,0.08214528173794977,-0.17808219178082196,0.23684210526315774,0.21182266009852202,inf,-0.0840714389429359,0.03249714937286208,0.04761904761904767,-0.12169524382499408
2005-06-30,0.114378230526337,0.1214944867197949,0.1644738634196834,0.17849125708884683,0.08506161228100928,0.07451226200736505,0.05927781256522646,0.05927781256522646,0.08333333333333348,0.0,0.4011371973587674,-0.02635135135135136,-1.0080012469475763,-1.4158428805237315,0.12416678069472398,0.3333333333333335,0.09194915254237279,0.05897114178168139,0.08333333333333348,0.621580547112462,0.20383275261324063,0.0,-0.026315789473684292,0.02098288238542234,0.03409090909090917,-0.04836745566633682
2005-09-30,0.08147740398498415,0.08597257857601037,0.02704156822381809,0.020326323968019144,0.11566544727988592,0.07707452238588308,0.14167487684729063,0.14167487684729063,0.1282051282051282,0.13157894736842102,-0.2233276606885718,-0.11658570437196392,5.214285714285714,-0.1157115869017632,0.09767166878227762,0.15546874999999982,0.08963911525029111,0.06812796208530791,0.10769230769230753,0.0665417057169635,0.04920405209840806,0.0,0.031748616085965686,0.028123309897241766,0.0439560439560438,0.06434198424441151
2005-12-31,0.10083858316992789,0.10849622533547443,0.0703792278783737,0.08314910341439452,0.11844877534895981,-0.09444181165797849,-0.1689678978253366,-0.1689678978253366,-0.18181818181818188,-0.18604651162790697,0.978425754255857,-0.06598586017282015,0.6227795193312435,1.1545308883745773,0.19171181446630547,0.2792427315753889,0.0,-0.016638935108152952,0.11111111111111116,0.1546572934973638,0.15218390804597703,0.0,0.015938141076218937,-0.014203051025775792,0.0,0.023406973249173513
2006-03-31,-0.07339498218752372,-0.09764382649238201,0.06049579742525801,0.058124503912008185,-0.1474774827809502,0.3294333133971292,0.5862928348909657,0.5862928348909657,-0.2222222222222221,-0.22857142857142843,-0.5426818878855001,0.5172413793103448,-14.887314874436575,-2.4876053544868615,-0.23931249003030786,0.027484143763213398,0.10256410256410264,0.08516638465877024,-0.15000000000000002,-0.07534246575342463,0.007382282521947392,1.1315789473684212,-0.07999378689033865,0.04322305229455714,0.03157894736842115,-0.14721538969859382
2006-06-30,0.10482056819390251,0.11102397077005399,0.07771178618724672,0.07544258219383604,0.12347912552307028,0.014311823421903513,0.004058654097931491,0.004058654097931491,0.03571428571428559,0.03703703703703698,1.0443368107302535,-0.06818181818181823,-1.0202160708489822,-1.5404099316780537,0.17001310615989507,-0.1440329218106996,0.06427648578811374,0.058212058212058215,0.11764705882352944,0.007407407407407307,-0.22459893048128343,0.0,0.016883336147222483,0.03631713554987215,0.030612244897959107,0.03310517026131121
2006-09-30,0.11838354521290384,0.12546609641655948,0.037571447189588714,0.04228944955956804,0.17173939766441304,0.03839330265565222,0.08710392489242413,0.08710392489242413,0.06896551724137945,0.0714285714285714,-0.5605066520867505,0.07614515169541947,9.853211009174313,-0.20382362010484123,0.11569137019446196,0.08834134615384603,0.03429438543247332,0.034872298624754494,0.16447368421052633,-0.026960784313725505,-0.015836526181353672,0.0,0.04781670263988058,0.03405725567620932,0.0,0.07979831652637714
2006-12-31,0.08109235352532274,0.08740213838241484,0.03450627142062479,0.048661567877628986,0.10832869986676608,0.027683600736805536,0.04605973371716443,0.04605973371716443,0.032258064516129004,0.06666666666666665,0.5531826663902135,0.35876174682144835,-0.8569315300084531,-0.26284533953008005,0.07643908969210167,0.08282716731087802,0.0710093896713615,0.07498813478879929,0.10734463276836159,-0.06968933669185562,-0.007007526602647363,0.0,0.025194105530026878,0.046778042959427335,0.01980198019801982,0.03693127001890928
2007-03-31,-0.0772693035474804,-0.09683241952119859,0.030926940956081284,0.02984775275777185,-0.13631243669957505,0.17248545303408136,-0.024767801857585092,-0.024767801857585092,0.0,-0.03125,-0.1613936724068883,-0.05044751830756711,-36.937961595273265,-4.56952714535902,-0.25347593582887695,0.04895461499235099,-0.025205479452054758,-0.02207505518763797,-0.1428571428571429,-0.05324909747292417,-0.0810245687401987,0.6172839506172838,-0.06398763523956719,-0.0360237118103055,0.01941747572815533,-0.12299962783773721
2007-06-30,0.09490911262866586,0.10003906895670855,0.03789013207705905,0.038100633830246755,0.13204962409311083,-0.06876993973768164,-0.06643151087595534,-0.06643151087595534,-0.09375000000000011,-0.06451612903225812,0.5191021967526266,-0.11268209083119107,-1.1233456637895602,-1.5138357374153664,0.17446858132871323,-0.035002430724355826,-0.04777965148960095,-0.039729119638826194,0.13095238095238093,0.12678741658722603,-0.06683731513083035,0.09923664122137388,0.03385072655217969,-0.02838221381267736,-0.00952380952380949,0.05966475705495444
2007-09-30,0.029094082990871684,0.027996147883043276,-0.01475189261919041,-0.01656035747177409,0.05527857108282097,0.07408641035401597,0.21813602015113354,0.21813602015113354,0.2068965517241379,0.2068965517241379,0.014775227915749811,22.245292129406085,-2.7074308563812064,-5.161271841879118,-0.6181614445185175,-0.021158690176322548,0.005312868949232552,0.009873060648801113,0.047368421052631726,-0.13451776649746194,-0.029259372142639517,0.08333333333333348,0.025395304264494545,-0.006815968841285325,0.009615384615384581,0.045292539345640925
2007-12-31,0.05749137128788684,0.06473902413096622,0.06745972983200876,0.07398158264398313,0.051933397550571136,0.0652106498914633,0.1594292803970223,0.1594292803970223,0.17142857142857149,0.14285714285714302,0.33963238331268064,-0.9256558858353586,0.22970335675253706,-1.070971294830316,0.11489598811292723,-0.16263510036026763,0.048443922489723956,0.04562383612662946,0.05025125628140703,-0.2003910068426198,-0.19560439560439558,0.08333333333333326,-0.005140186915887801,0.014215686274509975,0.03809523809523818,-0.008620029116542804
2008-03-31,0.0465905103512807,-0.06307408146964855,0.14374894030241836,0.13381452954189466,-0.008380862679434165,0.06533582865460597,0.003388621366149369,0.003388621366149369,0.024390243902439046,0.0,-0.12132891389809608,-7.592344230231908,-0.054118393905729256,8.38667959909473,0.9673474827574717,-0.028887523048555575,0.018762251470176627,0.016473731077471188,-0.009569377990430672,-0.07579462102689483,-0.08626073380171739,0.07100591715976345,-0.05260685767966189,0.03866602223296289,-0.02752293577981657,-0.17362909147119066
2008-06-30,0.12291121186963827,0.07185576897461177,0.13302696656469415,0.1461347840947933,0.11630974891165735,0.07792004996876956,-0.012264486313544265,-0.012264486313544265,-0.04761904761904756,0.0,0.49758750767611204,-1.2971942019157412,0.2929530201342281,-0.91895429339028,0.0398502862175254,0.02784810126582271,0.024189114898295783,0.012702584318878607,0.106280193236715,0.03835978835978837,-0.036309269542930456,0.07182320441988943,-0.005784167906131121,0.007910656119125115,0.009433962264151052,-0.06481481481481477
2008-09-30,0.06683759549582002,0.10327643736368897,-0.005554630444608355,-0.01117089354722467,0.11478767824785319,0.06803201506591328,-0.055335612740687434,-0.055335612740687434,-0.050000000000000044,-0.07500000000000007,-1.0977095659305254,-1.3923274386765545,-1.7004931222424085,1.7543561410964728,0.10555546507272107,0.15886699507389168,-0.04750402576489532,-0.051038062283736974,0.09170305676855883,0.04713375796178365,0.07624113475177308,0.07731958762886593,0.0448803191489362,-0.047091412742382266,-0.009345794392523366,0.11571157115711572
2008-12-31,0.04480980156103542,-0.03397762984489572,0.010262298611360299,-0.0021237025308502577,0.06522261484098935,0.11017107204014853,0.252500238117916,0.252500238117916,0.21052631578947367,0.2432432432432432,-8.103117505995204,-6.528535078153399,-2.6841422749166357,-2.921308440055547,-0.18344136711844428,-0.06110520722635482,-0.026768103691180656,-0.02370100273473108,0.06400000000000006,-0.13990267639902676,-0.07289950576606263,0.07177033492822993,0.01956729239580013,-0.0343992248062015,0.018867924528301883,-0.0319110792398708
2009-03-31,0.02936724576307226,0.04118350094738377,0.024495353104836415,0.0025186062033271117,0.03209734025967137,0.005375769330625113,-0.136425855513308,-0.136425855513308,-0.10869565217391308,-0.15217391304347827,0.8113605671843349,-1.0015122624761654,-0.2594874051259487,-2.1847092836492132,0.26614707368117196,0.17034521788341817,-0.07064273306311519,-0.0569561157796451,0.02631578947368407,0.09900990099009888,0.12705464238116382,0.06696428571428559,0.0026525198938991412,-0.0577019568489715,0.0,0.038564814814814774
2009-06-30,0.019252295529551766,0.025343106238346236,-0.01090900686435392,-0.010036553655993652,0.0360294921159372,0.012258662332335746,-0.08893976752377597,-0.08893976752377597,-0.12195121951219512,-0.07692307692307698,-0.2771073109361166,-135.30434782608697,-0.23039215686274506,-0.508947939262473,0.10322029068110572,0.2746615087040618,-0.07196261682242988,-0.05396039603960401,0.03296703296703285,0.24324324324324342,0.28261726448561286,0.06276150627615062,0.016339869281045916,-0.06017039403620872,0.0,0.035750902688004293
2009-09-30,0.04401001774989677,0.0904295115091609,0.050928846827900554,0.06381169902296668,0.04033579033579038,0.07593265103994717,0.14247052000773253,0.14247052000773253,0.13888888888888884,0.13888888888888884,-0.5250096686863478,0.04370346390417601,0.18509940165991123,-1.2754003313086693,-0.025767203967761887,0.09066767830045519,-0.013427324605572388,-0.0047095761381474865,0.03900709219858167,0.05590062111801242,0.11831591886908432,0.059055118110236116,-0.0035216659010870455,-0.0192634560906515,0.0185185185185186,0.025005379814934336
2009-12-31,0.041141672683233654,0.03037951861534305,0.053374690102169,0.05942341869535661,0.03457921072563863,0.04552428240676165,0.1126903553299492,0.1126903553299492,0.12195121951219523,0.12195121951219523,1.298412267607545,0.6569478908188586,0.28876221498371346,-2.8456140350877193,0.048814116586458844,0.07513043478260872,-0.0343654304185097,-0.03259726603575186,0.03412969283276435,0.03431372549019618,0.04863973619126116,0.055762081784386686,-0.006299938537185024,-0.034084344309647685,0.0,-0.0274185421565335
2010-03-31,0.15643443279981817,0.0703849518810149,0.2864485488126649,0.14033843347856934,0.08542061785543398,0.047370667805021194,-0.006919099756691027,-0.006919099756691027,0.0,-0.021739130434782594,-0.09074806636358268,-0.5713216023961063,-0.03829141918362189,0.4937533948940793,0.0695225695541708,-0.030410870268521517,-0.012684989429175397,-0.028804347826086985,0.07590759075907583,-0.06255924170616112,-0.03039832285115296,0.052816901408450745,-0.06138858821710236,-0.0083732057416267,-0.018181818181818188,-0.06134783922635245
2010-06-30,0.03109162421819578,0.04220305965371152,0.031519964558498925,0.03806054143711868,0.0308143332855344,0.05621998904639991,-0.07419033764642835,-0.07419033764642835,-0.08695652173913049,-0.06666666666666676,0.2575324675324675,0.49475982532751095,-0.03469119579500657,0.5630909090909091,0.10160617413811446,0.02402402402402415,-0.01106352605281935,-0.02909904868494695,0.030674846625766916,-0.04853387259858444,-0.012432432432432416,0.050167224080267525,-0.0001647446457989643,-0.01869722557297948,-0.0092592592592593,0.004001471805721746
2010-09-30,0.026964830656861283,0.031252859290242574,0.010013282113685351,0.01205999562492277,0.03794611805802428,-0.017726434092635746,0.11065167052596747,0.11065167052596747,0.09523809523809534,0.09523809523809534,-0.10440979035422904,-1.920537540169442,-0.06738361012796079,0.5870652553216238,0.1463822847824221,-0.020853698273053167,-0.013713460844460568,-0.02766570605187324,0.03571428571428581,-0.04994686503719459,-0.05473453749315815,0.047770700636942554,0.010710166419508838,0.0006146281499692652,-0.028037383177570097,0.018965596225204884
2010-12-31,0.07626473597038186,0.09486327992969645,0.11435366007307546,0.1046903927299383,0.05225458660948301,0.12784659390844255,0.30536113179449,0.30536113179449,0.3043478260869563,0.3043478260869563,0.36041282287822884,-2.390034909552523,0.14523427236899722,-0.16673995895631777,0.10639950585857072,0.08319467554076532,0.0318331503841931,0.014226437462952157,0.051724137931034475,0.045861297539149914,0.05298204979733634,0.045592705167173175,-0.022334528855559088,0.029484029484029506,-0.019230769230769273,-0.008901676932068558
2011-03-31,0.07125661603917433,0.08973107304517614,0.0883446160803878,0.1623748394286637,0.059849138846039596,0.05700384234415656,0.05829673150419268,0.05829673150419268,0.08333333333333348,0.06666666666666665,-0.5863954227590591,0.3541095890410959,-0.30767269946469533,-1.1410854076875714,-0.013567809441638934,0.1754224270353304,0.050000000000000044,0.04324956165984806,0.051912568306010876,0.11764705882352944,0.09018421776189167,0.04941860465116288,-0.010672002668000613,0.03997613365155139,0.0,-0.0624631435699704
2011-06-30,0.05703141917050014,0.05998002790427548,-0.027691928111365005,-0.03715711818261658,0.11511105176481062,0.034332907690406644,0.023176844715140366,0.023176844715140366,0.0,0.015625,1.2064760733681728,0.38509526218175694,0.08265832106038284,-5.636533665835412,0.06377286330466392,0.10350235232618932,0.04120229652144558,0.050420168067226934,0.11168831168831184,0.04976076555023945,0.0045397225725094525,0.049861495844875314,0.05494690712961403,0.05966724039013194,0.0,0.1008805883491386
2011-09-30,0.04107843700581837,0.02309809843250976,-0.01391643461479386,-0.0276529921936165,0.07395063305286342,0.07160351247486108,0.07970289206131809,0.07970289206131809,-0.46153846153846156,-0.46153846153846156,-0.27659870895834304,0.020572124163116268,-0.06954599557898311,-0.7685894850073954,0.013872990794331574,0.039317858834675645,0.025300032435938924,0.04053333333333331,0.06775700934579443,-0.06563354603464,-0.06251569168968107,0.04485488126649084,0.031474676465889084,0.030319436924742815,0.009803921568627416,0.05216894475453793
2011-12-31,0.060303412794018074,0.042397288454379733,0.07933390669547014,0.08043245440545332,0.04985895286907338,0.047670810338740655,0.029713114754098324,0.029713114754098324,0.028571428571428692,0.028571428571428692,0.5813057713295242,0.4113788167938932,0.7412280701754386,0.9006391632771644,0.02600675809978137,-0.06221513217866914,-0.024675735526731968,-0.009226037929267017,0.04814004376367609,-0.12195121951219512,-0.1489019817889663,0.045454545454545414,-0.00975836431226762,-0.005254860746190193,-0.009708737864077666,-0.035213032581453696
2012-03-31,-0.0034038238702202017,-0.02042727813801959,-0.08913804570152217,-0.06351204688517476,0.04497051056026402,-0.033441227331175494,-0.2858090499881545,-0.2858090499881545,-0.2777777777777777,-0.3055555555555556,-0.3892497564144203,-0.4530550156342432,-0.6668765743073048,0.6502598593702231,0.04183004510019672,-0.017982989064398547,-0.10541680181641266,-0.07863424728401447,0.039665970772442716,-0.06222222222222229,-0.06167400881057272,0.04106280193236711,0.04849053652432356,-0.07025884838880092,-0.009803921568627416,0.046023293068363946
2012-06-30,0.04476191773853655,0.0067378936966957514,0.057385913552608914,0.054453303665245034,0.03855313930285886,0.08534414738425977,0.028129768460160465,0.028129768460160465,0.0,0.040000000000000036,0.3188646636532837,1.284919653893696,2.0217391304347827,-1.8406817339755466,-0.03375383059117554,-0.15713932195001223,-0.09245830311820147,-0.07860752386299841,0.03815261044176688,-0.18957345971563977,-0.11099932930918843,0.04176334106728552,-0.005967477248993047,-0.084090909090909,0.00990099009900991,-0.04524006622516541
2012-09-30,-0.007418549198696667,-0.028632598089042505,-0.05969147785754303,-0.05988423212192262,0.01875670756172587,-0.01832690877121801,0.012518551977802161,0.012518551977802161,0.0,0.0,-0.5557179577642256,-0.23782796862320799,0.08507976227713487,1.8345085940943147,-0.09901775129709178,-0.3649442160892543,-0.10027966440271674,-0.08714198659354055,0.01740812379110257,-0.38888888888888895,-0.33119577517917764,0.03786191536748329,0.026414527990394676,-0.08374689826302739,-0.009803921568627416,0.033250964581436504
2012-12-31,-0.035979415307128004,-0.06306041163890364,-0.1746465017354496,-0.17456569010264444,0.0281101608353318,-0.013932901625792193,-0.0041425020712509975,-0.0041425020712509975,0.0,0.0,0.836528644356211,-0.25880578475734184,1.2269626213125782,0.1926455725724947,-0.13107148654767908,-0.18723994452149795,-0.11012433392539966,-0.08077436582109476,0.024714828897338448,-0.200956937799043,-0.12239142695995486,0.03862660944205998,0.06653019447287623,-0.08530805687203791,0.00990099009900991,0.1350591591843584
2013-03-31,0.006439961837263253,0.037721888328132946,0.14162203904846637,0.1994164801858198,-0.043717259550400844,-0.028076150554536716,-1.2617432484321003,-1.2617432484321003,-1.2692307692307692,-1.2692307692307692,0.4328247575514239,1.3003351687814222,-1.0137210907835692,-1.2800990808943356,0.0422508898546734,0.08418657565415244,-0.3163672654690618,-0.3108206245461147,-0.042671614100185495,0.05988023952095811,0.18894601542416445,0.03512396694214881,-0.04990403071017291,-0.3131014063656551,0.0,-0.13480944812035633
2013-06-30,0.003985961110922975,-0.003430577884207864,-0.009477523050453684,-0.018405246046178436,0.00994955202589809,-0.015867738892133554,-4.165036674816626,-4.165036674816626,-4.142857142857142,-4.142857142857142,0.3591567511639937,-0.5246396419836603,-33.009433962264154,1.8422154991854782,0.11521806809498192,-0.043022035676810066,-0.06204379562043805,-0.05163329820864071,0.007751937984496138,-0.0028248587570621764,0.3886486486486487,0.03592814371257491,0.005916305916306097,-0.04094827586206895,-0.009803921568627416,0.01525249935913875
2013-09-30,0.05060462523127285,-0.13203580082752286,0.0898921442728089,0.046242310992774094,0.033537135928591644,0.01416976325904562,-0.21815372730784088,-0.21815372730784088,-0.22727272727272718,-0.22727272727272718,-0.6435119104259841,3.9888341543513954,0.08674722467825924,-4.717022844509948,-0.38402192670794844,0.15679824561403533,-0.14396887159533078,-0.1433333333333333,0.02499999999999991,0.15014164305948996,0.22576878162709213,0.032755298651252485,-0.016210012910629845,-0.1292134831460674,-0.01980198019801982,-0.17039094390438914
2013-12-31,-0.041841863689761616,0.02958982514396369,0.008213748152587685,-0.006193611688142475,-0.06477298255247987,-0.020048433125376963,-2.2436518130619505,-2.2436518130619505,-2.235294117647059,-2.235294117647059,1.4649879882551828,-0.8532683825949575,0.06056770927499544,-1.2045334390695215,0.12751318391562294,0.05308056872037903,-0.8118181818181818,-0.8158236057068742,-0.06566604127579734,0.027093596059113434,0.21657669101302024,0.033582089552238736,-0.023913677456984472,-0.8129032258064516,-0.010101010101010055,0.03601501471035817
2014-03-31,-0.00607221898400323,-0.016748932184763143,0.013071409753230734,-0.044450786353924854,-0.015526582683890289,0.05832583092950183,-1.4132040994677046,-1.4132040994677046,-1.4285714285714286,-1.4285714285714286,0.21534796419289637,-0.6476745924928966,-0.12461643368564612,1.26645126548196,0.2563184370470517,-0.15931593159315927,1.4734299516908216,1.443661971830986,-0.016064257028112428,-0.1007194244604317,3.4327851735839205,0.03068592057761732,-0.009560800717060114,1.4344827586206894,0.010204081632652962,0.02898550724637672
2014-06-30,-0.007363085260797431,-0.0045936748630731605,0.00848847754187565,0.0069095781605670314,-0.015419024704327544,0.023358766698783784,-0.0073062872524514155,-0.0073062872524514155,0.0,-0.11111111111111105,-0.4486189486189486,0.3671477079796266,0.045861733203505395,-0.7812678198061205,0.04462649667943186,-0.11670235546038543,-0.48828125,-0.49567723342939474,-0.01632653061224487,-0.10133333333333328,-0.6401483924154987,0.031523642732048884,-0.0079939668174962,-0.5070821529745042,0.02020202020202011,-0.011419870574800206
2014-09-30,-0.0037892077748929998,-0.00220711369722415,0.023042693449527585,0.09546904811530998,-0.01775659117505335,0.02226576416102599,-0.07999225256633735,-0.07999225256633735,-0.11111111111111105,0.0,0.3022353891731753,0.7289661595777708,0.059026161437482516,0.5711492504888116,0.06711957530534218,-0.08121212121212118,-0.6717557251908397,-0.6742857142857144,-0.016597510373444035,-0.06528189910979232,0.9083619702176404,0.028862478777589073,-0.014140185494906476,-0.6839080459770115,0.02970297029702973,-0.08918944936465145
2014-12-31,-0.0019449815613021837,0.009312038361885655,0.01308118868192798,0.01652384541642582,-0.010091772052098769,0.02410408317360746,0.4054736842105262,0.4054736842105262,0.375,0.375,-0.33963434811383186,0.22679116537978095,-0.07929670329670324,-1.185287610619469,-0.011654200730561892,-0.04353562005277045,7.790697674418604,7.649122807017543,-0.010548523206751037,-0.02857142857142858,2.108386211627508,0.02970297029702973,-0.008173966687230028,7.309090909090909,0.03846153846153855,-0.007081329598900843
2015-03-31,0.04842333881994576,0.07302354807316536,0.12906539074960133,0.11644313903346792,0.003677863087210298,0.040219082188229116,0.6091971240263632,0.6091971240263632,0.6363636363636362,0.6363636363636362,0.5065455684309428,0.3028395784543325,-0.06445144657691204,-4.994776119402985,0.047104892643435425,0.17448275862068963,0.2658730158730158,0.2454361054766736,0.002132196162046851,0.18627450980392157,-0.8694896551724138,0.027243589743589647,-0.04260612657440521,0.22100656455142254,0.0185185185185186,-0.03890574272180525
2015-06-30,-0.04262997778602928,-0.07418846877599916,-0.09066509964346459,-0.10359547084160847,-0.012647245538548346,-0.04847805090818458,-0.4078004281857954,-0.4078004281857954,-0.38888888888888884,-0.4444444444444444,-0.845875602860469,-0.17245253342321087,0.0690957338232292,-3.6403885671586025,-0.1187800963081862,-0.022900763358778664,0.05433646812957171,0.043973941368078195,-0.01276595744680864,-0.024793388429751984,-0.21834707250052854,0.02808112324492984,0.03134643495208711,0.03405017921146958,0.009090909090909038,0.032838631077638736
2015-09-30,-0.010766882367217123,-0.01300910212897255,-0.07636623481529814,-0.04080766519443524,0.026943712181286994,0.02623522477980411,0.3069789374410563,0.3069789374410563,0.27272727272727293,0.40000000000000013,1.7458861613164283,-0.19332066250339397,-0.002482100238663465,-0.5604924296023772,-0.059241457576364454,-0.12620192307692313,0.12289395441030715,0.12792511700468023,0.01724137931034475,-0.11581920903954801,-0.16333153055705774,0.025796661608497695,0.03811023622047238,0.11438474870017323,0.009009009009008917,0.028952871159723337
2015-12-31,-0.00630987155559426,-0.018123771526374788,0.0010898449325573711,-0.01687352356668792,-0.010135757938343759,-0.0664996929065399,-0.12182802164762474,-0.12182802164762474,-0.14285714285714302,-0.14285714285714302,0.31702524805973087,0.5038707505890272,0.0019140587616039983,-0.03428847392144241,-0.06081279714537691,-0.008253094910591452,0.017652250661959412,0.022130013831258566,-0.010593220338983023,-0.022364217252396124,-0.12055591467356175,0.026627218934911268,-0.003944174757281593,0.03265940902021791,-0.008928571428571397,-0.0012505862122870193
2016-03-31,0.22473984171300687,-0.26775288634889305,0.7567251540586128,0.053129409969869146,-0.053432566246051194,0.09296602638594575,-3.2352780060257462,-3.2352780060257462,-3.3333333333333335,-3.3333333333333335,0.007310159630016466,17.814794091316024,-9.515904097812589,9.913818969828304,-0.7066747258440549,0.04022191400832176,-0.8248048568950563,-0.8335588633288227,-0.05353319057815842,0.0490196078431373,0.02094818081587646,0.0,-0.22707889125799574,-0.8268072289156627,-0.03603603603603611,-0.3046903532112485
2016-06-30,-0.04844853897021417,-0.11372295384013353,-0.10123827047621958,-0.09104737070838764,0.0027804897968275455,-0.04461661142035145,-0.9603602499693665,-0.9603602499693665,-0.9642857142857143,-0.9642857142857143,-0.04228376777251186,-1.0171356517911843,-1.1866566464392674,-0.9873686461388075,-0.03043126287901088,-0.11933333333333329,-1.2425742574257426,-1.2276422764227641,-0.006787330316742168,-0.06853582554517124,4.944204463642908,0.0,0.05379310344827615,0.0,-0.03738317757009346,-0.024986868762662207
2016-09-30,-0.051845868130214634,-0.1214776748207792,-0.17676677392444284,-0.013116582994660897,0.05680682348237487,0.04059572030604319,-7.162287480680062,-7.162287480680062,-7.0,-7.0,2.359777313848295,-2.3530024297119057,1.3830899585361456,-0.875453446191052,-0.003909066757751711,-0.08478425435276316,3.183673469387755,3.178571428571429,0.04783599088838275,-0.08026755852842815,0.0,0.0,0.11462228870605817,0.0,-0.01941747572815533,-0.10974295828844083
2016-12-31,-0.03313718447737257,-0.05880299878540818,-0.14553012403253074,-0.047575982687897644,0.04301312567651361,0.005520343488039314,1.6300476548783545,1.6300476548783545,1.8333333333333335,1.8333333333333335,-0.423777961888981,0.1767573114417651,-0.42751594926494696,20.864077669902912,-0.08580355101729786,0.02481389578163773,-0.5658536585365854,-0.5726495726495726,0.03695652173913033,-0.021818181818181848,0.0,0.0,0.07884583123636979,0.0,0.00990099009900991,-0.011843015214384578
2017-03-31,0.022033653046635182,0.08876099500126089,0.017601607076947356,0.09107094411285943,0.02449370277078078,0.035325491913535734,-0.5789624260919322,-0.5789624260919322,-0.5294117647058824,-0.588235294117647,0.16498921639108555,0.2646609984739481,-0.5732282077258513,-7.074156305506217,0.5701008585479703,0.16868442292171104,-8.078651685393258,-8.6,0.02096436058700224,0.13011152416356886,0.0,0.0,0.002332452184730105,2.1130434782608694,0.03921568627450989,-0.0020995538448079776
2017-06-30,0.035264707187550925,-0.10394272557594586,0.044851288515739274,-0.17829114022409742,0.029979379956268426,-0.011051100955546289,-0.11755379388448473,-0.11755379388448473,-0.25,-0.14285714285714302,-0.5613836607357126,6.166867781416997,-2.490865930436578,-2.048029826741721,-0.38053778568205343,0.07044198895027631,0.20317460317460334,0.2578947368421054,0.01848049281314168,0.046052631578947345,-0.6763156301096106,0.0,-0.005119453924914641,0.22905027932960897,0.028301886792452935,0.09047076356623118
2017-09-30,0.04929691024251448,0.012140516789186817,0.07304761525372605,0.027082998420788762,0.036013469642379725,0.0128702586272742,1.061088295687885,1.061088295687885,1.166666666666667,1.166666666666667,0.9774894481788339,-0.2215514131088394,-0.2883350640359986,-1.2243303571428572,0.13780691605604845,0.04387096774193555,0.13984168865435342,0.15690376569037645,0.030241935483870996,0.025157232704402288,-0.15921421889616472,0.0,-0.012630594105722759,0.1636363636363638,-0.00917431192660556,-0.014551008923546882
2017-12-31,-0.02466054546161922,-0.035992188673576675,-0.09500575422816437,-0.005984550652316067,0.016088945416785627,-0.0067266433898662825,-0.8080946450809464,-0.8080946450809464,-0.8461538461538461,-0.8461538461538461,-0.2616205533596838,-0.8082437275985663,-2.5242217898832684,-1.9931592039800994,-0.1202877264339246,-0.1106304079110012,-0.35069444444444453,-0.3453887884267631,0.015655577299412915,-0.13496932515337423,-0.2552291944815309,0.0,0.04185091598231194,-0.337890625,-0.0092592592592593,-0.030184369391417776
2018-03-31,0.028664713402728026,0.10373359927696568,0.12717779223290737,0.2466493150431166,-0.02216242365604404,0.03082412785180133,-8.168721609344582,-8.168721609344582,-9.5,-9.5,0.06048926716985181,0.8349983886561392,-0.8125598315144553,-2.71759549154665,0.23485594417569255,-0.07644197359277283,-0.8663101604278075,-0.8674033149171271,-0.023121387283236983,-0.0921985815602836,0.41798625634896935,0.0,-0.04941640139457326,-0.8643067846607669,-0.01869158878504673,-0.1146534320323015
2018-06-30,0.037575980843617574,0.09987858423571594,0.030663651251657154,0.003581193533048088,0.04168702266472901,-0.018965199779046205,-1.239703086810899,-1.239703086810899,-1.2352941176470589,-1.2352941176470589,-0.8479632527383777,-0.38847910080786796,-3.3146067415730336,-0.4812249362012395,0.18093257063615886,0.2708803611738151,-0.52,-0.5208333333333333,0.035502958579881616,0.30078125,7.896965865992415,0.0,0.00382714080688884,-0.5217391304347826,-0.01904761904761909,0.09596199524940618
2018-09-30,0.0010277780373177947,0.01812452265886244,-0.09075730290602946,-0.11866088218309967,0.05503840993552833,-0.12674924924924924,3.944864048338369,3.944864048338369,4.0,4.0,2.952191235059761,-0.08730614589316488,-0.9844071785819358,0.9866479269149684,0.16598168154062942,0.2741267021906453,4.138888888888888,4.173913043478262,0.04761904761904767,0.23123123123123102,1.5482534043812906,0.0,0.05401111993645746,4.499999999999999,-0.03883495145631066,0.1552665799739923
2018-12-31,-0.009225570997881238,-0.005396034922936277,-0.08254045747319017,0.0071400971053205975,0.02795455696416216,0.12508919590429612,-0.6315869864059875,-0.6315869864059875,-0.6499999999999999,-0.6499999999999999,0.5425907258064515,-0.11249213341724351,-142.4811320754717,-1.4023700035373188,-0.05727881565033488,-0.20353159851301106,0.491891891891892,0.5126050420168065,0.027272727272727337,-0.23902439024390232,-0.8230111524163569,0.0,0.03752825923134906,0.5206611570247934,-0.010101010101010055,-0.012456851268197622
2019-03-31,0.004054693137733434,0.013132292637169751,-0.050939391557267455,0.06952692333355581,0.028945999945261036,0.13694819931686375,-0.18573797678275294,-0.18573797678275294,0.0,0.0,-0.06355170723737946,0.1632689239496543,-0.0961525638461026,0.283956043956044,-0.07801191143872022,-0.015169194865811031,1.4746376811594204,1.5500000000000003,0.0265486725663715,-0.04166666666666663,-0.3668872085696283,0.0,0.02484020918070895,1.516304347826087,0.010204081632652962,-0.05273556231003029
2019-06-30,0.06460935081019703,-0.027119004573008643,0.18825223480238806,0.00014037057832672062,0.012991227463518662,-0.11377185141374702,-0.6832993890020367,-0.6832993890020367,-0.7142857142857143,-0.7142857142857143,-0.01157245871132817,0.2837549527583054,-0.534857985983032,-1.7764464224580623,0.06569723654481208,0.11315165876777256,-0.08491947291361635,-0.07189542483660138,0.0034482758620690834,0.08361204013377921,-0.5898648088247491,0.0,-0.04847625797306876,-0.056155507559395246,-0.02020202020202022,-0.027274185785336136
