Quarter end,Assets,Current Assets,Liabilities,Current Liabilities,Shareholders equity,Revenue,Earnings,Earnings available for common stockholders,EPS basic,EPS diluted,Cash from operating activities,Cash from investing activities,Cash from financing activities,Cash change during period,Cash at end of period,Price,ROE,ROA,Book value of equity per share,P/B ratio,P/E ratio,Cumulative dividends per share,Equity to assets ratio,Net margin,Asset turnover,Current ratio
1995-09-30,0.09058253150328754,0.02638754005390731,-0.03480264885206685,0.08316734939306247,0.10704477817738911,0.05187546193643744,0.0062799928905741265,0.0062799928905741265,-0.04255319148936165,1.7692307692307692,0.18756371049949028,-0.6504123341699534,-0.3169369848444563,-5.6966725043782835,-0.03003081972041355,0.170655567117586,-0.030372756557754288,-0.16984505363528013,0.09116022099447507,-0.11897106109324751,0.0052631578947370805,inf,0.01516008598257712,-0.007360672975814997,-0.019230769230769273,-0.052415565750925874
1995-12-31,0.09058253150328754,0.02638754005390731,-0.03480264885206685,0.08316734939306247,0.10704477817738911,0.05187546193643744,0.0062799928905741265,0.0062799928905741265,-0.04255319148936165,1.7692307692307692,0.18756371049949028,-0.6504123341699534,-0.3169369848444563,-5.6966725043782835,-0.03003081972041355,0.170655567117586,-0.030372756557754288,-0.16984505363528013,0.09116022099447507,-0.11897106109324751,0.0052631578947370805,inf,0.01516008598257712,-0.007360672975814997,-0.019230769230769273,-0.052415565750925874
1996-03-31,0.052415086256406784,0.07992045903032885,-0.14051260351810435,-0.14811602248282563,0.07449962807272481,0.05187546193643744,0.0062799928905741265,0.0062799928905741265,-0.04255319148936165,1.7692307692307692,0.18756371049949028,-0.6504123341699534,-0.3169369848444563,-5.6966725043782835,0.1454117596026634,-0.03866666666666674,-0.030372756557754288,-0.16984505363528013,0.07341772151898729,-0.11897106109324751,0.0052631578947370805,inf,0.02095174412125278,-0.007360672975814997,-0.019230769230769273,0.2676787563255605
1996-06-30,0.08657394433710408,0.06583922522243935,-0.037697366107535935,-0.028061743982405463,0.0979527832873961,0.04532080277545991,0.057756844274359675,0.057756844274359675,0.06666666666666665,1.7692307692307692,0.18857296137339064,0.2319230769230769,-0.5418450759050214,0.02341710791259599,0.12992435359722787,-0.017568192325473797,-0.030372756557754288,-0.16984505363528013,0.09433962264150941,-0.08576642335766438,0.0052631578947370805,inf,0.010479205326929364,-0.007360672975814997,-0.019230769230769273,0.09661091042956071
1996-09-30,0.0728646899449985,0.12804585877501862,0.39013338205737247,0.4635015085484411,0.04740328866913601,0.026530269293786546,0.03896248469330965,0.03896248469330965,-0.04166666666666663,1.7692307692307692,0.4541187090950125,3.1704651888854203,-0.4706881903143585,-1.5272170808132333,-0.06062205687664435,-0.22352941176470587,-0.030372756557754288,-0.16984505363528013,0.04525862068965525,-0.2894211576846307,0.0052631578947370805,inf,-0.023765798854920583,-0.007360672975814997,-0.019230769230769273,-0.22921824514288114
1996-12-31,0.061749419272559836,0.08958376362481446,-0.040929523408953505,-0.3885755189692197,0.07156316760603998,0.0661769219750763,0.05437694203364396,0.05437694203364396,0.19565217391304346,1.7692307692307692,-0.11137323069282346,-1.1816639217447722,-0.6597110754414125,-5.99239806496199,0.3221806959174389,0.17818181818181822,-0.030372756557754288,-0.16984505363528013,-0.026804123711340222,0.1264044943820224,0.0052631578947370805,inf,0.009295120061967532,-0.007360672975814997,-0.019230769230769273,0.7820453493752892
1997-03-31,0.2050729628667507,0.23130076502966768,0.6599605306435699,0.6990259436171209,0.16177177616588967,0.17277316085446137,-0.2609115390478126,-0.2609115390478126,-0.36363636363636376,1.7692307692307692,-0.6044781332960738,-3.7141483516483516,13.683962264150944,-1.1473698781838317,0.0004789821292441321,0.048353909465020495,-0.11817750355956336,-0.16984505363528013,0.08898305084745761,0.07730673316708248,0.0052631578947370805,inf,-0.03596096919197467,-0.10513771186440679,-0.019607843137254943,-0.27529136817022326
1997-06-30,0.4508044181194317,-0.07040735705903545,2.799626828704468,2.8925332818830793,0.13105230486883301,0.23685459455036417,0.2798707548466932,0.2798707548466932,0.14285714285714302,1.7692307692307692,0.7392033913273868,1.2840730806214888,-0.10279473176999676,3.254179973699042,-0.12170436002211704,-0.061334641805691814,-0.08772874058127011,-0.16984505363528013,0.11867704280155644,-0.13888888888888895,-0.010471204188481797,inf,-0.22040259297168197,-0.1094998520272269,-0.07999999999999996,-0.7611841203933016
1997-09-30,0.01146277494847281,-0.05519812267013302,-0.18026795530891349,-0.3467657992565055,0.09884806509535826,0.21486411389557802,0.4824085513240586,0.4824085513240586,-0.2250000000000001,1.7692307692307692,0.5477073071649825,-0.7488865746382752,-18.445757250268528,0.3062486200044159,-0.2270964968177317,0.35912179822268686,0.008259587020648773,-0.03804737975592243,0.0939130434782609,0.21505376344086002,0.4213564213564214,inf,0.08636032093362522,-0.047191758059155875,0.021739130434782483,0.4463615903975995
1997-12-31,0.017493237879733226,-0.18388101758145814,0.002549952022732116,0.08224122792754707,0.02245192298992227,0.19546489212237383,0.0661279802884267,0.0661279802884267,0.032258064516129004,1.7692307692307692,0.16729551494471595,3.817259331156799,-1.0242170504453474,-0.39702501690331304,-0.17716766163718178,0.17576923076923068,0.022235225277940307,-0.016417910447761197,0.01748807631160587,0.07522123893805333,0.0774957698815566,inf,0.0049684436685912825,-0.07010812696198121,0.042553191489361764,-0.24591164266536492
1998-03-31,0.027387444187337184,-0.1752922821307722,-0.05254558145437627,0.30404647435897436,0.053894621334135584,0.1103093910571773,-0.5981035244536588,-0.5981035244536588,-0.59375,1.7692307692307692,0.4831637528809938,0.4436568121038942,-23.98728813559322,1.9811616954474096,-0.6418870794451754,0.20117762512266935,-0.09616485403548936,-0.11684370257966614,0.043749999999999956,0.1810699588477367,0.1476130653266332,inf,0.02578834847675049,-0.177794448612153,0.08163265306122458,-0.36757565949182713
1998-06-30,0.2661340436120043,0.8461738792878939,0.8704841635272778,-0.01632922670435344,0.08474106616554233,0.16421327294210308,1.7706553911205072,1.7706553911205072,1.8461538461538458,1.7692307692307692,-0.2892093693147362,-0.8284463617331727,-5.814562211981567,-3.9071879936808847,5.210888252148997,0.1677559912854032,0.09119696010132983,0.07302405498281783,0.08233532934131738,0.11846689895470375,0.22249589490968802,inf,-0.14328513742347282,-0.0036496350364962904,0.07547169811320731,0.8768472906403941
1998-09-30,0.01861749519136291,0.023057493352638847,-0.05745291576158307,-0.14756773639415943,0.05815107420257282,0.028621771152694153,0.032414614046332835,0.032414614046332835,0.027027027027026973,0.0277777777777779,-0.37840936358546406,1.4085496634864287,-0.8381867605957349,-0.923147087934481,0.06447901175602189,0.08582089552238803,0.0052234474753336535,-0.01681345076060836,0.056708160442600075,0.0031152647975078995,-0.06939780613387059,inf,0.03877147635700173,-0.0494505494505495,0.03508771929824572,0.20015679858199542
1998-12-31,0.06964616127416723,-0.23706214748059196,0.010370731491124996,-0.13181156167846775,0.09802160115409042,0.003419072807750778,0.2539837398373983,0.2539837398373983,0.26315789473684204,0.2432432432432432,-0.8222527236853393,3.7888902536387645,-0.9331345826235093,-13.65976430976431,-0.7668437637029257,0.12757731958762886,0.04330254041570436,0.028501628664495016,0.027486910994764413,0.06677018633540377,0.0702429636757278,inf,0.026639344262294973,0.046724470134874796,-0.016949152542372947,-0.12124740833309677
1999-03-31,0.18461968350804603,0.2096809943564475,0.15872354424827284,0.19378356421645693,0.19573125394748403,0.08739117074669678,-0.4584354960392305,-0.4584354960392305,-0.5,-0.5,4.6778474903474905,-1.026013914270142,-16.15782024062279,-1.0410111836593572,0.4396212386284115,-0.04761904761904767,-0.018815716657443193,-0.03246239113222482,0.1949044585987263,-0.07278020378457062,-0.1485727129692065,inf,0.009267179925862568,0.02346985734008289,-0.051724137931034364,0.01331609566903702
1999-06-30,0.20259325935591366,0.010635808820420367,0.18598306221337713,-0.18628698695513846,0.20952895684054518,0.06907053999233881,1.0097514257106788,1.0097514257106788,1.0,1.043478260869565,0.8650601385524246,-14.922849396105496,-1.12087963395275,-2.623378728923476,-0.15210159347419905,-0.21999999999999997,-0.040045121263395544,-0.021276595744680882,0.20788912579957342,-0.346938775510204,-0.2750791974656811,inf,0.0057917784997882915,0.05125899280575541,-0.07272727272727275,0.24202602704771614
1999-09-30,-0.046755444765153475,0.042486011859934614,-0.09928067395492524,-0.0009014879982621737,-0.02554738136807333,0.005727141363470745,-0.20499935017112159,-0.20499935017112159,-0.20833333333333326,-0.1914893617021276,0.36661121618850134,-0.43218553598300435,-0.2831208960988799,-3.9715370018975333,0.5330538535956144,-0.12410256410256415,-0.08108108108108092,-0.06688963210702337,-0.027360988526037078,-0.27403846153846156,-0.186817188638019,inf,0.022331460674157144,-0.02010265183917881,-0.03921568627450989,0.04342578325629187
1999-12-31,-0.00989315448213024,0.16310635451505018,-0.02850706221839716,0.4043940991661865,-0.00294421868529382,0.10111729559564764,0.9901367772873413,0.9901367772873413,1.026315789473684,0.9736842105263157,-1.069133414483667,-1.5912137935335018,-0.10075431034482762,-0.4459568461383343,0.19264479035198434,0.02195550351288067,0.11700767263427103,0.12813620071684584,-0.006352087114337546,0.04966887417218535,0.015226153157187783,inf,0.007006456930897187,0.13269314709733737,0.0,-0.17181462430164163
2000-03-31,0.21736159860990445,0.4435061454621576,0.20038405619622823,0.19756784790921622,0.2240022303309841,-0.04719673261549884,0.9813258125462063,0.9813258125462063,0.948051948051948,0.9733333333333334,-16.431259044862518,6.870319586541504,-6.9017375674056325,11.336366393691234,1.9926609639711144,0.13778287023775437,0.5334859759587867,0.5488482922954725,0.22100456621004572,0.1451104100946372,-0.04278782531980596,inf,0.005457025920873049,0.6323699421965316,-0.061224489795918324,0.20537890044576512
2000-06-30,-0.0007182501188994772,0.12337213230747657,-0.1456007640464071,-0.2573799843577297,0.05099343494678377,0.05731161485704117,-0.3435530679933665,-0.3435530679933665,-0.3466666666666667,-0.3513513513513513,-1.285004220200694,-0.6069071342897538,-1.7971573604060915,-0.7625845155262705,0.15808291478675396,0.16037260825780475,0.09630459126539748,0.12102564102564095,0.04637247569184755,-0.04958677685950408,-0.31059907834101375,inf,0.0516960651289009,0.13125590179414548,0.0,0.5127092527304553
2000-09-30,0.5378955000539931,0.01141256162003046,1.7263697011884376,0.8918095569675342,0.1930509842657535,-0.034397426379608964,-1.578151808928327,-1.578151808928327,-1.5714285714285716,-1.5833333333333335,1.9469123615224304,-8.390154097913541,29.170657157412123,-6.185576405285613,-0.7078517630561147,0.29767845519635494,-0.3401430030643514,-0.38197621225983525,0.1258041458184418,0.24057971014492763,0.11965240641711228,inf,-0.22422913172493875,-0.2744156928213689,-0.15217391304347827,-0.4653747738644327
2000-12-31,-0.04152052063097189,0.166030828786625,-0.03842913983804985,0.2902691511387163,-0.04357032215890522,0.4099207171445085,-0.5029403732362312,-0.5029403732362312,-0.5357142857142858,-0.5357142857142858,-0.39366136896564563,-0.9928033658104517,-1.0318868720979317,-0.827235691177058,-0.35941703601912245,-0.07941815749874603,-0.4406604747162023,-0.4685418208734271,-0.07111111111111101,-0.18224299065420568,0.25014925373134345,inf,-0.002161982371528315,-0.4417601380500432,-0.05128205128205132,-0.09630216748468134
2001-03-31,-0.013073772684036311,-0.053370141156800166,-0.07698107137215837,-0.03836114676936242,0.029529015115935753,0.1480251072239347,-3.2876817698985383,-3.2876817698985383,-3.269230769230769,-3.2307692307692304,0.4327675639176207,-5.948397435897436,-0.16851998940958435,-0.13251647208415207,-0.5668640662295676,-0.0857246640029059,-0.5461254612546125,-0.5612813370473537,0.028708133971291794,-0.017142857142857126,0.4837631327602674,inf,0.0431666666666668,-0.5826893353941267,0.05405405405405417,-0.01558494130346777
2001-06-30,0.02089295722318507,0.06999959338023021,-0.04586504845195227,-0.12034544389317792,0.06079204155918472,0.007182175269331514,0.06066670936339191,0.06066670936339191,0.06779661016949157,0.051724137931034475,-2.0295837706989994,-1.7511496858604831,-0.6193281324629836,-1.908083042400661,1.1884482578214919,0.102502979737783,-0.41463414634146345,-0.43492063492063493,0.056478405315614655,0.07267441860465107,1.4808496942388154,inf,0.03914363316823777,-0.44691358024691363,0.025641025641025772,0.2163662531697621
2001-09-30,-0.023714244165692677,0.002346614984134243,0.005850546432454085,0.14854970134090983,-0.039607538794791286,-0.09377278595749516,-1.8850932145822328,-1.8850932145822328,-1.873015873015873,-1.9016393442622952,1.0351421081103576,0.43959644735707504,4.1706398996235885,1.0178141691612375,1.09578452466332,0.029369369369369513,-0.07986111111111116,-0.061797752808988804,-0.04088050314465408,-0.027100271002710064,1.0032433834976646,inf,-0.016297662976629712,-0.1517857142857143,0.09999999999999987,-0.1272819472616633
2001-12-31,-0.0037001659754961613,0.054141983792237225,-0.06327061734715644,-0.10034976712776222,0.0298391909844955,0.08477091037934326,-1.7895383146009927,-1.7895383146009927,-1.7818181818181817,-1.7454545454545454,0.037612587283898824,0.7380053908355795,-0.17131764134918714,-0.09488764453494292,0.4732395437262358,-0.25888324873096447,1.6679245283018869,1.7305389221556888,0.02950819672131133,-0.22562674094707524,-0.2784146104526909,inf,0.03360425132854017,1.6394736842105262,0.022727272727272707,0.1717024985473563
2002-03-31,-0.012024123395089403,-0.10145795728630225,-0.04092450635536804,0.1121305456399797,0.0027762327681588594,-0.027967745228131058,-0.30691465232324544,-0.30691465232324544,-0.3023255813953488,-0.2682926829268293,-0.09050959681551252,1.9062930796801765,2.0470473401659346,-1.373447317253459,-0.11996015093093004,-0.30444024563060945,-0.27015558698727016,-0.25877192982456154,0.002547770700636942,-0.3237410071942446,-0.7482498653742595,inf,0.014970512626644616,-0.2542372881355932,0.0,-0.1920544397608619
2002-06-30,0.037402924738173526,0.1443999564709988,0.05311839033852417,0.2378223916129576,0.029705515383863013,0.05034827960376642,0.8686613682406108,0.8686613682406108,0.8666666666666669,0.8666666666666669,0.34717136480835475,-0.7344685695312407,-0.8716404523176474,-5.214845094664372,0.574534726173229,-0.14397283531409166,-0.07751937984496116,-0.07100591715976334,0.02668360864040653,-0.14893617021276584,0.16720142602495547,inf,-0.007300357568533977,-0.07352941176470595,0.0,-0.07546204733001427
2002-09-30,0.017241891622285177,-0.01696451017039924,0.012508325008325105,0.07456941003544282,0.019613101426644297,0.025946933089837865,-0.32188604976983126,-0.32188604976983126,-0.3214285714285715,-0.3214285714285715,-0.4522484559958827,2.210923544122901,2.8991764412278513,-1.1981460496360499,-0.07230185811565915,-0.1281237604125347,1.1995798319327728,1.2229299363057327,0.019183168316831534,-0.15000000000000002,-0.06750152718387292,inf,0.002251238180999371,1.1746031746031744,0.022222222222222143,-0.08519898203813658
2002-12-31,0.010402334104565147,0.02378503628574502,-0.011992938075694126,0.03545987804978945,0.021542740381092385,0.07053206002728518,0.06003886169663275,0.06003886169663275,0.07894736842105265,0.05263157894736836,-0.6597615761811082,-0.6864490465792292,0.24878392217101886,-0.027255396980782165,-0.0758126367779629,0.20473157415832577,-0.03533906399235909,-0.03008595988538687,0.021250758955677185,0.18382352941176472,-0.4742875859810023,inf,0.011081162024558333,-0.04644990046449904,0.021739130434782483,-0.011248639277506856
2003-03-31,0.1309614096529932,0.17497646020063407,0.33863011165306633,-0.239351204506412,0.031049044533566494,0.02229544806325734,0.10977307531672009,0.10977307531672009,0.09756097560975618,0.09999999999999987,1.946450916936354,6.913812987934706,-16.1527856081185,-10.826324152542373,0.8060698225109166,0.107250755287009,0.06237623762376243,0.03840472673559825,0.029726516052318575,0.08074534161490665,0.11401869158878486,inf,-0.08841824644549756,0.045929018789143905,0.0,0.5446909150220192
2003-06-30,0.04358997767468109,0.11538077597107299,0.04764211384304007,0.15781678378974573,0.04105885328827319,0.05626821638242685,0.06033996111145967,0.06033996111145967,0.04444444444444429,0.06818181818181812,0.9644133325522817,-0.8533650208229405,-0.9587716390548155,-0.3522781787506536,0.2890857302322001,0.2152114597544339,-0.07455731593662629,-0.09388335704125172,0.03464203233256358,0.1839080459770115,0.11968680089485462,inf,-0.002437043054427379,-0.0884896872920824,-0.02127659574468077,-0.036666490681590114
2003-09-30,0.030929068132511395,0.07045012703795228,0.026100007170331674,0.0642818044630733,0.03396456515668711,0.008081375744632968,0.014670215912451878,0.014670215912451878,0.02127659574468077,0.0,-0.2880093634913298,0.2744543404304116,-0.014521289687423056,-0.3827205698783349,0.13842886522519704,0.15604827392646636,0.02618328298086614,0.0047095761381474865,0.03180803571428559,0.11650485436893199,0.21728271728271742,inf,0.002931596091205302,0.020437956204379493,0.0,0.005809333296796559
2003-12-31,0.01289554950493832,0.024578475544614342,-0.015861031436922524,-0.03762165234069759,0.030834143782439982,0.13214552509226318,0.02724499115800927,0.02724499115800927,0.02083333333333326,0.02127659574468077,-1.3707659284854197,-0.03905101826579882,-0.10223110223110221,-1.7639263373597929,-0.09289070158585488,0.06773488710852149,0.015701668302257055,0.0,0.0237966468361277,0.034782608695652195,0.013951579811243286,inf,0.01770055212731414,-0.0042918454935623185,0.0,0.06462334831766792
2004-03-31,-0.035322305489550954,-0.07759263582848064,-0.1455730811733731,-0.23952345099428674,0.030337629159120638,0.008602436454240081,-0.11732657346626052,-0.11732657346626052,-0.12244897959183676,-0.125,-1.2981361197401864,-0.6424045694310059,-10.506305637982196,0.8250419129974411,-0.18688974307539674,0.03615279672578442,-0.03768115942028982,-0.017187500000000022,0.02852614896988892,0.0126050420168069,-0.008498583569405138,inf,0.06813467368756965,-0.053160919540229834,0.04347826086956519,0.21293855720756438
2004-06-30,0.004786760523973088,0.0073910792630382804,-0.02992291453734397,0.014408181331097003,0.021928887266064345,-0.02511851349174188,-0.25144130821492106,-0.25144130821492106,-0.2558139534883721,-0.23809523809523803,7.245619020555083,2.1233307148468183,-0.728793554176909,-1.226870116809778,0.05214507808871027,-0.2266842220759271,-0.10441767068273089,-0.08108108108108114,0.016435541859270764,-0.24896265560165975,-0.21836734693877558,inf,0.01703017627726311,-0.1039453717754173,0.02083333333333326,-0.006920123211949902
2004-09-30,-0.003495495801287829,0.06119437087896684,-0.02670141911292645,-0.046116514144209364,0.007383744682619042,0.021659221570080822,-0.5808114066481518,-0.5808114066481518,-0.59375,-0.59375,0.26427644200392875,-1.22973954840152,-1.1275042261626442,4.192225726707016,0.25733049710709155,-0.21821793416572077,-0.21636771300448432,-0.19377162629757783,0.0070742799393632705,-0.2320441988950277,-0.1488250652741513,inf,0.01101645123384265,-0.22269263336155798,0.04081632653061229,0.11251327809645217
2004-12-31,0.02302213999678937,0.049889010380230525,0.012228273240750376,0.025699772092575346,0.027911228829093027,0.037961560519388815,2.7638139471347585,2.7638139471347585,2.923076923076923,1.8461538461538458,-0.0858215058062406,-21.424400924461743,0.7049365303244006,-1.5028402561155803,-0.4982468637593894,0.0620689655172415,-0.005722460658082906,0.01716738197424883,0.02308078273958869,0.05755395683453246,0.3294478527607363,inf,0.004649135551358485,0.004357298474945592,0.0,0.023584004888668186
2005-03-31,-0.013998593574032991,-0.0017822397835038917,-0.023500450759294522,-0.05944161264958203,-0.009760385957419682,-0.053550472601397336,-0.2938881428519581,-0.2938881428519581,-0.2941176470588236,-0.108108108108108,0.04729199177012,-0.9385440923357294,-10.97948378557247,-1.566997518610422,0.1162955001289121,0.035543403964456655,-0.06187050359712243,-0.052742616033755185,-0.011280039234919048,0.013605442176870763,0.12782648823257947,inf,0.00433839479392617,-0.045553145336225676,0.0,0.06128617003414116
2005-06-30,-0.022940171517405017,-0.034122613588507766,-0.0024011766379637978,-0.0012144704991806643,-0.03197426679962456,0.038515273384094995,0.050294261262882056,0.050294261262882056,0.05555555555555558,0.06060606060606055,-0.301707365683753,-19.69095842620409,0.8419490682405995,3.472820453760221,0.46597777344511604,-0.0023102310231023493,0.042944785276073816,0.04677060133630273,0.02331349206349209,0.006711409395973256,0.07569558101472995,inf,-0.009215262778977662,0.030681818181818254,0.019607843137254832,-0.032943079140737686
2005-09-30,-0.017469639896483313,-0.010062275135439114,0.008707517890578886,0.026621748798627554,-0.029335439152612386,-0.0143417910662893,-0.030733091905647436,-0.030733091905647436,0.0,0.028571428571428692,0.36641885371787386,-1.0716641088390229,-0.07086472425494383,-1.1062825877051818,-0.033783134009227944,0.07442937479325162,0.17941176470588216,0.1744680851063829,-0.08725157537566652,0.046666666666666634,0.047166222898440635,inf,-0.012062200261589995,0.16538037486218293,0.0,-0.035737657238420706
2005-12-31,0.003164820819746339,0.04025906498034848,-0.007496221375520973,-0.003508629606343905,0.00818674616247761,0.020758184335211594,-0.5243360597798647,-0.5243360597798647,-0.5,-0.5277777777777777,-0.5422381809682008,2.7893213717262335,-1.015315908782671,-0.7109199927321179,-0.010107491360032528,0.061576354679802936,-0.19451371571072307,-0.19746376811594202,0.006372809346787189,0.16560509554140124,-0.11187795132582645,inf,0.005001471020888548,-0.20529801324503305,0.019230769230769162,0.043924141311314724
2006-03-31,0.025106549183076865,0.049377035202105235,0.04280932821748906,0.24821508527699754,0.016897304063555385,-0.027649571527149308,0.33913597282666386,0.33913597282666386,0.3157894736842106,0.3529411764705881,1.9488070922602234,-0.09941576294486021,1.3668564199873496,-20.33438089252043,0.19741748332980347,-0.08381670533642682,-0.09133126934984526,-0.09480812641083525,0.013720316622691353,-0.08743169398907114,0.06789366053169732,inf,-0.008050351288056312,-0.10238095238095246,0.0,-0.15929283444091313
2006-06-30,0.01063387726842846,0.10118562290383037,0.04135558907784764,0.24281507521628964,-0.003975610770554416,0.253228495726034,-1.6189759036144578,-1.6189759036144578,-1.6,-1.652173913043478,-0.5540859185026896,-0.9029023299200747,-5.077498663816141,-0.5592145899027989,0.07267201920912436,-0.15574548907882235,-0.4514480408858603,-0.456359102244389,0.08537220197813644,-0.16766467065868262,-0.07966296438146303,inf,-0.01446067581525734,-0.48275862068965514,0.05660377358490565,-0.11395124046826333
2006-09-30,0.0025371857858678126,0.03205990622477439,-0.02928428051983345,-0.08220766816755354,0.018358365121593057,-0.1368907194193857,-3.2013702138558076,-3.2013702138558076,-3.266666666666667,-3.066666666666667,1.3389572833181855,0.5827510917030567,-1.0339494035915586,2.3141824618334685,0.22453119613065042,-0.09036370453693288,-0.08695652173913049,-0.08715596330275222,0.015827338129496216,-0.16546762589928055,0.6550145651269248,inf,0.015870639317262958,-0.09230769230769231,0.0,0.12448484848484842
2006-12-31,0.17553554464739807,-0.22236706427350617,1.022318338427557,0.9724768281595755,-0.22577642913781082,0.4101518071796828,-15.222971990343504,-15.222971990343504,-15.117647058823527,-16.483870967741936,-0.056124683839425704,186.67016140157264,1245.6640926640928,-5.3101156433822165,-0.7903068732981331,0.06430338004946412,-8.45578231292517,-7.723618090452261,-0.22615675165250237,0.051724137931034475,0.15941664571284875,inf,-0.34148857774502583,0.0,0.05357142857142838,-0.6057561711760266
2007-03-31,-0.057170747999575555,-0.12682099049201223,-0.11945212670579453,-0.3453833655347145,0.019928730745518264,0.08120747888634527,-1.0646462167689161,-1.0646462167689161,-1.0645833333333334,-1.0604166666666666,-0.33951855566700095,-0.9865291700142823,-1.2331070408751077,-0.8612497009728922,-0.5229323283886075,0.054608830364058836,0.04014598540145986,-0.04260089686098667,0.020134228187919323,0.360655737704918,0.0,inf,0.08191584601611468,0.0,0.1186440677966103,0.33389839776890673
2007-06-30,-0.015851558361927642,-0.006443859271704988,-0.05853723250346943,0.018171592798673197,0.029768781405422606,-0.1021433729647635,0.15174617233961785,0.15174617233961785,0.16129032258064502,0.13793103448275867,0.2579811647910788,0.06548073774964536,-0.40096589474803035,-1.0161496384316742,0.017702243371855886,0.09144326110907075,-0.07456140350877194,-0.13739266198282585,0.020334928229664984,0.07228915662650603,0.0,inf,0.04633843607778254,0.0,0.015151515151515138,-0.024187266838847088
2007-09-30,-0.009773658865947166,0.02688818440118035,-0.0441894759182897,-0.1411407297225593,0.023854096785306256,-0.01376273828575214,-0.049520722898184544,-0.049520722898184544,-0.05555555555555547,-0.06060606060606066,-0.49115789663342435,-0.9536515415343645,-1.0323593013584695,43.92780337941628,0.78148880457436,0.054508748317631195,0.05165876777251177,-0.01900452488687787,0.022274325908558268,0.03370786516853941,0.0,inf,0.03400553578489518,0.0,0.04477611940298498,0.19564760744443976
2007-12-31,0.004848239286308509,0.044283768430811055,-0.015602334313547628,0.12656003524559245,0.02350254234099025,0.05486576560518985,0.10972085765474193,0.10972085765474193,0.08823529411764697,0.09677419354838723,2.035479701857196,27.215469613259668,-26.603838245373545,0.21727981400437635,0.5339862615112339,-0.05201021059349076,-1.3564668769716088,-1.3726937269372694,0.022935779816513735,-0.07608695652173925,0.0,inf,0.01854684512428295,0.5960451977401131,0.028571428571428692,-0.07304989458889666
2008-03-31,-0.009326828391599484,-0.008646453837870216,-0.053178245268901914,-0.020691034709064637,0.029144644532337782,-0.0006153012345875286,0.31836054474910824,0.31836054474910824,0.32432432432432434,0.32352941176470584,-0.6113687132916893,-0.28744859996083805,0.05730003212335366,-1.4291211414768419,-0.1493786481809204,-0.10030292830696741,0.10493046776232617,0.14356435643564347,0.02130044843049328,-0.11764705882352944,-0.5434829754933854,inf,0.03885864464051081,0.15575221238938042,-0.01388888888888895,0.012319472347522842
2008-06-30,0.014577962137942269,0.0702390027044748,-0.01101624251355715,-0.024910435806399067,0.03523597918845911,-0.006879347442933947,0.19107626064113448,0.19107626064113448,0.20408163265306123,0.1777777777777778,0.49408692520110464,-0.3864248419895576,-1.0390034560024306,-3.993552821049876,0.5257014448441937,0.0800598578376357,0.11784897025171603,0.14935064935064934,0.03512623490669586,0.053333333333333455,-0.040855106888361026,inf,0.02023852547885796,0.13935681470137817,0.0,0.09758106792481103
2008-09-30,0.015922748293807132,0.06255706185927101,-0.015981802780525634,-0.06300089204386317,0.04052355978429123,0.028997680827963723,0.17839908462265552,0.17839908462265552,0.1694915254237288,0.16981132075471694,-0.25632320147859455,-0.470351128627732,0.8701720220707563,-0.1922576554317762,0.27831874908181375,0.005195704883962593,0.16069600818833174,0.1902071563088512,0.03923647932131513,-0.025316455696202556,-0.11837543338286283,inf,0.02426496634785691,0.17607526881720426,0.014084507042253502,0.13400655021834051
2008-12-31,0.03738216268389549,0.10213524879748204,0.04965048482647316,0.21073850791258475,0.028436074434602387,0.007076734338393953,-0.20651271442844876,-0.20651271442844876,-0.20289855072463758,-0.20967741935483875,1.3817061969852502,8.823270759343819,7.673550850399167,1.2768356229275226,0.4957183354255439,-0.14162646450723637,0.04673721340388015,0.06645569620253156,0.028061224489795755,-0.17532467532467533,-0.27865168539325846,inf,-0.008646031471554516,0.07428571428571429,0.0,-0.08971119133574013
2009-03-31,0.01985188778230551,0.07225848299903248,0.011468793132233257,1.3705640100001037,0.026090956731646964,0.034367856174202904,-0.12921647217394394,-0.12921647217394394,-0.12727272727272743,-0.12244897959183676,-0.6058571331352223,-0.6918309374192992,-1.0040018408467895,-0.6944550123644664,0.10130856735319504,0.12404656764351674,-0.03791069924178603,-0.028189910979228516,0.0188585607940448,0.09448818897637778,0.04361370716510904,inf,0.006105006105006083,-0.022340425531914954,-0.01388888888888895,-0.5476898671425738
2009-06-30,0.02652696686128664,0.07974165494308738,0.019530019530019427,0.042009452126728464,0.03166019596968006,0.015582858855259119,0.07942973523421593,0.07942973523421593,0.0625,0.06976744186046524,0.31942446043165473,0.1005586592178771,-33.5,0.527237354085603,0.14042933810375668,0.10785714285714287,-0.06042031523642721,-0.05496183206106875,0.02825133950316605,0.08633093525179869,0.11865671641791042,inf,0.005027739251040275,-0.05114254624591941,0.0,0.03624141458424668
2009-09-30,0.04555370870558906,0.11655315368670416,0.05987764938515716,-0.6305224256677305,0.035168675238564484,-0.02316317497786957,0.18867924528301883,0.18867924528301883,0.196078431372549,0.19565217391304346,-0.18865866957470012,-0.11675126903553301,17.215384615384615,1.2343949044585987,0.27513725490196084,0.12540296582849764,-0.06337371854613238,-0.06462035541195477,0.03126480341070592,0.0927152317880795,0.16477651767845236,inf,-0.010005175090564089,-0.0424311926605504,-0.028169014084507116,2.0219292060358205
2009-12-31,0.48844950072035376,-0.06062695592213441,0.7310517723880596,1.3923619004319163,0.30836146455466107,0.1866787494336204,-0.09682539682539681,-0.09682539682539681,-0.16393442622950816,-0.054545454545454564,0.8978494623655915,55.38505747126437,0.929054054054054,-4.486316989737743,-0.7522450485914627,0.06158693784016056,-0.09154228855721391,-0.1295336787564767,0.12448323380799264,0.030303030303030276,0.09965635738831602,inf,-0.12092699076494162,-0.04790419161676651,-0.08695652173913038,-0.6073453578178594
2010-03-31,-0.017022128767397615,-0.0007340485601354807,-0.05803105318109869,-0.16334093500570124,0.0232542754126559,0.09011072928598707,0.22671353251318105,0.22671353251318105,0.11764705882352922,0.09615384615384603,-0.20467422096317278,-1.0697176638467027,-1.932136602451839,-0.9473426001635323,-0.15988083416087384,0.07609282245008098,-0.0021905805038335835,-0.025793650793650813,0.014297385620914982,-0.04117647058823537,0.05989583333333348,inf,0.041030723488602705,0.023899371069182385,-0.04761904761904767,0.194378416924174
2010-06-30,-0.03011782282435227,-0.007119850822173257,-0.07837528604118993,-0.14344122657580916,0.013512639813797023,0.021949795680093365,0.011461318051575908,0.011461318051575908,0.01754385964912286,0.0,-0.3428317008014248,-1.3654970760233918,-1.0446218882104275,-2.81055900621118,0.3286052009456264,0.07146439317953845,-0.010976948408342513,-0.018329938900203624,0.011276681433749491,0.05521472392638049,0.0,inf,0.04493526275704496,0.006142506142506221,-0.01666666666666672,0.15916214737051604
2010-09-30,0.02361363954628204,0.004040748961356755,0.019591868404717605,-0.0006629541235746439,0.02640979841796387,0.008111504626985067,-0.6359773371104815,-0.6359773371104815,-0.6379310344827587,-0.631578947368421,0.8495934959349594,1.54,-5.673684210526316,-0.4716981132075472,0.1370106761565837,-0.011233325532412741,-0.20643729189789128,-0.2116182572614108,0.022700119474313052,-0.023255813953488413,-0.06044226044226042,inf,0.002733236151603702,-0.19902319902319898,-0.016949152542372947,0.004678513177096777
2010-12-31,-0.0034885510542606024,0.019952386350753804,-0.03173395228492071,0.08889478572376275,0.019794903666873864,0.07966908431550324,-0.28793774319066145,-0.28793774319066145,-0.2857142857142857,-0.38095238095238093,0.8197802197802198,-0.14960629921259838,2.6824324324324325,-0.11688311688311692,0.10641627543035992,0.11692307692307691,-0.19020979020979012,-0.1657894736842105,0.015576323987538832,0.09523809523809534,0.3200836820083681,inf,0.02344175904052337,-0.21189024390243905,0.051724137931034475,-0.06331439313026022
2011-03-31,0.017469497022634783,0.07635878626208736,0.005501630840570648,0.043377604483977095,0.02675442605966416,-0.07998320562611527,1.4754098360655736,1.4754098360655736,1.4666666666666668,1.7692307692307692,-0.06602254428341381,-0.6388888888888888,-1.0685015290519877,7.150735294117647,0.783946251768034,0.14431023521932618,-0.15025906735751293,-0.13564668769716082,0.021472392638036908,0.12499999999999978,0.44572107765451685,inf,0.009055397727272707,-0.13733075435203101,0.016393442622950838,0.031607753705815256
2011-06-30,0.11983268961562454,0.035419248244527024,0.23742525501231104,0.5958192222351979,0.03062768956818518,0.23411294922989168,0.16335540838852092,0.16335540838852092,0.1351351351351351,0.16666666666666674,-0.7422413793103448,29.24102564102564,20.955357142857142,-2.260261614794768,-0.5538156590683845,0.15907407407407415,-0.13414634146341464,-0.14598540145985406,-0.028153153153153143,0.13526570048309194,0.3505069882159495,inf,-0.07971142002463494,-0.16143497757847525,0.016129032258064502,-0.3511804757272968
2011-09-30,-0.041583830351225926,-0.08232771516904358,-0.0917503632114206,-0.25547017929015736,0.00446338583810868,-9.244707405009489e-05,0.2922201138519924,0.2922201138519924,0.30952380952380976,0.2857142857142858,0.979933110367893,-0.8987620824147872,-1.4766165107767386,-0.7788117394416607,-0.2745446468236339,0.05591947595462532,0.272300469483568,0.2735042735042734,0.05948242564696793,0.0851063829787233,0.19744318181818166,inf,0.048183556405353656,0.23529411764705865,0.031746031746031855,0.23257240204429297
2011-12-31,0.05261255598334258,0.39634842145302396,0.09044754320687143,0.8080401022213486,0.021615733042830154,0.428069526627219,0.39207048458149774,0.39207048458149774,0.3818181818181816,0.37037037037037024,0.8733108108108107,-0.16080402010050254,0.053754266211604174,-1.744336569579288,0.2816901408450705,-0.004690573460432779,0.3856088560885609,0.3657718120805369,0.021509296390813004,-0.05882352941176472,-0.23114726317573298,inf,-0.02955125866472086,0.2316017316017316,0.10769230769230753,-0.22766475011057064
2012-03-31,0.02454354089843691,-0.06269214305171811,0.021398048344919873,-0.14183201957053548,0.027191603995959213,-0.013142561180888301,-0.42194092827004215,-0.42194092827004215,-0.42105263157894735,-0.41891891891891897,-0.5473399458972047,7.069860279441118,-3.1546558704453442,-1.882608695652174,-0.19397993311036787,-0.0688659166920037,0.014647137150466172,0.0,0.025339043540328454,-0.08750000000000002,-0.34472118139739916,inf,0.002631578947368318,-0.0913884007029876,0.09722222222222232,0.09219756621331454
2012-06-30,-0.048902035641948505,-0.03682637216640372,-0.07368322457772647,-0.030343342201951118,-0.027209397623275455,-0.11093616742111134,-2.1350364963503647,-2.1350364963503647,-2.1136363636363633,-2.1395348837209305,0.9890438247011952,-0.950531783329211,-1.4870349492671928,-2.2044334975369457,0.2898636633076468,0.1709387755102041,-0.42782152230971127,-0.42260442260442266,-0.028889662373825287,0.14155251141552516,0.132526067944837,inf,0.02287214098237711,-0.4545454545454546,0.05063291139240489,-0.00668501769563512
2012-09-30,0.005959767737586441,0.052416052416052406,-0.03060433449054567,0.016267067354805098,0.03642337611278057,-0.051652892561983466,-2.233118971061093,-2.233118971061093,-2.2448979591836737,-2.2244897959183674,-0.2694041061592388,1.3599999999999999,-0.26929012345679015,-0.9100204498977505,0.020220588235294157,0.11168432794199679,0.03899082568807333,0.04680851063829783,0.03548387096774208,0.1439999999999999,0.9408969408969405,inf,0.030241935483870996,0.01773049645390068,0.03614457831325302,0.03556347321192921
2012-12-31,1.1479591836734695,0.5890640999385623,2.562845519974966,0.7424787863203908,0.03880127892483598,0.361811391223156,-0.634941329856584,-0.634941329856584,-0.6557377049180328,-0.65,0.5065113091158329,110.8114406779661,-55.359028511087644,21.045454545454547,0.4369369369369369,0.08616580960742493,-0.41721854304635764,-0.5365853658536586,0.038075458636206205,0.04895104895104896,0.035348125478194437,inf,-0.516456146593133,-0.4285714285714285,-0.19767441860465118,-0.0880535202293723
2013-03-31,0.004927854787818653,-0.01131530788463031,0.029627894721433456,0.08274920681767872,-0.05973185873024156,0.08301908353331044,-4.671428571428571,-4.671428571428571,-4.761904761904763,-4.761904761904763,-0.005459508644222066,-0.967484604452866,-1.0082559539997669,-0.9030927835051547,0.02946708463949843,0.006812933025404089,-1.621212121212121,-1.5087719298245612,-0.05901967322440815,-0.029999999999999916,0.7181495713863435,inf,-0.06438557763061059,0.0,-0.1159420289855072,-0.08684412771606242
2013-06-30,-0.04320891836590701,0.020908285103498514,-0.05033789227255059,-0.18600293025316028,-0.019057922769640467,0.04974940648905313,4.494163424124514,4.494163424124514,4.40506329113924,4.40506329113924,-0.6688014638609332,-0.5256410256410257,0.52,-11.797872340425531,-0.309074299634592,0.2895974308980387,8.359756097560975,7.017241379310345,-0.05882352941176472,0.36769759450171824,0.0,inf,0.025560361777428042,0.0,-0.06557377049180335,0.2541698546289213
2013-09-30,0.006157544651416602,0.04019407558733401,-0.01232584135095216,0.17505232314776054,0.05851078872203841,0.011659463262639447,-1.115970254957507,-1.1161473087818696,-1.117096018735363,-1.1147540983606556,2.7403314917127073,-0.5933660933660934,0.4659442724458205,-2.3901477832512317,0.6218598501542529,0.18561010316613302,0.016286644951140072,-0.10967741935483877,0.1543674698795181,0.2613065326633164,0.0,inf,0.051763803680981546,0.0,-0.0350877192982455,-0.11475109809663242
2013-12-31,0.6656210376646317,0.08869740266116755,0.3327270338820343,0.17373183243089207,1.5466470745391399,0.3806756085444609,-3.26412213740458,-3.260670731707317,-2.7,-2.7346938775510203,1.406573116691285,-1.3262839879154078,6.027455121436114,-1.0141743444365698,-0.10597826086956519,0.15152651714049958,-0.05769230769230771,0.1304347826086958,0.7847358121330723,-0.0019920318725099584,0.0,inf,0.5289828654757565,0.0,-0.018181818181818188,-0.0724967266211839
2014-03-31,-0.014168855798890267,0.02390240602521021,-0.03135235957782356,-0.08886460894109083,0.00971454348989198,-0.04468751124383841,-1.650708024275118,-1.650708024275118,-1.6588235294117648,-1.6470588235294117,-0.3254564983888292,-3.2314814814814814,-0.4470323065364388,-5.35,0.02644376899696055,0.293531366034786,-0.43265306122448977,-0.3482905982905983,0.008223684210526327,-0.27544910179640714,0.0,inf,0.024320457796852546,0.0,-0.03703703703703709,0.12378334200163454
2014-06-30,0.15111208316409197,0.8219437531658114,0.2606122752498963,0.39349122281069926,0.005714463827444005,0.004557267146246824,-0.49533678756476685,-0.49533678756476685,-0.5,-0.49090909090909085,0.06801637852593267,5.377593360995851,-10.695923913043478,453.7011494252874,11.714243411311815,0.034748451427708105,-1.092326139088729,-1.098360655737705,-0.3360522022838499,0.024793388429752206,0.0,inf,-0.12639664804469264,-0.6219512195121952,-0.07692307692307698,0.30750413223140494
2014-09-30,1.0732316378046796,-0.2442432520639679,0.5102671890814483,0.0712100205574413,2.01046520036778,0.38088632273545286,-22.412731006160165,-22.412731006160165,-15.107142857142856,-15.107142857142856,0.11246006389776353,27.980481457384514,-1.0066982427622544,-1.9995702621400946,-0.9209521147754798,0.09957658052270402,-10.376623376623376,-12.2,2.0013650013650013,0.6586021505376343,3.13505376344086,inf,0.45217159605648827,0.0,-0.20833333333333326,-0.2944983818770227
2014-12-31,-0.01754901117316343,0.10066695456072172,-0.005295530046376951,0.11989824381317926,-0.027772439637067436,0.10149059216420953,-0.297180667433832,-0.297180667433832,-0.30379746835443044,-0.30379746835443044,0.5538962282213287,-0.8342051500796983,5.640167364016737,-0.9773911284204138,-0.26340601060695346,0.06532996945956704,0.17590027700831024,0.2589285714285714,-0.03210842277605963,-0.6450567260940032,0.0,inf,-0.010458715596330381,0.0,-0.10526315789473684,-0.017201834862385357
2015-03-31,1.6549226999891489,0.6009416277954576,1.8127769327425436,0.5254254174470967,1.5203680760718785,0.04370332026917101,-0.30140537590394323,-0.2697503069995907,-0.32727272727272727,-0.32727272727272727,-0.3531296205027107,44.95924170616114,-223.34152488972904,-21.860178970917225,7.4596,0.18559142465411949,-0.23085983510011787,-0.21985815602836867,0.7098956864956301,0.22374429223744308,0.0,inf,-0.05062117559799739,0.0,-0.3529411764705883,0.04951866977829633
2015-06-30,-0.007526134602794943,-0.048133827106705884,-0.025195734976018014,-0.0007837502449219436,0.009303296136954353,0.35917056350668375,-0.5251953125,-0.4157324364723468,-0.5675675675675675,-0.5675675675675675,1.669142857142857,-0.9844022992908261,-1.0416770580633459,-1.3201244034532682,-0.28228285025296707,0.04208718811326051,-0.2006125574272587,-0.20000000000000007,0.006265457543281228,-0.3917910447761195,0.0,inf,0.01699218750000009,0.0,-0.18181818181818188,-0.04739073031755958
2015-09-30,0.0318269271756384,0.5885247308546853,-0.01508066436929234,0.06320674553892403,0.07499191747919709,-0.28950477845351863,-22.806663924310982,-17.730412535976974,-17.612499999999997,-17.612499999999997,-0.2519803040034254,-0.5243672081601813,-0.8310893512851897,-1.914572864321608,0.35970749061202967,-0.01526717557251911,-2.1226053639846745,-2.2196969696969697,0.07362499317275661,-0.018404907975460016,0.0,inf,0.04186671787977714,31.467741935483872,-0.16666666666666663,0.4941279451455247
2015-12-31,-0.04884316426066215,-0.48282879216265373,-0.09313060753456737,0.024013279232755425,-0.01138838083117244,-0.7571718555112622,-1.1190107900098092,-1.1338978515177,-1.1331828442437923,-1.1331828442437923,0.48397252432741844,8.52660841938046,-0.5040257648953301,-2.7727106227106226,-0.4689665196957217,-0.04350647133148933,-0.15529010238907848,-0.1273291925465838,-0.01276898814671612,-0.11250000000000004,-0.9261493655086332,inf,0.039262672811059884,0.21410829607550919,-0.2666666666666666,-0.4949470292437631
2016-03-31,0.0017152444002423994,0.17133272976298253,-0.010571902098515773,0.22419941644753427,0.011210135863817694,2.8230436096283613,-1.4052940244095735,-1.2656673804425411,-1.2655367231638417,-1.2655367231638417,-0.2166505946640952,-0.9775721193930298,-0.9586038961038961,-2.203430106415952,1.0627737226277372,0.02188582241422421,0.1717171717171717,0.20640569395017794,0.008966299082757923,0.035211267605633756,-0.09098591549295765,inf,0.009577864490954324,0.2315875613747953,0.0,-0.043209279845335846
2016-06-30,-0.025387712688050623,-0.13241837189714112,-0.04514626865671645,-0.13026335147859347,-0.01040800516462237,-0.029268421191285365,-2.9620649198279234,-4.069854916711446,-4.0638297872340425,-4.0638297872340425,0.13459171112022972,0.6542750929368031,599.3137254901961,-2.5206902472527473,-0.7834837225760792,-0.17290895115645322,-0.07241379310344831,-0.04719764011799399,-0.01138917262512773,-0.1768707482993197,-0.3442826154322901,inf,0.015284609978917674,0.09634551495016619,-0.18181818181818188,-0.0025257627803597638
2016-09-30,0.0828583514742598,2.623435215643275,-0.03753240094822463,-0.09494327536820268,0.17068546877181356,-0.016988710377768168,-31.336854694040262,-27.51916681253282,-27.791666666666668,-27.791666666666668,-1.7901627486437612,-200.43932584269663,2.1339169061928405,-4.988708857900977,14.433503575076609,0.03480758670215023,2.2639405204460967,2.241486068111455,0.2358319987601385,0.04958677685950419,0.09735349716446118,inf,0.08115590932687322,2.5236363636363635,0.0,3.003747594449509
2016-12-31,-0.1018148748291352,-0.43708371291045556,-0.020258995903655208,-0.01879010653541835,-0.1508282446874314,-0.042653635911876764,-1.0000394218134034,-1.0046335410286198,-1.0051840331778124,-1.0051840331778124,-0.9237458806298059,-0.6210725573377052,0.29868261975236576,-1.8252703391269887,-0.771797688855944,-0.12405600685798257,0.04612756264236895,0.057306590257879764,-0.04987041217289523,-0.2913385826771654,-0.7420327304048234,inf,-0.05457746478873238,-0.1326969384244927,0.22222222222222232,-0.42629461914037803
2017-03-31,-0.016663785223702043,-0.2327933295628265,-0.021742589863182893,0.3196185251501644,-0.013181052778022062,0.03033711105343606,4274.333333333333,36.53276353276353,38.3,38.3,-9.683073229291717,-0.9978887897710378,-0.8896602089787009,-0.8917625671017202,-0.3660672853828306,0.07214092646099357,-0.18617310832879697,-0.17434507678410127,-0.015090853095164669,0.12222222222222223,0.026711185308848195,inf,0.003555104113763363,-0.1793753098661378,0.0,-0.4186436193667872
2017-06-30,-0.01657325273638821,-0.2384914639397987,-0.041366742773262355,-0.16872281458100769,0.00042559756558202544,0.12160989672255029,-0.7170201153906128,-0.6980795506300288,-0.6984732824427481,-0.6984732824427481,1.252592285358772,26.169014084507044,0.6192450360026183,-0.6735858025669466,-0.18848934028730902,0.016343562548900348,-0.014715719063545185,-0.004376367614879584,0.005092468507102543,0.02970297029702973,0.30731707317073154,1.0,0.0172064777327936,-0.04047849202513287,0.0,-0.08388956310679618
2017-09-30,-0.04603366502371431,-0.030709657631407428,-0.03399256595693101,-0.009087436185360565,-0.053988013889849085,0.006712581723810951,4.449373191899711,4.060087994971716,4.0928270042194095,4.0928270042194095,-0.09629902412078806,-2.250129600829445,-0.8778691101828145,-4.523300970873787,0.8183560717104521,-0.018903429988880283,-1.6863543788187374,-1.6373626373626373,-0.04906666666666659,-0.019230769230769273,0.013681592039801238,0.5000000000000002,-0.008291873963515717,0.0,0.09090909090909083,-0.021857923497267784
2017-12-31,-0.005470078861914307,0.12498022308361678,-0.06931301796554945,0.15050585294048924,0.037404756082822566,0.07232977220335624,-1.7890638824986729,-1.7581298288326335,-1.763048881524441,-1.763048881524441,0.39119804400978,0.6498030271615178,2.86355277675616,-0.7182419399283549,0.1268059775531718,-0.18360941586748036,-0.41048466864490596,-0.4172413793103449,0.04449429799962612,-0.13725490196078427,0.0,0.33333333333333326,0.04314381270903023,0.0,0.08333333333333348,-0.022177078042999843
2018-03-31,-0.05340965456866931,-0.43803563423488356,-0.1085163847495102,-0.4094292300037571,-0.02022727919253442,-0.15117542359168767,-1.0916605260628585,-1.1089556640560998,-1.1074918566775245,-1.1074918566775245,-0.2880785002929115,-4.685182857861003,3.957353641123275,-5.021515892420538,-0.4525643847677746,-0.10257368645877829,-0.5184563758389262,-0.5384615384615384,-0.04546268122427066,-0.1477272727272727,0.0,0.25714285714285734,0.03510740621994235,0.0,0.0769230769230771,-0.04838988919667597
2018-06-30,-0.02823123816631301,-0.04529742073733445,-0.052438166819154475,0.05318088033012369,-0.014992831258753503,0.12311756215789327,0.6515204473960154,0.42105263157894735,0.404040404040404,0.404040404040404,-0.14955770417609549,-0.7605633802816901,-0.7536916489045068,-1.8267266536964981,0.6834539605950944,-0.04170881180460517,-0.13937282229965153,-0.10897435897435903,-0.016126007875492232,0.01333333333333342,0.0,0.20454545454545459,0.01362862010221444,0.0,0.0,-0.09351405439825333
2018-09-30,-0.021278022539289454,-0.05955404099152972,-0.04184621277410705,0.0174032292295887,-0.010326556106872942,-0.05159788565055046,-0.9197883597883598,-0.9197883597883598,-0.920863309352518,-0.920863309352518,0.16352201257861632,-0.2821535393818544,0.895922663132455,-1.7159876452419474,-0.29067892756911684,0.10877933689308339,-2.242914979757085,-2.5035971223021583,-0.0040022870211550154,0.11842105263157898,0.0,0.16981132075471694,0.01115355233002302,-0.8264702178566932,0.0,-0.07566482689412946
2018-12-31,-0.04462913860665929,0.12807916100484307,0.01762831190174774,-0.08087421171713283,-0.07649791937913253,0.04302807179015189,112.45382585751979,112.45382585751979,115.63636363636364,115.63636363636364,0.038530838530838496,-3.063293650793651,-0.6883917924256754,-0.36832374691865244,-0.2588601734152707,-0.09485944674655633,-3.4006514657980453,-3.272727272727273,-0.06352851128970538,-0.09411764705882353,1.9509202453987728,0.14516129032258052,-0.03339377455424597,0.0,0.0714285714285714,0.22733687981760942
2019-03-31,-0.0368541944205385,-0.028739537325879527,-0.004907711026118089,0.5449292061663087,-0.05485908582012189,-0.11829301174105944,-0.43998697644131257,-0.43998697644131257,-0.4349181605611847,-0.4349181605611847,-0.17656479380755374,-0.899221078949899,0.6191607284243863,-0.7011382113821139,-0.1043843707405725,-0.09867607027963365,0.4599728629579376,0.4631578947368422,-0.0409685328974253,-0.038961038961038974,0.0,0.130281690140845,-0.018758793184305178,0.0,0.0,-0.37134011499336583
